4032 3024
1375 348 1494 418 334.
1676 387 1839 484 Worb.
1927 465 1967 514 .
1429 436 2037 580 Wyl Niclaus Huser über sittl
1475 512 2027 602 chinnem Mittwuchen erlittne
1455 548 2048 659 gfangenschafft gegen Barbara Brys
1447 586 2035 681 keiner Eheversprechung bekantlich,
1447 634 2038 720 wöllen, vnd sy dieselb nit grundtlich
1453 675 2044 764 erwysen können, ist söliche ungül¬
1455 710 2039 809 tig erkent, und jetwederin zugelaß
1459 748 2039 844 sich anderfahrt synem glück nach zu
1447 791 2043 880 ehlichen, vnd diewyl er aber bekant¬
1452 836 2047 923 lich, sy beschlaffen zu haben, sol er sie
1439 874 2041 954 dry wonen für ire gehebte kindbetti
1444 916 2053 998 vßrichten, vnd darneben allen Zimm, vnd
1436 956 2036 1041 billichen Costen diser sach abtragen
1445 996 2044 1077 Denne von ermelter Vrsach, wie auch
1440 1038 2042 1116 von deßwegen, daß er nach Iren ge¬
1452 1074 2041 1150 hickt, in monats frist ira und
1436 1111 2048 1197 gewohntem vorbehalt) 100 guldin
1428 1151 1869 1236 für den krantz bezalen
1459 1226 1857 1353 Genollier. Bassin.
1423 1346 2025 1432 Piure quisiaz hatt wider Pernette
1439 1403 2023 1465 sonzier syn kurtzlich geehlichete
1432 1436 2013 1502 hußfrauw geklagt, wie übel er
1430 1486 2047 1540 von ira angesetzt und betrogen worden,
1426 1512 2033 1579 In dem sy sich, als er sa genommen
1417 1563 2036 1613 von einem andern schwanger gewüßt
1436 1594 2047 1654 und ungfar einmonat nach dem hoch¬
1423 1630 2040 1696 zyt eines todtnen kinds genäsen, sitt
1423 1667 2049 1730 velicher zyt er kein Euere lybs gemein¬
1429 1707 2026 1772 hafft mitt ira gehept, ob er sy schon
1405 1744 2031 1807 Im huß behalten, damitt man sy zuo
1407 1785 2035 1845 vonnöten wüßte ze finden. Wie dann sy
1408 1829 2031 1884 dessen auch selbs bekantlich, auch nit
1412 1855 2030 1924 widersprechen können, daß der erste,
1411 1896 2030 1965 mitt namen Jean Louys Guillion, sy
1421 1938 2038 2004 beschlafen und ira die ehe versprochen
1423 1973 2032 2036 habe, so geschechen, als sy zu Begnin
1417 2008 2041 2069 by einandern gedienet, wie er selbs
1425 2047 2036 2115 ouch vermeldet, Jedoch darzu gesetzt, das
1425 2087 2042 2153 er von ira gnugsam ledig, vnd sy zu¬
1416 2125 2019 2195 ehlichen nun weder schuldig noch willig
1423 2165 2028 2232 te, wyl sy inne übersechen, und ein¬
1411 2200 2037 2269 andern genommen. Deßwegen beid uff
1399 2250 2014 2312 die schidigung getrungen zu deren
1402 2284 2058 2351 nun nicht sy beidersyts gnugsam gegrün¬
1401 2317 2031 2385 det befunden, wyl sy dem ersten die
1402 2352 2033 2426 Ehe gebrochen, vnd den andern schandt¬
1403 2396 2007 2460 licher wyß betrogen, vnd derhalben sy
1415 2432 2026 2496 von ira ledig erkent, und zet wederun
1419 2476 2037 2541 erloupt, sich anderfahrt one dilation
1379 2511 2026 2591 Zecpehlichen, ouch dem ein vnd andern
2666 308 2763 392 335
2220 402 2772 517 billichen Costen diser sach zuge¬
2114 465 2213 536 imm un
2113 464 2727 580 srochen, und wyl sy also zweyen
2113 503 2741 626 pheißen, vnd sich mitt beiden vermischt,
2208 545 2728 639 hinab gesetzt, vnd Ir sach zur
2652 579 2788 651 worden
2110 597 2662 717 vestraffung für rhat getragen
2291 680 2419 768 Bern
2196 701 2258 779 .
2104 732 2789 843 Er Abraham vnd Verdt ist der vermeinten
2110 781 2732 863 übertrettung deß wider überflußig
2113 818 2717 910 hochzulosten ußgangnen Mandats, son
2101 858 2781 943 derlich in dem er ynen gesten ein zu geringe
2109 896 2778 989 örti gemacht habe, ledig erkent worden.
2553 946 2762 1044 d
2157 1009 2770 1103 Montags den 13. july 1629.
2288 1110 2548 1196 ex Senatu.
2110 1167 2557 1265 Hrren Dachselhoffer, inder
2299 1243 2573 1326 D Ministris.
2112 1299 2740 1404 Hr. Decan Schmid, Herrn Rütimeyer.
2337 1364 2540 1444 Ex civibus
2126 1417 2780 1511 Her Nominer h. von werdt, herren im Hans
2182 1475 2622 1589 Brugke Büren
2126 1576 2809 1658 H Jogel Fry predicant zu Bürger, welcher
2139 1633 2796 1710 für synen bruder Jacob ein bekleidung so
2141 1676 2795 1751 Inshumblickeit und mit nammen gedigt er
2144 1716 2827 1796 gedacht werden mögen h. schryber schmide
2149 1765 2812 1836 feür hauptsum und costen 20 sl bezalen
2174 1800 2837 1882 esprochen und daruff Balthasar Spilmann
2155 1845 2809 1924 etwas hanßen zu zenemmen verzeigt
2171 1893 2809 1970 aber nit richt in ist gewisen worden.
2202 1937 2821 2017 zue synen verspüren und worten stell
2152 1980 2796 2053 doch hil bis verena tag haben überig
2230 2025 2825 2101 wyl er sollen selbige er wüsßen
2102 2051 2808 2146 ufgang ist Schmidli selber uferlegt
2161 2112 2816 2185 er könne dan sy herren Poels kinder erhalt
2153 2154 2787 2232 selbige auch ernempt an der fortel
2154 2197 2782 2292 umb gesetzte 10 gl fürgschlagen syn.
2357 2246 2524 2338 Beri
2538 2257 2590 2317 u
2156 2289 2842 2387 Hans Habold, welcher bekantlich der by
2168 2351 2843 2418 zusame ward ein unehrlich kind erzüget,
2155 2389 2845 2472 uns noch nit ablesst, sol die bestimpter
2182 2433 2619 2505 traff an die hand nemmen
