4032 3024
1317 422 1449 486 470.
1407 521 1939 635 Frytags 30. octobris 1629.
1657 589 1807 676 Exsen.
1479 650 1857 732 Hr Jughr Amman. Ind
1635 707 1790 779 Minist.
1439 749 1511 831 hr
1531 743 1948 851 Langhaus. S. Rütimeyer
1645 820 1744 893 Cit.
1458 878 1917 974 Hr. Monnier. Hr. von Werdt
1533 943 1714 1009 Heimberg
1461 944 1518 1013 Gr
1596 1040 1873 1135 Frutingen.
1445 1121 1965 1200 Margreth Willen, so hieuor den
1457 1183 1952 1235 19. martii 1628 jars von ires
1448 1209 1970 1282 fälers wegen von Hans Rytter
1446 1252 1976 1320 Irem gewesnen Theman gescheiden
1439 1298 1985 1359 worden, Ist uff hütt selbs erschinnen,
1436 1327 1995 1399 vnd In ansechen der E. Zugnuß, wie
1440 1363 1986 1437 ouch Ires anerbietens derbesserung,
1444 1401 1997 1474 Ire erloupt worden, sich anderfart
1452 1434 2002 1508 nach glück zeverehlichen, Jedoch mitt
1452 1487 1776 1567 gewohntem anhang
1480 1561 1946 1663 Nüwenstatt Chillio
1471 1646 1985 1741 ouysa Maurier hatt Abraham
1464 1696 1994 1770 Blancket der Ehe angesprochen.
1466 1741 1972 1816 wyl aber nicht kein volkommen
1462 1747 2011 1853 und absolut ehe verheissung zwüschen
1447 1806 1998 1889 Inen finden können. Er syner mu¬
1450 1838 1995 1917 ter willen vorbehalten, deren es
1450 1866 2002 1965 nun synem fürgeben nach gantz zu
1444 1924 1992 2017 wider, vnd von desselben wegen
1457 1964 2000 2047 sich nit rotunde erlüteren wöllen.
1461 1991 1981 2091 y gütiglich zu ehlichen, sondern
1447 2036 1997 2132 nth. Urteil begert, sind sy von
1439 2073 1985 2167 ein andern ledig erkent, Jedem sich
1437 2119 1986 2211 anderfahrt zetrehlichen erloupt,
1434 2167 1982 2260 vnd Imme, als der diser sach ein
1448 2193 1990 2286 anfenger, der Costen hen zimm und
1442 2214 2022 2339 billigkeit uferlegt, wyl aber sy beide
1456 2269 2024 2372 ein guten Willen zusamen tragend, Ist
1450 2310 2024 2416 die Urteil dem herr landtvogt ver¬
1461 2355 2026 2459 schlossen vberschickt worden, nochmaln
1451 2393 2023 2503 ein versuch ze thun, ob die muter zur
1446 2437 2010 2543 bewilligung bewegt, vnd hiemitt
1443 2450 2049 2592 dise ehrsach zur volzüchung gebracht
1438 2547 1774 2631 ser den möchte etc.
2611 402 2701 481 471.
2068 462 2655 598 Bern. Vingen. Dechingen
2058 590 2640 700 Muter Madlen die hebammen hatt
2077 637 2669 746 vff Ire geführte Klag siniger er¬
2078 679 2642 785 stattung vnd bezalung dessen, was
2072 724 2621 820 hra zu der verglychung zwüschen
2074 756 2681 864 hra vnd Irem abgescheidnen, Bendicht
2077 814 2674 920 ohner dem Amman zytlichen guts halb
2074 851 2707 966 gemacht, gesprochen worden, ein schryben
2081 899 2693 994 aus Chorgricht zu Vechingen erlanget,
2061 950 2587 1055 Inne uffen Montag harzehalten
2274 1025 2471 1109 Bümplitz
2119 1107 2681 1211 die mich beuelch nach har gewisne
2117 1162 2706 1241 Barbli Grad beharret nochmalen
2114 1198 2710 1287 uff Irem fürgeben volkommner zum
2118 1244 2734 1338 freutschafft, und das ira durch die heb
2117 1277 2730 1374 ammen kurtz geschechen sche. In ansechen
2122 1322 2742 1411 nun der vngewißheit derglychen er¬
2117 1358 2728 1464 forschung, vnd das Ir Eheman, ob er wol
2115 1408 2730 1504 verschafft erfunden worden, doch gegen
2114 1459 2715 1539 ira unvermüglich syn möchte. Ist
2120 1500 2734 1577 an die E. geschriben worden, beide zuue
2115 1543 2739 1621 und sy uffen montag widerumb har
2119 1598 2292 1676 zeschicken
2165 1656 2626 1750 Eberdingen Lucern
2138 1735 2714 1825 Hans Meyer, ein soldat, so sich ouch
2150 1784 2729 1863 deß Salpeter grabens angenommen
2141 1824 2706 1898 vnd vmb bewilligung kilchgangs
2148 1860 2718 1929 mitt pronie schynherrin, die er nur
2141 1899 2718 1976 In die War vmbher geführt, vnd
2150 1935 2767 2017 kind by ira gezüget, ist als ein fröm
2154 1979 2722 2067 der fur Rhat gewisen, angehalten
2372 2061 2481 2129 Bern
2168 2123 2771 2218 H Kilchmeyer Gruner, vnd syner huß
2166 2180 2758 2254 frouwen Madlen Müller, die hiem
2170 2210 2746 2284 uor mitt Philip Thommet selig ver¬
2181 2237 2791 2320 ehlichet gsin, irer grossen ehestrytigkeit
2180 2288 2760 2364 halb, daruon sy vil gegen einandern
2180 2332 2773 2408 klagt, ist ein söliche lüterung er
2180 2367 2758 2447 volget, daß so wol sy die elteren
2181 2403 2813 2485 als Ire beidersyts khinder Ire schuldige
2193 2451 2817 2539 pflicht ins künfftig leisten, Insonder
