4032 3024
1491 385 1539 455 4. t
1567 387 2146 502 wißenlach daran nemmen, vnd et
1562 465 2138 550 vas für syn wurde, dasselb dem
1567 497 2128 591 tätig bittlicher wyß erschiessen.
1521 515 1573 577 Sp
1521 554 2136 648 sy solle ouch ira widrumb zuge¬
1581 610 2154 685 stelt werden der empfangnen
1564 652 2153 724 trosses, vnd beneben Ihre eigen¬
1572 693 2142 786 tumblich verblyben, die hochzyt
1565 743 2150 826 lichen Lierden, vnd kleider, was
1556 787 2148 872 erhra vffs hochzyt gegeben, oder
1561 829 1878 914 anmachen lassen.
1562 892 2168 989 hiemitt sol dann H. Freudenrych
1575 957 2145 1012 den In obberuhrter verszeichnuß be¬
1567 1000 2153 1066 griffnen Artzetlohn, Sonderlich
1561 1035 2165 1113 aber was dem Abraham Schnelt¬
1571 1083 2182 1159 li, vnd Matther Huber gehörig, ab¬
1582 1134 2172 1196 richten, ohne deß stätigs entgelten
1581 1172 2164 1244 nuß, vnd also Ires spans wol
1589 1214 2187 1282 geschlicht vnd gericht, ouch gute fründ
1580 1257 2187 1335 und gönner gegen einandern syn und
1581 1299 1740 1381 verblyben.
1598 1351 2181 1447 Welicher Spruch durch den H. Bule¬
1589 1423 2166 1482 hert, neben erklärung, daß er
1605 1458 2160 1520 ynen Tochterman verzigen haben
1609 1491 2166 1570 völle, angenommen, durch den
1607 1533 2170 1605 selben aber zu ein verdanck gezogen,
1605 1582 2199 1664 und zum beschluss inen nicht spruche
1617 1615 1974 1684 elt heimgestelt worden
1715 1650 2196 1742 . novembris hatt Spätting, den spruch
1693 1704 2198 1787 behalten, und jud. in die handt glopt
1591 1719 2202 1860 Mittwuchens 19 Nov. 1628
1665 1818 2004 1918 ph. Casenatu
1641 1894 2107 2003 Venner von Werdt. Ind.
1798 1954 1988 2038 Minist.
1656 1997 1929 2084 zu der an Schmid.
1823 2077 1941 2133 Civib.
1645 2090 2198 2227 hrer Gultzer h. Hirtz her im Hag
1755 2212 2074 2326 Ruderswyl
1672 2277 2208 2423 veter Gerig, so hieuor den 17. Feb.
1674 2329 2180 2465 1623. als die Fälbare person von
1675 2362 2236 2499 Margreth Niderhuser, synem gewese
1675 2407 2217 2543 nen Ehewyb gescheiden worden, hatt
1674 2444 2234 2586 in ansechen mitt gebrachten schyns, vnd
1702 2476 2228 2635 dern eine ein eingen
1679 2519 2225 2704 wechst ein seiner einen
2864 236 2942 301 45.
2257 304 2958 493 Eglischwyl. Büntzenschwyl
2498 414 2646 498 ur
2249 452 2932 608 Maria Kleinerin ist wider Hans
2268 520 2938 646 Rohren iren Eheman, von dem sy by
2258 568 2955 690 vierthalb haren dahar weder vil
2270 618 2911 726 noch wenig vernemmen können, ein
2255 646 2936 777 Ruffbrieff an Cantzel zu Zur ad
2254 716 2762 839 forma, ertheilt worden
2269 800 2773 929 Wolen Arberg.
2275 901 2994 1021 Anvogt schryben, sölle Christen Tom
2289 953 2998 1051 mets tochter, deren oben pag. 36. mel¬
2269 1000 2978 1110 dung geschicht, so lut deß zu predican
2263 1041 2988 1145 bericht) sich zu Ammertzwyl in der
2267 1092 2963 1194 kilchöri Affolteren by Mieli Schütz
2288 1133 2966 1227 hrer muter bruder zu züchen und uf
2286 1183 2963 1285 halten sol, nach forschen lassen, vnd
2269 1239 3003 1334 wann er sy möge betretten, sie gelar¬
2278 1284 2976 1371 sam harschaffen, aber behutsam mitt
2266 1339 2625 1435 der sach vmbgahn.
2479 1413 2634 1499 Worb.
2300 1491 2917 1590 Barbli Rohrer, mitt bystand Hans
2304 1562 2924 1620 Rorers Irer Vatters, hatt verschinnen
2311 1599 2958 1651 Montags wider Michel Stettler
2314 1635 2961 1712 ein ledigen dienstknecht yngewandt
2312 1676 2985 1751 wie daß er sy vermittlist der Ehel
2305 1723 2980 1802 heisung zu synem willen betregt, und
2309 1766 3009 1845 geschwängeret habe, etc. Wyl er aber
2303 1812 3023 1893 über erlittne gfangenschafft, vnd ern
2309 1862 2988 1945 stiges zusprechen, ussert dem byschlaff
2311 1912 2992 1991 nüt bekantlich syn, vnd sich durch deß
2301 1959 2995 2017 Vatters anerpieten, sya zu ehlichen, nit
2311 2003 3009 2066 erweichen lasßen willen, vnd dann sy
2312 2053 3010 2121 ire the ansprach uff inne nit erwysen
2321 2100 2988 2178 können, Ist dieselbe vngültig erkent
2318 2142 3014 2224 vnd Jedes widrumb In die fryheit ge¬
2318 2194 2993 2273 setzt, sich andrist wo zu verehlichen,
2318 2238 2963 2308 So fehr, daß sy biß uff entledigung
2334 2285 2981 2365 hrer lybsfrucht wart, er ira aldann
2318 2310 3033 2396 dieselbe, so sy imme söliche (wie bruch,
2330 2357 3015 2445 lich) bindt ist zu eignen wirt, ab
2323 2403 3016 2477 nemmen, vfersuchen, vnd 3 t. für die
2325 2433 3041 2536 Khindbetti, sampt allem zimm und bill
2333 2483 3024 2568 ichen Cösten diser sach, entrichten. Ouch
2323 2541 3031 2613 darzu 2 lb für den krantz zu mo¬
2341 2571 3045 2661 nats Frist under gethontem vorbhalt
