4032 3024
1398 368 1513 444 376.
1496 419 2052 531 gewüst, und sy mit destmindern
1484 487 2074 587 dem kind zu ehren bringen wöllen s
1472 520 2070 613 dern ouch sich Jetzunder erlüten
1470 559 2058 661 das er urpüttig, sy widerumb für
1470 602 2067 691 syn ehewyb uf und anzenemmen
1459 643 2088 737 dann nicht zu gmüt gführt, was elend
1462 688 2064 764 vnd Vnheils so wol deß Khinds als
1453 721 2070 810 der muter halb ervolgen wurde,
1465 762 2063 847 so man mitt ira nach strenge Rech¬
1464 799 2072 876 tens handlen solte, habend sy das
1462 843 2066 915 milter an die handt genommen, vnd
1444 880 2065 959 hieruff dise the zwüschen ira vnd
1446 924 2077 998 Bendicht Jacob Gutgeheissen, so zu ehr¬
1457 958 2047 1035 licher hußhaltung, vnd sonderlich
1448 999 2067 1076 Inne, daß er sy deß nit entgelten
1434 1033 2062 1119 lasse, vermahnt, sy widrumb vn
1442 1082 2066 1150 vnd ledig glassen. Demnach ge¬
1438 1106 2064 1183 meltem Schumacher ouch erlauft, das
1441 1151 2070 1228 er sich dessen vngehindert andrist wo
1435 1195 2072 1260 verehlichen möge. Inne der straffle¬
1441 1233 2059 1297 dig gezelt, vnd dargegen Imme Iren
1427 1270 2080 1343 Costen, So mitt der gfangenschafft
1433 1305 2078 1374 vnd etlichen schryben ufgangen, uferlegt,
1420 1355 2086 1413 wyl er sich nit zu einer Groß schwage
1440 1386 2056 1454 ern frouwen hette legen, noch sich
1440 1432 2057 1486 mitt ira, vor vnd eh er gwüßt, ob
1426 1465 2058 1530 sy gegen andern Psonen ledig oder nit,
1431 1504 2040 1572 verpflichten sollen, Jedoch nach den
1423 1528 2084 1604 er sich uff syn armut und kleine kindt
1435 1593 2080 1648 entschuldiget, Imme den Costen nachge¬
1432 1621 1560 1683 lassen.
1477 1648 2057 1735 der E. zu Rapperswyl soliches zu¬
1476 1706 2062 1768 schryben, vf das gemelte frouwe
1471 1744 2029 1802 nit wyters gerechtet, sonder diß
1463 1778 2044 1852 ein ußgemachte sach gelaßen, wede.
1449 1823 2085 1916 so fehr er dessen kein Costen habe nthal¬
1478 1963 1952 2051 adrithin. Willisburg.
1432 2039 2032 2124 Marie Sampion hatt wider Iren
1459 2107 2024 2162 Eheman Rudi Blanchow, so sy sitt
1455 2128 2051 2191 5. Jaren daher verlassen, ein Rufbe
1453 2167 2016 2246 an Cantzel zu Endrefin von 3 zu 3
1446 2206 1756 2277 rūchen vß gebracht.
1644 2281 1821 2358 udre fin.
1436 2339 2041 2429 Magdelaine Miller, ein Mittler
1470 2402 2054 2465 hatt zwar Jacob Fontanelle der
1459 2432 2032 2502 Ehe angesprochen, mitt ynwendt
1458 2469 2032 2540 daß er ira verheissen, so sy synes
1442 2501 2060 2574 Willens pflegen, er sy ehlichen, vnd
2729 371 2809 462 377.
2202 431 2808 537 zkilchen führen wölle. Darüber
2200 490 2806 573 er zwar der fleischlichen bywohn¬
2198 522 2807 605 ung, die In synem dienst geschechen,
2189 557 2807 644 der ehe verscheissung aber nit bekant,
2193 606 2791 687 lich gsin, Vnd diewyl sy nun nüt
2177 637 2825 734 bewysen können, Ist dise Ire ansprach
2184 678 2841 773 vfgehept, jedem sich anderfahrt zeu
2187 727 2824 813 etlichen, Insonderheit imme, daß er
2183 775 2835 856 mitt syner siderhar besognen Eheve
2190 809 2825 904 prechung fürfahren möge, erloupt,
2185 859 2811 935 vnd im übrigen erkent worden, daß er
2193 895 2830 972 hra den Costen abtragen, vnd sy
2185 937 2792 1029 alhie vß der gfangenschafft lösen
2184 980 2847 1060 vnd so sy sich schwanger befunde, wie
2190 1021 2856 1107 s aber dißmalen noch kein eigensch.
2190 1069 2821 1145 anzuzeigen gwüßt, sy imme soliches
2188 1117 2620 1195 bÿzigen eröffnen sölle.
2177 1160 2595 1250 Schryben an handtvogt.
2217 1203 2833 1290 Wyl man gemelten sontanelle vff
2208 1265 2830 1331 syn begeren heimgelassen, die straff
2203 1305 2856 1372 ußzestahn, solle er die an Ihm er¬
2197 1354 2321 1418 statten.
2406 1384 2657 1475 höchstetten
2210 1456 2842 1550 Zulaus Moser Zinoß hatt sich wyt
2215 1529 2800 1576 lüffig erklärt, daß imme synes
2214 1554 2822 1620 sohns Steffans Eherheißung gegen
2209 1593 2854 1645 syner dienstmagd Anni Krauwer
2217 1632 2847 1700 gantz widerig, dann er bewysen wölte
2206 1672 2848 1738 das syn müller knecht sy by einem hinder
2200 1713 2863 1772 bschloßner thüren by nacht vnd nebel
2210 1748 2815 1817 gefunden. Vnd die Wyl nun dise
2199 1774 2872 1858 Ehe versprechung Irer beider syts bekant¬
2212 1826 2828 1890 nuß nach conditionali, namlich
2206 1868 2818 1935 uff syner eltern gfallen hin geschechen
2202 1908 2864 1980 denen es aber Zū wider, Ist dise ansprach
2218 1944 2853 2015 ffgehept, het wedern sich anderfahrt ze
2209 1991 2840 2055 Sehlichen, erloupt, Jedoch Stephan zur
2209 2027 2862 2098 behutsamkeit und nüt une syner elten
2224 2071 2862 2135 rhat fürzenemmen, der vatter aber, das
2221 2106 2851 2176 er Inne nun mehr mitt einer ehrlichen Plu
2210 2145 2849 2216 vseche, sonderbar vermahnt, der toch¬
2221 2189 2839 2252 ter Inzimm. vnd billigkeit der Costen
2215 2230 2864 2295 zugesprochen, und zuers erkent worden
2208 2278 2827 2334 so sich etwas strytigkeit in worten
2208 2304 2820 2385 verlüffen, dieselben vfgehept, vnd
2211 2345 2806 2430 keinem theil an ehren schädlich
2213 2385 2444 2455 sein söllint.
