4032 3024
1472 275 1566 359 154
1498 370 2126 484 Shintznach Schafisen.
1829 453 1869 513 .
1880 461 2157 551 Schenckenberg
1515 550 2168 666 Heinrich Byland, dem man siner
1558 617 2172 718 hußfrouwen gut nit under die hendt
1544 665 2170 755 lassen wöllen, hatt begert, das man
1535 706 2177 814 imme eintweders lyb und gut zusamen
1540 748 2159 837 en vertruwen, oder aber Inne von
1534 784 1828 865 ira scheiden sölle.
1826 794 2159 894 Darüber imme ein
1523 830 1995 914 Schryben ertheilt worden
1533 889 2143 1002 Anden Junckern zu Schaffiste
1528 946 2144 1055 Sölle bevordrist Hans Hartmann
1553 997 2143 1095 siner hußfrouwen vogt, dahin halten
1530 1005 2107 1126 das er imme umb alles gut, so er
1523 1079 2128 1166 von derselben wegen zu verwaltung ge
1534 1112 2136 1212 gept, vnuerzogne rechnung gebe,
1532 1152 2138 1242 und demnach imme daselbig vnuer¬
1549 1194 2141 1294 ehrt es wie dann sachen, das es imme
1518 1223 2135 1336 von zu grosser liederligkeit wegen nit
1531 1274 2146 1365 zevertrucken, Inhendige, Vnd die¬
1521 1320 2125 1407 vyl zwüschen Inen beiden von eines
1522 1351 2130 1456 wo gl. zuhaltenden briefs wegen Costen
1520 1398 2136 1480 ufgeloffen, da nich finden, das er
1515 1438 2140 1533 dessen nüt vermag und dahar unform
1518 1476 2154 1579 rlich in die straff gezogen wurde, wyl
1510 1517 2143 1616 nit er, sonder gemelter vogt den brief
1507 1559 2081 1652 ufgerichtet, und imme anstatt bar er
1510 1597 1860 1672 falnen gelts gegeben
1858 1625 2105 1700 sölle er sy
1519 1634 2092 1740 In demselben der billigkeit nach
1515 1669 1734 1744 entscheiden.
1559 1719 2125 1853 den hr. obervogt dessen allerin
1560 1787 2091 1878 verstendigen, uff das er whar
1561 1823 2119 1925 nemme, ob diß schryben syn wür
1567 1851 2122 1962 ckung und volg gewinnen, wie und
1557 1894 2097 2008 ßo das nit gescheche, er nicht zu
1539 1949 2066 2052 unerer nachrichtung berichte.
1553 2004 2036 2140 Arwangen, Thunstelt
1547 2112 2127 2249 Barbara Sägister hatt Hans Her¬
1536 2168 2100 2283 zogen anklagt, das er ira uffrecht
1543 2211 2097 2332 und redlich die ehe versprochen und
1531 2251 2076 2363 durch dasselb mittel sy zu synem
1525 2292 2077 2404 Willen bewegt, vnd beschlaffen
1536 2322 2074 2441 habe. Dessen er zwar nit ab¬
1530 2370 2122 2498 der ehe verheißung aber nit bekent,
1538 2403 1786 2476 lich syn woll
1778 2438 2098 2533 deswegen er
1533 2440 2129 2595 biß uff fryten hinab erkent worden.
2913 325 3022 399 155.
2328 429 2962 534 Oberwyl. Rapperswyl
2301 529 2967 636 An S. Hartmann Etter schryben. Es
2324 598 2959 681 habint zwar nicht des H. Salchlis
2324 640 2980 729 vseichnus yner schulden, vnd für¬
2315 681 2987 768 geschlagner gegenwirtiger und künf¬
2323 719 2965 800 tiger mittlen, dieselben zu bezalen,
2322 763 2969 852 abgehört. Wyl aber der sach dar¬
2324 809 2943 892 mitt nit geholffen, findent nicht
2318 855 2980 919 nochmalen rhatsam syn, das er eint
2316 899 2969 973 weders syner sachen halb ein, vf sech
2307 944 2973 1022 habe, vnd Inne stätig zur bezal¬
2306 986 2983 1061 ung anreitze und antrybe, oder
2324 1021 2959 1092 aber imme nochmalen einen uf den
2321 1068 2960 1152 apitels bruden vordne, der syn zu
2314 1119 2989 1185 kommen ins künfftig zunemme, bevor¬
2324 1157 2989 1234 drist die hußhaltung daruß versorge,
2315 1203 2962 1274 vnd demnach uf dem fürschutz den
2317 1257 2984 1322 gälten bscheid vnd antwort gebe¬
2293 1288 2973 1365 Also auch, das er ohne desselben wüssen
2314 1330 2961 1406 und willen ins künfftig nüt mehr
2298 1376 2959 1445 handlen, tuschen, noch marckten
2324 1417 2978 1490 sölle. Entzwüschen wellind nich
2314 1466 2961 1535 nit ermanglen, die ein vnd anderen
2306 1504 2990 1571 ansprechenden, so für sy kommen, mitt
2306 1547 2980 1632 gmeldung obberuhrter mittlen vnd
2294 1586 2846 1672 ynes erpietens, zur gedult
2848 1607 2980 1680 ses
2299 1626 2485 1699 mahnen.
2527 1697 2650 1783 Gutz
2314 1731 2554 1832 Nydouw.
2667 1763 2810 1839 inns
2606 1779 2662 1843 s
2279 1827 2898 1939 n lvogt und deran schryben
2318 1886 2909 1976 Söllind den jetzigen zu predicant
2311 1929 2938 2009 zu Sutz nochmalen für sich vor¬
2305 1969 2933 2064 deren und imme uf nicht ansechen
2308 2013 2910 2097 beuelchen, daß er sich gegen zu
2300 2060 2932 2137 Bintzis, synes vorfahrn . Witt¬
2306 2105 2955 2176 ven, zur billigkeit (die isone
2303 2142 2949 2218 zwyfel in Irem spruch sie diut
2291 2187 2934 2264 angesechen vnd getroffen haben.
2311 2231 2931 2309 eysen lasse und underwerffe. So
2311 2280 2932 2352 er aber etwas darwider ynzelenden
2325 2318 2912 2409 wölle man imme nit vor seyn, sich
2323 2363 2599 2436 ze verantworten
2340 2422 2909 2534 Coppet. Nüwenstatt.
2348 2503 2930 2594 lande darnek ist uff hütt er¬
2336 2563 2943 2642 schinnen, vnd hatt die Ehe versprochen
2878 2622 2917 2666 u
