4032 3024
1422 371 1532 435 518.
1488 429 2052 580 hres uneinigen und zwyträchtigen
1496 496 2049 628 Ehelebens halb aber habend nicht
1488 532 2060 654 durch obgemelts Widermans, Hans
1486 573 2059 690 Lychmans deß tischmachers, Schribe
1481 623 2040 726 Mühlis Bendicht Kolers deß war
1492 663 2053 768 ners, wie ouch syn Wafen schmidt
1472 696 2037 812 Stieffsohns und syner dienstmagd
1489 743 2028 852 kundtschafft und zügnuß sovil
1481 785 2031 890 erfahren mögen, daß soliches für¬
1466 836 2044 936 nemmlich von synem vertruncknen
1432 873 2050 994 Wesen herfließe, und syn unserung
1460 926 2039 1024 nemme, als welichem er gantz er
1465 973 2029 1068 gäben und wann er dann truncken,
1449 1017 2048 1112 hin schlaff zu reden, vnd vntersch
1457 1051 2019 1149 vmb sich geschlachen gewohnt sye
1445 1092 2020 1185 Weliches sey von Ihm nit lyden
1444 1131 2036 1229 möge, vnd deßweg, wann er also
1436 1176 2020 1262 wute, von Ihm vestande, also
1435 1216 2021 1291 daß sy ein ist by gemelts Mis¬
1436 1258 2025 1333 lis schwiger vbernacht gelegen,
1422 1301 2024 1371 bald in deß Stieffsohns, bald In
1424 1341 2030 1428 der magd gmach und kammer gangen
1411 1384 2022 1454 Wann er sy dann nit neben Ihm ge-
1423 1425 1996 1496 funden, er ouch ufgstanden, sy
1415 1460 2030 1542 gesucht und unwirscher wyß hin¬
1417 1507 2045 1587 ab in syn gmach vnd bett gemahnt.
1677 1559 1820 1636 Cogniten
1423 1587 2009 1680 Wyl sy dißmalen sich nicht verglychen
1439 1650 2003 1712 vnd deß einen werden können,
1413 1678 1986 1747 söllind sy am Mittwuchen Wid
1426 1716 1989 1786 umb erschynen, vnd der ußspruch
1419 1757 1875 1832 biß dahin yngestelt syn
1483 1862 1883 1959 Bern Fryburg.
1412 1953 1926 2038 Agatha Mock hatt wider Iren
1437 2012 1948 2072 eheman Niclaus Grybolet
1436 2038 1981 2105 uff am Cantzel zu Bümplitz vol
1422 2078 1972 2148 fuhrte ruff die schidigung er¬
1425 2118 1948 2193 langet, sampt Zuspruch Con
1439 2152 1783 2226 tens ad formani
2697 415 2795 485 579.
2122 460 2804 612 Mittwuchens. 2. decembris 1629.
2090 565 2585 665 Asen. herr konner Bickhart, ind
2075 634 2702 719 Minist h Langhans, Hr Rütimeyer.
2434 679 2692 752 S. von Werdt.
2084 695 2375 767 Civ. 8. Monnier.
2439 730 2678 795 hr Reinhart.
2396 746 2443 784 .
2162 733 2394 802 8. Heimberg.
2147 843 2661 940 Mostier hinwistenlach
2136 939 2782 1023 Claris Perrin ist lut ir S. Rhats¬
2176 997 2778 1046 beūelchs, mitt einer starcken consuri
2152 1033 2773 1100 vß: vnd ledig glaßen, Ir Costen der
2154 1068 2781 1146 gfangenschafft, wyl sy den nit vermögen,
2145 1120 2774 1196 Jaques Lihand uferlegt, welicher
2151 1161 2786 1240 von er er mitt verwysung gestraft
2137 1216 2250 1281 worden
2219 1225 2459 1320 Ichem
2164 1298 2774 1389 Obwol Maria Bonet über an sy ge
2154 1368 2788 1427 wendte gfangenschafft nochmalen by
2156 1394 2772 1465 Irem vernemmen hart nechtig vbliben. Je¬
2152 1447 2768 1496 doch in ansechen syner Jagues Perollet
2149 1475 2769 1544 beständigen bekantnuß, vnd das so hei¬
2151 1516 2765 1587 tere vmbstand vnd zügnussen verhanden
2150 1567 2782 1623 das die that mitt keinem schÿn der war-
2150 1599 2765 1674 heit mag erneinet werden, söllend sy
2137 1638 2786 1703 beide als vmb ein offnen Ehebruch ge¬
2143 1676 2761 1759 strafft, vnd die E. hernach dessen be¬
2152 1719 2359 1789 richtet werden.
2353 1738 2416 1789 n
2335 1785 2561 1865 Murten
2165 1852 2751 1911 Barbara Weibel hatt wider Hans
2163 1908 2745 1963 Jacob Mäder, Iren eheman, so sich by
2170 1931 2747 1994 anderthalben Jaren, ohne Ire verwillig
2170 1974 2777 2028 ung von ira geüsseret, ein Rufbrief
2169 2010 2780 2060 an Cantzel zu Murtz ußgebracht,
2170 2043 2369 2104 ad formam.
2475 2092 2653 2170 Büver.
2173 2098 2402 2176 Dießbach.
2177 2179 2800 2265 Es habend sich so wyl der H. Sechs schrifft¬
2187 2237 2767 2290 denne der zu predicant vnd Meyer
2184 2269 2755 2317 mundtlich wider Martin Arn, der
2167 2294 2776 2373 sy übermäßigen pflags beschuldiget,
2183 2339 2761 2413 excusiert: darüber zwüschen Inen
2177 2374 2758 2440 erkent, Es solle Arn der 148 batz
2171 2414 2770 2484 zehrgelt sampt zweyer personen her
2176 2452 2774 2518 tinen, so die Chorrichter Imme eben nit
2178 2491 2734 2558 ußtruckenlich geforderet, imme doch
2185 2524 2743 2593 gnugsam andütet und zerstahn geben
2182 2551 2758 2613 daß ers zalen sölte, erlassen syn,
2169 2597 2742 2668 vnd dem Chorgricht allein 5 lb ent¬
