4032 3024
1479 291 1580 366 198.
1570 363 2148 487 der Cleger schuldig vnd gebunden
1566 422 2140 511 imme das verkouffte gut synem
1570 456 2139 552 erpieten nach ledig an die handt
1573 498 2129 593 zugeben, und söliche verschafft zu
1576 558 2137 634 tragen, daß er sich keines ver¬
1563 587 2138 681 fursts zu befahren habe. Vnd den
1568 627 2132 713 nach an dem Imme verzeigten vnd
1563 670 2138 758 abtheilten Bodenzinß die 2. hiner
1571 712 2147 810 ohne deß H. Antwortern entgeltung
1569 761 2123 851 über sich zenemmen, järlich ußzericht
1565 803 2139 894 und ab dem verkouften uff syn ert
1568 845 2133 934 aich zeschlachen, vnd das soliches Im
1547 888 2145 990 Schloß verbar zugeschriben Ende zu¬
1572 936 1767 1000 verschaffen
1567 982 2122 1066 und die wyl sy der kouffsumm halb
1577 1022 2111 1113 by den 68 eronen nit zusammen
1577 1063 2122 1150 stimmend, sölle dieselb an guter
1562 1098 2103 1180 kundtschafft stahn, vnd was
1559 1143 2120 1216 sich derohalben durch dieselbe er¬
1563 1185 2108 1275 finden wirt, by dem sölle es
1570 1229 1737 1299 verblyben
1565 1277 2110 1367 hiemitt der Costen vfgehept, vnd
1570 1322 2104 1411 jeder partii ein Urteil gelt
1572 1359 1844 1435 uferlegt worden.
1852 1379 1909 1440 9
1728 1430 2097 1551 frouwen Cappell
1562 1524 2034 1620 edel an h. Stifftschaffner.
1542 1550 2116 1666 Bartlin Tschannen, und Joseph Hyl
1569 1612 2132 1716 man deß Schmids sohn, vffn Mon¬
1571 1653 1845 1737 tag harze halten
1563 1737 2075 1834 Rugsouw Humiswald.
1790 1817 2020 1879 Affoltere.
1551 1861 2099 1978 Serena Aschliman Ist wider Ca¬
1574 1912 2104 2013 par Yselin iren Eheman, ab dem
1553 1954 2108 2062 sy geklagt, daß er von begangne
1543 1999 2079 2105 diebstälen wegen Landtrümig
1563 2032 2103 2135 worden, ein Rufbrief an Cantzel
1548 2070 2115 2193 zu Affolteren ad forman ertheilte
1569 2137 2074 2277 Kilchberg. Grafenried.
1536 2210 2076 2350 Elßbeth Schumacher hatt wider
1552 2276 2094 2399 Adam Studer, neben byschlaf, auch
1549 2314 2065 2440 die Ehe versprechung geklagt,
1544 2349 2058 2484 dieselbe aber uff syn meinen
1561 2384 2065 2520 icht erwysen können. Deßwege
1585 2424 2094 2563 beide von einandern gscheiden,
1559 2455 2013 2585 Immme der Costen, vnd so sy vnd
1562 2497 2094 2643 ine schwänger, das khind zu¬
2868 261 2954 341 199.
2250 329 2956 461 erzüchen, ouch zu monats frist tra
2253 400 2934 512 vnd er gmeinem vorbehalt 2 lb d
2230 440 2950 550 für den krantz ußgerichten ver¬
2237 483 2928 597 legt, vnd beide alhie In die straf
2237 555 2545 640 erkent worden.
2440 615 2717 711 Oberbalm
2247 697 2893 809 Anni Spani, die sonst als die fäl
2270 763 2891 840 are person vor geschechner ander
2263 798 2915 881 vertiger Sehlichung hette vrloub
2256 851 2932 923 nemmen sollen, Jedoch die Wyl ver¬
2260 895 2891 978 mög schyns, der meister ira gute
2258 935 2911 1018 zugniß gibt, vnd nun sitt irer schi¬
2255 978 2871 1059 digung shar verflossen, ist ira
2244 1022 2890 1096 recht vergünstiget worden, Ir Ehe¬
2253 1068 2892 1146 verheißung mitt Uli Steinacher ze
2252 1115 2907 1180 volziehen, darfür Ire neben
2252 1156 2904 1237 vrteilgelt, als d. vferlegt worden
2413 1254 2705 1337 Otzingen
2234 1318 2904 1404 Bendicht Lohner, der gewesne Amman,
2241 1388 2851 1452 hatt In ansechen syner sachen be¬
2256 1415 2886 1496 schaffenheit, vnd das kein hoffnung
2245 1455 2882 1533 der Rhenung mitt Madlen Meyer
2257 1504 2856 1575 yner abgescheidnen, die Jetzund
2246 1540 2905 1620 hie hebammen ist, verhanden, erloupt
2246 1581 2901 1667 nuß erlanget, sich anderfahrt zu
2240 1628 2904 1707 sehlichen, und die wyl das 1. jur.
2252 1677 2892 1743 gwartzil noch nit fürüber ist
2239 1723 2907 1803 Imme, neben dem Vrteil gelt, 6 lb d
2246 1755 2543 1824 pferlegt word
2234 1850 2732 1951 Kilchberg. Ramsey
2213 1939 2912 2033 diewyl durs Christen uff Barbli Röschen
2241 2008 2912 2075 anklagen den byschlaff verneinet, ob
2252 2036 2870 2112 schon sy imme denselben vnder ougen
2245 2085 2884 2146 erhalten, der Eheversprechung aber ge¬
2241 2125 2869 2193 stendig gsin, jedoch sich mitt dem uß¬
2234 2156 2898 2227 zeschwingen vermeint, das dieselb andrist
2234 2200 2897 2267 nit dann mitt condition vnd vorbe¬
2231 2238 2876 2305 halt syner elteren vnd fründen, und
2237 2292 2872 2353 3 deß meitlis Vatter Imme nit allein
2235 2324 2863 2385 etwas von synem gut dessen er noch er¬
2234 2370 2873 2430 püttig werden lassen, sondern Imme
2235 2406 2878 2477 vor allem ehlichs Recht kouffen sölle,
2222 2439 2860 2510 geschechen sye, Ist er zur bekantnuß
2221 2486 2859 2545 der warheit biß uff montag zugelegt.
2228 2535 2857 2600 vnd Inen zugelassen worden, Inzwüs
2234 2556 2876 2638 erzelte puncten, und was sy zu benen
