4032 3024
1294 408 1427 476 184.
1698 430 1764 498 11
1340 508 1945 645 Frytags 6. novembr. 1629.
1604 584 1855 684 Exsenatu
1406 639 1843 736 Hr Lügherr Amman, ind
1592 705 1773 799 Schlingt.
1397 786 1918 875 Hr Langhans, hr. Rütimeyer
1629 842 1723 932 Lit.
1401 889 1893 989 Hr. Mummer herr von Werdt.
1395 966 1906 1028 H Heimberg. S. Steinhart.
1647 1049 1774 1136 engu
1393 1126 1933 1215 die Eheversprechung zwüschen
1418 1191 1958 1249 Ulrich Kammacher, vnd Margreth
1409 1228 1936 1294 Schläppi, synes Ehe vorfahren
1406 1271 1930 1339 seligen bruders tochter, Ist für
1401 1312 1947 1380 zuläßlich befunden, Inen der kilch¬
1394 1356 1953 1427 gang vergünstiget, und die er dessen
1403 1397 1901 1473 zur antwort berichtet worden.
1604 1484 1755 1573 Vrkele
1425 1532 1938 1629 Hinderwyl. Stafelbach.
1393 1623 1988 1708 Andres Hürtzeler vnd Elsbeth Lüscher,
1405 1692 1945 1753 wyl das meitlin fürgeben, Imme
1401 1727 1951 1791 allein mitt condition syner fründen
1386 1761 1942 1840 willens versprochen, vnd denthaler
1389 1808 1925 1877 abgenommen ze haben, Er ouch selbs
1397 1839 1952 1920 nit ab syn können, denn daß er imme
1392 1888 1931 1965 dieselben zefragen bewilliget, neb
1380 1922 1920 1996 dem er nit vil uff die sach zesetzen
1394 1958 1947 2040 begert, vnd dieselb nun den frun¬
1388 1998 1932 2077 den zuwider vnd mißfellig, sind
1402 2043 1953 2122 H von einandern ledig erkent, vnd
1384 2079 1954 2168 jetwedern, sich anderfahrt zu sehlichen
1386 2125 1971 2201 erloupt, ira aber, wyl sy sich wyt
1387 2174 1945 2251 yngelassen vor und eh sy ire fründ
1393 2215 1938 2283 vnd vnwandterhats gefragt, der
1392 2248 1960 2330 Costen vnd restition deß empfange
1394 2303 1719 2377 nen uferlegt worden.
1472 2363 1952 2462 Nüwenstatt Cudiefin
1435 2424 1975 2531 Jonas Kloir vnd Marie Cham
1452 2493 1978 2565 sion, wyl sy uff angemutete
1438 2526 1978 2603 glüpt und ernstige fürbildung,
1442 2568 1951 2653 nit ab syn können, denn daß
2559 381 2664 449 485
1996 438 2625 596 sy vor und ich sy von Rudi Blanckow
2005 489 2695 624 volkomme schidigung erlanget, fleisch¬
2007 546 2652 678 liche beywohnung by einandern gehept,
2010 584 2705 705 o 8 tag nach dem letsten ruff, die vol¬
1992 634 2694 761 konne beschliessung aber der Eheberedt¬
1998 674 2686 803 nuß am nechsten sambstag nach ußge¬
1998 731 2692 856 brachten Scheidbrieff geschechen sye, habend
1999 768 2691 889 nicht soliche Ire Ehe, als die gentzlich wider
2003 827 2710 929 die satzung nit gutheissen können, sondern
2011 862 2690 979 Bmög derselben vfgehorst, ouch beide In
2010 909 2694 1019 die straff erkent, vnd zum selben endt
2015 961 2712 1062 Jedem ein glubt abgenommen, Jedoch Inen
2010 1009 2712 1101 darby angezeigt, so sy etwas dispensatio
2019 1049 2704 1151 by irer ußzebringen vermeinind und be¬
2032 1098 2671 1180 gerind, nicht inen nit darwider syn
2012 1167 2177 1238 wöllindt.
2021 1198 2673 1294 Was dann die vertüschung und touffung zu
2041 1250 2671 1328 der mäß eines synes hieuor by syner
2037 1285 2677 1365 dienstmagd erzügeten unehlichen khinds
2038 1328 2687 1403 antrifft, hatt er sich darüber wit¬
2048 1366 2678 1448 teüffig vnd also entschuldiget, das nich
2036 1410 2659 1489 wyl das gegentheil nit erwisen, nit
2043 1449 2681 1533 weyter an Ihn setzen können, sonder de
2040 1485 2713 1572 E. beuolchen, vff die Chirnen zeachten,
2049 1537 2698 1609 vnd fals betrettens sy gfenglich anze¬
2050 1579 2704 1656 nemmen, vnd nicht dessen, zu unerer er¬
2059 1622 2646 1705 gründung der warheit zu berichten
2249 1676 2651 1787 Cudefin. Kalnach
2064 1754 2711 1835 Obwol zeanzaulein gut Horgen vber
2071 1788 2731 1870 erlittne gfangenschafft nit gestehn wöllen
2067 1829 2714 1909 Christina Grad der Ehe halb etwas er
2063 1865 2722 1952 heissen ze haben, mitt vmelden, er noch
2079 1910 2692 1981 nit gesinnet seye, sich zeehliche, Jedoch
2064 1941 2736 2029 In ansechen hieuor berührter Kalnach¬
2082 1981 2726 2069 ischen kundtschafft, vnd das sich nit erfunde
2084 2015 2740 2096 er der anden magd, so sich Catharius Valla
2083 2054 2704 2126 man nembset, etwas verheißen, noch ein
2091 2093 2740 2182 söliche frequentation und gmeinschafft, wie
2091 2127 2734 2219 er verargwonet, zu ira gehept habe etc. lut
2075 2171 2737 2259 der K. antwortlichen bericht schrybens, Sind
2086 2210 2708 2315 sy formbtlich zusamen bekent, und zu
2085 2243 2718 2359 fürderlichem kilchgangen vermahnt, wyl
2095 2289 2716 2387 er aber sich nit ergeben, noch geloben
2101 2345 2704 2426 wöllen, Ist er sich besser zu besinnen,
2103 2373 2735 2469 vider hinab in die gmeine gfangensch
2098 2424 2568 2521 zulegen beuolchen worden
