4032 3024
1413 372 1522 440 522.
1485 451 2051 588 kommen lassen wölle, er verbütten
1523 515 2037 638 ye, Inne vmb den vberreste
1489 556 1857 640 gutiglich zu bezalen
1485 601 2024 712 diewyl aber er zu Maser und
1431 641 2027 747 ynes schribens vom 25. maii 1674
1465 675 2038 783 über alles wüssen, das die handt¬
1462 716 2044 827 gschrifft by einecht alhie sich setzt
1470 774 2023 865 ye, ohne vorbehalt versprochen,
1443 810 2021 889 Hunecht hanckhuser, so er imme ein
1430 840 2035 937 Jar lang sambt dem Zinß gestünden
1441 885 2044 974 wölle, gutiglich zubezalen, vnd
1447 940 2026 1017 der sach mitt allem flyß nachzu¬
1432 979 2036 1062 forschen, Ist erkent, vnd Imme zu-
1424 1023 2032 1101 geschriben, das er nun da Zū hin stahn,
1415 1068 2025 1154 und derh Fanck zufer umb die bet
1421 1114 2000 1190 unklagbar machen, wo er dann der
1415 1158 2021 1230 120. mit vergessen möge, die Gelts¬
1418 1217 2032 1286 tags verordneten, als die die handt¬
1412 1257 2001 1333 gschrifft In handen behalten, oder
1402 1299 2025 1386 dem H. Lanckhuser zu stellen söllen,
1402 1356 1785 1432 von Ihn haben sölle.
1464 1445 1952 1539 Biel. Loffingen.
1419 1517 2024 1601 Samuel Zägeli, einem Wullwäd¬
1460 1580 1961 1634 gsell erlourt, mitt Elsbeth
1437 1602 1988 1683 Vogt zu Bollingen kilchenrecht
1435 1656 1558 1716 zethun
1680 1681 1832 1782 Bern
1435 1786 1980 1867 Hans Meyer der Waffenschmid
1428 1847 1996 1910 und Elsbeth Moser, strytig e
1440 1873 1954 1954 seine Ehementschen, sind vff
1428 1914 1986 1992 hütt widerumb versunt und be
1434 1954 1998 2022 vordrist er syn vertruncken wor
1418 1990 1990 2066 sen herbesseren, ira In der stuben
1410 2026 1997 2099 ein Volbett zugestatten, vnd synen
1413 2067 1965 2135 Stiefftochterman. den Lohner,
1412 2114 1950 2180 drissen Zelassen. Sy dann, sich
1413 2153 1964 2229 huer art zu accommodieren, vnd
1420 2184 1948 2259 nit von Jeder gringe vrsach
1392 2228 1984 2300 wegen sich zeusseren, vermahnt,
1409 2270 1947 2340 und im übrigen ires zytlichen
1416 2308 1936 2384 guts halb gesprochen, daß sy
1406 2344 1935 2414 Ime nach gemeinem bruch ir
1393 2378 1937 2458 hab vnd gut uff ein ordenlichs
1394 2423 1922 2499 inventarium hin zu bringen, zume
1388 2440 1991 2538 dessen genoß und theilhafft schaffen,
1392 2495 1967 2572 Also das er soliches Jedoch vnuer¬
1387 2533 1934 2605 stribenlichen houptguts, vnd das
1386 2565 1954 2651 erire ouch ein verzeichnus von
1381 2595 1985 2694 synem gut zu stellt, nutzen, ouch
2714 390 2813 459 523
2160 433 2747 568 diejenigen stuck hußrhats, so sy
2175 502 2746 584 manglen möchten, in gmeiner
2153 524 2775 638 hußhaltung bruchen, den übrig
2141 583 2756 698 vnd Jenigen aber, dessen sy nit
2143 608 2788 724 mangelbar, widrumb in Ir huß
2145 674 2808 772 am stalden führen vnd thun lassen,
2142 720 2791 822 Widerfals halb dann by hieuor¬
2148 767 2807 872 gezügeter Irer Eheberedtnuß vn¬
2145 805 2796 903 beruhrt verblyben und je eins gegen
2142 866 2794 952 dem andern syn schuldige pflicht¬
2134 911 2800 1002 leisten solle, hieneben Ist er vmb
2133 959 2779 1038 syn in irem abwesen verubte fräfnen
2130 1002 2823 1088 hinwegnemmung ires hußrhats en
2136 1042 2775 1123 suniert, imme 5 lb und hrartt
2120 1102 2308 1175 vferlegt.
2124 1141 2764 1224 Was dann Hans Wasens, der dem
2137 1203 2796 1270 waffenschmid bygestanden, wider
2128 1242 2787 1308 h. Hübscher vß gestoßne vngutliche
2122 1279 2763 1347 wort, dardurch er Inne faltschen
2136 1326 2744 1379 berichtens insimuliert, antrifft,
2131 1360 2778 1438 sind dieselben vff erkantnuß, mit
2113 1409 2776 1480 vngebürlichs von Imme ze wüssen, vf
2132 1448 2737 1528 gehept, vnd dem schälter Mod
2110 1496 2398 1574 vferlegt worden.
2154 1605 2334 1696 frytags.
2344 1610 2660 1698 4 decembris 1629.
2336 1677 2476 1739 Exsen.
2146 1722 2586 1810 S. vonner Bickhart. Ind.
2336 1783 2487 1848 Minist.
2161 1839 2655 1928 Hr Langhans S. Rütimeyer
2332 1903 2417 1979 Civ
2160 1931 2654 2014 6. Monnier. H. von Werdt.
2156 1989 2626 2064 H Heimberg. G. Reinhart
2304 2078 2507 2141 Wangen
2145 2129 2752 2203 Wegen durch Weibels habend beide ge
2152 2180 2764 2237 Doctores, dunus vnd fabricius, referiert
2146 2214 2740 2271 daß er für jetzige zyt vnuermüglich,
2136 2248 2731 2315 veliches imme vorbisen lüten anthan,
2139 2279 2725 2339 vnd deßhalben, auch wann es glych vo
2142 2308 2721 2380 natürlichen zufälen were, doch von
2139 2344 2728 2416 synes nun mehr zunemmenden alters wegen
2148 2373 2706 2452 Imme nit wol ze helffen sye, wyl er
2152 2418 2734 2485 chon vil mittel, aber one mitz, ge¬
2155 2443 2741 2521 brucht und selbs kein hoffnung drinne
2310 2482 2725 2549 Wyl aber sy noch nüt
2153 2513 2275 2563 setze
2149 2509 2731 2596 lang by einandern gewohnet, und sy
2147 2546 2736 2633 Ir begeren mitt gächheit desselben
