4032 3024
1436 298 1552 385 184.
1697 316 1898 427 Berrn
1556 413 1902 515 zwüschen alls beht
2073 461 2168 524 einen
1569 456 2168 590 ayeren und Frantz Bachman ist
1565 524 2157 631 deo ira zu stat vermeintlich ge
1572 579 2156 669 nachten lieds erkent, das alles
1556 635 2139 738 deßhalb zwüschen inen ufghept
1551 698 2135 791 jedes habender ehren wol ver
1544 747 2149 863 wehrdt er Bachman derglychen
1555 797 2127 901 achter machens sich müssigen
1537 846 2142 961 sy aber sich zuchtig und ohne erge
1559 903 1948 998 nus verhalten sölle.
1589 976 2037 1107 Dem Bunschitz
1512 1088 2153 1211 H Hanns Rudolph Hüpscher und
1563 1158 2153 1274 gegenparth sind fres schafft stand
1547 1216 2135 1318 und daruff ervolgter ehrrürigen
1505 1270 2146 1365 worten halber widerumb für
1560 1327 2134 1415 den richter, von welchen hielten
1562 1376 2152 1474 ghanndlet worden, alls den ver
1553 1429 2096 1520 weser herr Barthlome Löwen
1572 1490 2129 1598 sich alda entscheiden zelassen
1554 1541 1721 1636 gewisen
1615 1634 2133 1764 öfftigen zum hierachen.
1556 1743 2113 1844 uff erclagen Hans Springens den
1570 1798 2135 1893 er Andres Schwendman zur Zal
1555 1842 2116 1944 nung alhie wegen alls beth Graff
1543 1881 2122 2014 eie gesprochner 12 g nit halten
1568 1947 2137 2058 mögen, ist imme ein schryben an
1540 1995 2098 2114 her sichs zu thun ertheilt imme
1565 2049 2142 2168 amptslücht ze bewillig, die glych
1539 2096 2111 2211 wol in abwesen schwendmans
1535 2143 2101 2273 ußtragen schetzen und vergantz
1558 2204 2132 2336 holff nit synes guts so vill und
1583 2255 2103 2395 weinig umb syn ußstand halt
1536 2287 1742 2385 syn wirt.
2230 510 2271 561 .
2876 299 2991 393 185.
2329 444 2964 546 Lonstags 12. martii 1629.
2285 513 2943 613 ward Gast Chorgricht geschalten
2318 574 2743 668 bus ex Senatu.
2258 639 2967 750 Ir Venner von Werdt. Juct. S. Dachselt.
2478 715 2677 789 Minist.
2244 748 2850 860 Gr der an Schmid, Hr Langhauß
2476 840 2592 919 Civ.
2240 904 2975 1017 hr Sultzer s Hirtz s Fischer im Jag
2475 1016 2749 1129 angnouhe.
2223 1112 2858 1199 H. Forer, predicant daselbst, sampt
2234 1188 2902 1251 Hans Gouweter, vnd Michel Müller
2225 1228 2920 1296 hatt ab Joseich Hundt sperger etliche
2223 1262 2926 1339 vngütliche von dem mitt Elsbeth Bul¬
2221 1305 2902 1386 eren geherten handel har fliessende
2228 1344 2895 1430 vort vnd reden, sonderlich daß er
2229 1403 2903 1474 y dessen gemeint vnd insimuliert, das
2221 1440 2890 1529 sy nicht nit die Warheit zugeschrib
2216 1482 2927 1571 habind, geklagt, vnd vmb hinder sich hal¬
2222 1536 2919 1604 tung synes lestermuls gepatten,
2222 1570 2902 1653 Darüber Inen ein schryben ertheilt
2219 1617 2372 1669 worden
2256 1646 2814 1759 An h landtvogt, vnd die E
2192 1696 2909 1801 das sy die Jenigen personen, von denen der
2225 1755 2878 1839 grund der warheit zu vernemmen,
2224 1796 2885 1885 für sich forderen, vnd ire ussage orden.
2220 1836 2861 1918 lich zu gschrifft verfassen, volgents
2213 1880 2834 1966 nicht den bericht, sampt was sich
2201 1917 2862 2007 sonst wyters von imme wüssen oder
2203 1965 2837 2050 zu erfahrung bringen möchten, als
2187 2020 2833 2090 daß er imme entsassen haben sol, da
2207 2047 2845 2139 häner Inne hinfuhren wöllen, und
2190 2108 2851 2191 ven derglychen, daruß yn verrucht
2176 2142 2853 2220 wesen abzenemmen, vberschiken.
2191 2188 2879 2271 vnd dann hieneben der hr. landtvogt
2198 2234 2628 2299 das hinder zu gelegte gelt
2639 2247 2871 2314 so gemelten
2193 2275 2869 2360 hundtscheiger es noch nit zu synen hand
2187 2330 2861 2415 empfange, biß vff wyteren bscheid
2187 2358 2590 2446 pner behalten solle.
2183 2410 2882 2502 Demnach ist dem h. predicanten von synem
2194 2472 2868 2529 Schryben, sub dato 14. feb uff syn
2179 2504 2863 2594 begeren ein abschrifft erkent worden
