4032 3024
1458 298 1549 377 78
1558 337 2101 430 erkent worden, das imme der se
1557 400 2133 497 meinte ehepfennig wider zu
1550 437 1984 511 gestelt werden solle 1.
1591 557 2114 653 Basel. Schwadernouw
1545 665 2120 756 Jacob Wagner ein stralmacher,
1544 716 2116 781 und Barbli Schnyder, sind be
1553 750 2138 828 schickt, vnd darumb gereformiert
1549 798 2130 861 vorch, daß sy in wärender Cur
1553 833 2128 910 In der Insel alhie, zu grosser
1543 878 2134 947 ergernuß zusamen under ein decki
1548 921 2131 994 geschloffen, und üppigkeit mitt ein¬
1549 969 2117 1044 andern getriben habint, dessen
1574 1011 2146 1083 aber beider syts (ob wol darumb
1547 1047 2105 1118 kundtschafft gnug, deren aber
1551 1090 2109 1155 ein theil nit mehr in der Statt
1550 1133 2119 1204 verhanden) gelougnet, Inmassen sy
1551 1172 2136 1247 sich ouch für ein reine Magd dar¬
1556 1211 2116 1285 stellen dorffen, Vnd die wyl sey
1568 1253 2102 1312 einandern der Ehe bekantlich,
1560 1292 2096 1349 sind sich fürderlicht nach der h.
1562 1327 2139 1410 zyt kilchenrecht ze thun, vermahnt,
1556 1365 2110 1450 vnd hieneben, von erzeigter vn¬
1564 1405 2096 1485 hamhafftigkeit vnd angerichtet
1558 1445 2102 1523 ergnuß wegen, sy biß montag
1557 1492 2105 1564 zinab erkent, Er aber wider
1553 1520 2089 1601 umb zu die zusel, wyl er noch
1553 1560 2092 1643 alda In der Cur gelassen worden
1566 1652 2003 1762 Bern. Straßburg.
1559 1733 2109 1841 Herena Schärer, deß obern lieg¬
1574 1789 2099 1877 lers seligen, tochter, mitt by
1566 1827 2089 1909 stand Gilgien Tutzen, hatt Iren
1568 1860 2139 1957 Eheman Hansen Gan von Straß,
1555 1893 2086 1988 burg ze verruffen begert. Wyl
1563 1940 2113 2033 aber sy sich daselbst mitt imme herren
1556 1973 2082 2077 häblich underglaßen, vnd also Ir
1586 2023 2092 2112 endtrecht vermannet, ist sie ires
1576 2048 2102 2144 begerens abgewisen, vnd Irer
1571 2096 2096 2184 anzeigt worden, sy an denen
1561 2129 2100 2243 orten, da sy beide burg sindt,
1566 2159 1848 2245 hilff suchen solle.
1572 2219 1975 2364 Vuille. Dienstli
1572 2308 1992 2413 Tedel auch predicant,
1578 2353 2110 2475 Cunrad Barst mitt Anna Forster
1605 2390 2136 2540 yner Ehe versprochnen uff künf¬
1579 2430 2097 2566 tigem montag vor der gmeind
1584 2458 1974 2579 ves denselig verlesenen
2928 224 3014 298 79.
2428 302 2663 389 Born
2284 345 3011 491 Ebenmässig ist dem Hans Gruber,
2287 400 3042 521 dem Stattruter ein Ledel an Cantzel
2285 453 3003 565 z Bümplin, alda mitt Apolonia
2284 491 2977 600 Egli sicher Eheklopten den kilchgang
2281 537 2981 651 res nicht, bewilliget worden, So
2295 584 2999 680 ehr, daß ers uff künfftigen
2289 622 2986 724 Montag fürnemen, wo nit, vnd
2288 657 3007 774 ers an einem dem heilige zyt zu¬
2290 709 2961 807 nachen tag, vnd hiemitt wider die
2289 743 2985 853 ordnung thun wölte, abgewisen syn
2305 829 2391 883 olle.
2310 855 2987 966 Reütingl. Grossen dietwyl
2301 968 2957 1068 Vff ablesung Peter Springens, wie
2302 1026 2948 1094 ouch Hans Steimans zu dem er
2294 1058 2967 1130 sich widrumb In die Cur begeben) dem
2324 1103 2943 1175 deran zugeschickten schrybens,
2306 1141 2982 1209 seit thunlich befunden worden, die
2293 1181 2955 1250 selben zubeantwort, sondern den
2288 1221 2932 1294 jenigen, so sy gebracht, einfallig
2287 1257 2948 1327 anzuzeigen, das gemelter Springen
2294 1281 2991 1373 alda zu der fur sye, das lassind nich
2287 1341 2972 1407 geschechen, vnd möge der Meister syn
2284 1389 2952 1465 beß gegen Imme thun, one das sy syn
2289 1432 2932 1499 ur weder gut noch böß als die s
2287 1469 2949 1541 hieuor den fründen nit gerhat noch
2284 1509 2955 1579 mißrhaten, sondern einfaltig zu ihrem
2306 1555 3006 1627 vill gestelt) geheissen haben völlind
2521 1633 2748 1718 Bern.
2299 1692 2988 1774 wüschen Wilhelm felsen, vnd H. Josten
2304 1745 2955 1811 Anderegg Anwalt erkent, da
2306 1783 3004 1849 Er Imme felßen sinem begeren nacht
2294 1821 3003 1896 selbs psonlich mitt bscheid vnd ant¬
2312 1868 2698 1938 vort begegnen sölle
2493 1943 2685 2032 Bern
2321 2022 2922 2102 Anna Jaggi hatt wideriren von
2315 2083 2951 2143 diebstals wegen vstrettnen Ehe¬
2323 2123 2434 2161 man.
2642 2115 2942 2174 Rosenfeldt, ein
2306 2145 2931 2218 Ruffbrieff begert. Es ist aber
2321 2183 2950 2261 soliches für dißmal zugestelt, vnd
2316 2229 2940 2298 thunlich befunden, daß zuuordrist
2329 2266 2931 2338 ynen sachen, vnd ob er etwan ver¬
2310 2298 2970 2391 weisen worden, uff deß grichtschryb
2302 2332 3009 2424 Manual nach geschlagen werden solle
