4032 3024
1524 260 1595 335 96.
1819 333 1964 431 Bern
1571 379 2149 539 Sambstags 10. jan 1629.
1571 500 2208 614 Ulrich Lutenschlacher, dem färber zu
1605 541 2204 654 Marzili, mitt Margreth Schür¬
1615 573 2203 696 meister: denne H. Stattschryber
1586 610 2215 736 Bucher mitt fr Esther Wursteüberg
1597 662 2217 780 erloupt, sich zu Cünitz ehlich ynseg¬
1591 696 1835 774 nen gelassen.
1574 738 2183 863 Zedel an den Verweser daselbs
1569 939 2185 1071 Contags 12. jan 1629.
1774 1012 1994 1097 ex Senatu.
1653 1033 2154 1153 Venner von Werdt und
1812 1114 1986 1190 Minist.
1600 1137 2024 1243 Herr Stephan Schmid
1828 1209 1927 1296 Civ.
1590 1225 2175 1367 Hs. Gultzer Hirtz, Fischer hinttag
1688 1383 2143 1502 Lütwyl. Amerschwyl.
1579 1457 2195 1576 Hs Jacob Heinman ist anzeigt wor¬
1590 1522 2187 1610 den, es wüssind sich nicht wol zu er¬
1592 1568 2175 1654 nneren, daß sy dem ers Pfostito
1589 1594 2180 1693 wrlach kein verpott bewilliget,
1577 1645 2170 1733 als dessen sey ouch nit bemechtiget.
1562 1678 2149 1774 so nun er ein verpott angelegt
1570 1724 2157 1808 musse ers andrist wo vßgebracht
1567 1762 2159 1852 habe. Soliches zuerfahren, sölle
1562 1824 2142 1899 und möge er zu mynem schs
1568 1846 1699 1919 kehren.
1586 1940 2021 2045 St Steffan
1532 2068 2120 2155 Madlen kurtzen, so hievor den
1562 2122 2129 2211 15. Feb. 1626. als die sich von ein
1550 2171 2153 2249 ein andern verfelt vnd geschwenget
1556 2206 2127 2284 befunden, gescheiden worden von
1555 2248 2143 2318 Hans Dritten Irem Theman, hatt
1560 2292 2141 2360 erlouptnuß erlanget, sich wider
1557 2332 2129 2406 umb zu verehlichen, Jedoch mitt
1547 2368 1877 2436 gewontem anhang
1571 2428 2065 2522 Schyholtz Gümligen
1814 2498 2080 2581 Oberspittal
1535 2553 2143 2637 Barbli Buch, so von der Kindbetter
1585 2626 2139 2687 magt alhar geführt worden,
2923 246 3017 318 97.
2323 315 3021 485 hatt fürgeben, Es habe einer von bran¬
2313 381 2966 525 ges by hutterlingen, so alhie by h
2314 394 3038 571 Hans R. Stürler neben ira im dienst
2308 472 3007 616 gsin, ira die Ehe verheissen, vnd ver¬
2303 508 3015 643 meldet, er nur ein schyn holen, vnd syn
2307 555 2971 681 dann zkilchen führen wölle, heisse
2322 605 2995 727 Jacob, habe aber den zunamen fra
2311 650 2982 763 niemaln anzeigen wöllen, der sie
2315 688 3032 808 nun deß Rhinds vatter, so sy alhie tou¬
2308 739 3018 870 fen lassen. Darüber erkent, daß
2317 785 3015 896 sy einmal widerumb sicherlich zu Ob
2304 841 2982 941 spittal geführt, und da gewarsam
2316 890 2992 978 enthalten, entzwüschen H. Lienhart
2304 929 2990 1014 von Werdt durch den H. Venner synes
2304 970 3019 1066 berichts vnd wüssens befragt werden
2323 1047 2415 1106 sölle.
2517 1105 2652 1178 Beri
2296 1166 2942 1260 Als hypolitzo Herret, Wirth zur
2317 1235 2982 1288 Cronen der Rhatstadel, so zuhaltet,
2318 1285 2971 1326 das Ir G. Inne der begerten nachlass¬
2328 1312 2970 1387 ung der von deß zwüschen imme und vle
2314 1359 3010 1429 Henni von Höchstetten ergangnen tuschs
2309 1411 2990 1479 wegen verfalnen confiscatio abgewißen
2315 1452 2980 1507 vnd den bezug derselben ich beuolchen
2312 1488 2989 1559 haben wöllint, vorgelesen worden, hatt
2317 1534 2973 1609 er sich demselben vnderworfen, jedoch
2314 1564 3030 1652 etwas frist vnd termins begert, der¬
2311 1610 2997 1707 über Imme aber kein bescheid ervolget,
2478 1690 2660 1787 Berne
2312 1757 2959 1894 Hans Rudolff Hetzel dem Jungen
2322 1810 2942 1920 paßeten macher ist fürgehalten
2315 1860 2930 1956 worden, wie das er Junge gsellen
2311 1901 2973 2017 vnd sonderlich die zwen, so Im hoch
2316 1932 2984 2049 ligend, unzogen, Inen pasteten und
2301 1979 2970 2101 wyn ufgestelt haben sölle. Darüber
2310 2023 2954 2150 er sich versprochen, nit minder syn
2302 2079 2978 2199 denn das Niclaus Kilchberger vnd syn
2312 2118 2979 2230 gspan etliche mal by imme gessen und
2320 2159 2976 2283 truncken, habe aber nüt von iren un
2313 2202 2989 2326 ehrlichen stucken gewüßt. Nach dem
2317 2259 3025 2397 ers aber gespürt, habe er sy selbs ab¬
2316 2303 3031 2432 gemahnt, vnd sy darüber nit wyter
2317 2337 3008 2476 dulden wöllen, deßwegen ich
2320 2395 2995 2517 in syn versprechen konnen, vnd Inne ver¬
2317 2423 2995 2562 mahnt, sich vor vbertrettung zu er
2306 2464 2995 2625 Mandats by betroüwter straff ze
2319 2508 2428 2593 hüten
