4032 3024
1340 374 1475 461 490.
1660 407 1795 506 Lyß.
1477 492 1973 615 Brugg, Appenzell.
1423 559 1962 688 Barbli Stübli ist wider Hans
1419 629 1977 728 Moser den Wäber, Iren Eheman,
1433 667 1976 760 uff yngelegten schyn vom statt
1425 718 1972 810 halter zu löück, wie das derselb
1429 755 1960 836 sich an ein mutzen gehenckt, mitt
1404 804 1954 881 deren er sich alda huß häblich
1430 838 1992 932 etzen wöllen, vnd volgents, nach
1401 886 1984 965 dem er synes schwybs ansichtig
1388 930 1971 1002 worden, daruon zogen etc. ein Rufbe
1413 968 1926 1037 an Cantzel zu Lyß ertheilt.
1938 984 1975 1029 l
1636 1051 1824 1115 Ranitz.
1433 1087 1944 1181 Chavornay. Waberen
1655 1155 1955 1228 smo Affoltere.
1451 1235 1972 1322 Balthasar Pitten und Mariae
1446 1305 1990 1361 Schoub ist uff hutt erlaupt worden
1435 1343 1991 1398 den, das sy vor der gmeind zu Rü¬
1442 1373 1998 1432 nitz den kilchgang thun mögindt
1476 1479 1866 1555 Bümplin. Berne.
1405 1554 1965 1652 Hans Cyrenträchter hatt wider
1441 1612 1966 1673 H Jacob Cunnier zunamen deß
1423 1656 1983 1724 h von Rothan, ein wytleüffigen
1432 1687 1982 1767 und scharpffen fürtrag zugelegt.
1415 1721 1984 1804 vnd, neben angeklagter streng
1422 1763 2005 1843 procedur dahin zilet, das zu vfrich¬
1429 1815 1974 1881 tung derjenigen summ, darumb die
1410 1852 1985 1930 pildum ergangen, wider Ire
1416 1899 1962 1971 reformion gehandlet worden,
1468 1941 1974 2006 darüber nun herren Cunnier ein
1435 1966 1978 2051 copii begert, die imme auch durch
1423 2015 1940 2098 nich vrteil bewilliget worden
1609 2112 1793 2227 42
2624 392 2708 468 491
2020 467 2619 608 Mittwuchens. II Novemb.
2052 529 2631 643 Ist von wegen des marits
2040 579 2683 692 kein Chorgricht gehalten worden
2037 741 2655 879 Frytags 13. novemb. 1629.
2250 835 2483 902 ex sen
2055 880 2731 984 hr Senner Bickhart und h. zughr Amman
2224 942 2391 1018 Glinist.
2064 998 2620 1095 Hr Langhaus hr. Rütimeyer.
2433 1056 2521 1116 r
2259 1070 2349 1131 Civ.
2061 1099 2729 1204 H. Manner. Er von Weidt. H. Keinhait
2213 1202 2456 1286 Hlider Bipp.
2225 1265 2442 1329 Attiswyl
2041 1303 2736 1416 Diewyl Jacob Meyer, so wol vff noch
2076 1340 2745 1437 zusprechen, als Vrsulte Weibel, syner ehe¬
2081 1420 2706 1482 brüchigen hußfrouwen vmb verzychung
2078 1445 2708 1518 pitten, vnd erbieten der besserung, sich
2063 1489 2730 1560 widrumb begütigen lassen, so fehr das man
2077 1528 2737 1595 Hans Lyser, so mitt ira die Ehe gebrochen,
2071 1569 2719 1639 Imme ab den ougen schaffe, vnd vmb alle
2402 1604 2731 1671 sind sy beide ehelüt
2342 1613 2404 1661 e
2072 1615 2318 1677 Costen verfelle,
2070 1662 2731 1712 wider zusamen bekent, vnd, das sy ehr-
2071 1695 2732 1760 lich mitt einandern hußhalten, sonder¬
2077 1724 2739 1800 lichen aber sy zuue nit mehr also vber¬
2069 1773 2719 1838 sechen wölle, neben abnemmung der glübt
2077 1811 2743 1876 vermahnt, Demnach gut funden worden
2088 1863 2749 1919 Imme wider den Lyser so wyt die handt
2077 1886 2766 1961 zepieten, als die Satzung zu geben vnd er¬
2088 1930 2768 1987 tragen mag, Namlich das demselben gegen
2089 1967 2767 2044 Ira, wie ebenmässig ira gegen Ihm, alle
2077 2005 2729 2084 snere gemeinschafft, in stahn, gahn, essen
2086 2045 2733 2118 und trincken, insumma wie die nammen
2085 2087 2750 2166 haben mag, verpotten, vnd vferlegt sein
2087 2125 2786 2194 sölle, Imme dem Eheman vff strassen, vndt
2098 2166 2729 2243 In gsellschafften, es sie bim wyn oder
2101 2201 2731 2270 andristwo, abzutretten, vnd hieneben
2092 2248 2752 2320 allen von diser sach wegen erlittnen Lo¬
2108 2286 2737 2358 ten abzutragen. Es möchte aber der
2112 2322 2736 2397 hebruch söliches ynsechen und verpott
2094 2366 2754 2432 mutwilliger gefehrlicher wyß übertretten
2094 2399 2761 2482 vnd so soliches gescheche, solle er verleidet,
2100 2455 2766 2521 vnd dem Eheman durch gentzliche verwysung
2106 2482 2758 2559 uß dem dorf, je nach bschaffenheit, wy
2109 2521 2758 2600 ters handt gepotten werden. Als nun
