4032 3024
1378 362 1490 438 366.
1469 472 2059 603 Littwuchens 12 Aug.
1794 548 1865 617 29
1495 605 1567 693 p.
1570 601 1979 699 S. Tachselhoffer. Ind.
1582 669 1893 729 Gr. decan Schmid
1582 694 2014 804 s Im Hag, Hr. Monnier
1673 814 1998 916 Napperswyl.
1496 890 2047 984 Anna Weibel wider Michel
1491 953 2062 1025 Fälman, Iren Eheman, so vnlang
1495 983 2050 1056 nach verrichtem kilchgang, mitt
1497 1027 2048 1102 einer herrsch. Solothurn in das
1494 1067 2034 1136 kriegswesen nach Franckrych
1482 1107 2071 1177 de Rogen etc. ein Pūfbrieff anden
1485 1144 2073 1221 Cantzel zu Rappers Wyl ad forma
1621 1237 1953 1336 Müllenberg.
1466 1333 2050 1425 Elßbeth Thommet, die Iren Eheman
1496 1396 2032 1452 zugebürlicher sachen verklagt, ist
1484 1427 2059 1488 hinder sich für das vnder Chorgricht
1487 1464 2056 1531 gewissen, mitt einem schryben, wo
1471 1500 2051 1571 sy uff die schidigung tringe, sy beider
1485 1531 2061 1603 yts in klag und antwort ze verhören,
1491 1579 2058 1645 volgents mitt bericht wider harze¬
1505 1623 1617 1689 chicken.
1707 1689 1996 1783 chirnen
1485 1766 2076 1859 Wegen der mutwilligen zusamen¬
1503 1832 2068 1897 kunfft vnd dorffeten zu Müleren,
1496 1877 2044 1932 fürnemmlich in Bendicht Pfanders
1483 1905 2036 1981 huß, Ist nechst verschinnen 7 August
1484 1934 2085 2012 uff deß Chorweibels anzeig ein schry¬
1469 1997 2055 2066 ben an den S. predicant daselbst
1488 2037 2040 2100 zu Thurnen abgangen, anordnung
1468 2061 2060 2141 zethun, daß die personen, so da zu¬
1472 2106 2079 2191 samen komment, entdeckt vnd verleidet
1442 2162 2051 2233 Erdint, vnd nun ein große anzel¬
1470 2205 2037 2280 In einem hargeschickten Todel nam
1452 2245 2015 2330 schafft gemacht, deßwege dert
1457 2276 2075 2368 darüber wyter In beuelch geben vor¬
1475 2340 2079 2414 den, die Zeugen, so sy erkennen mö¬
1476 2376 2080 2462 gend, vnder dem fry weibel zu Con¬
1471 2431 2073 2501 storff gesessen syn, harzehalt son¬
1460 2474 1929 2552 derlich gemelten pfander.
2716 345 2814 436 367.
2373 382 2664 480 Lieracheren.
2148 436 2799 547 Anna Graff, die von Ires fälers Weg
2158 467 2844 589 von Ruff Vrfer, wie oben p. 5. zu sech
2158 528 2783 626 gescheiden, Ist bewilligung wider
2148 567 2786 678 fahren, sich anderwertig jedoch vnd
2155 605 2830 711 gmeinem anhang ze sehlichen, und wyl
2150 641 2851 748 das termin noch nit fürüber gsin, ira
2148 691 2857 790 ein zwifach vrteil gelt uferlegt worden
2350 767 2558 858 Signouw
2150 855 2844 952 An herr Gabriel Maser, predicant da¬
2171 911 2861 975 selbst schryben, sölle den H. Burgermeister
2177 944 2838 1025 lanckhuser, umb die summe, die imme vff
2133 989 2862 1062 Nüwenschwandt gelts tag an Imme ver¬
2170 1026 2855 1103 eigt vnd zugeordnet worden, gegen einer
2160 1066 2862 1158 quittantz, oder hinußgebung der handt¬
2166 1115 2595 1195 gschrifft, unklagbar machen
2363 1202 2497 1277 Bern.
2176 1260 2835 1349 er sienhart von Werdt vnd syn frout
2168 1329 2809 1384 habend ob Irem sohn damel durch
2168 1351 2856 1413 ein fürtrag vnderschidenliche vngebür¬
2171 1406 2846 1466 en geklagt. Darüber er, nach syner
2156 1437 2835 1508 mundtlichen verantwortung, dardurch er
2157 1479 2824 1530 den mehrenteil keinet, vnd sich vff
2166 1520 2835 1584 kundtsch berufft, hinab erkent, Ime
2174 1559 2826 1629 umselben biß vffen abend zil ver¬
2159 1598 2823 1677 gönt, vnd der H. Richter angesprochen
2156 1642 2837 1693 worden, mitt hern Abraham synem bruder
2154 1680 2857 1754 vnd Eh. Daniel von Werdt, deß Rhats
2174 1723 2835 1793 ynem Vettern zu reden, ob vnd was ge¬
2177 1771 2818 1834 stalten sy inne vß ein huß, vnd den
2166 1810 2854 1880 elteren ruh geschaffen gesinnet, wo¬
2162 1851 2855 1932 nit, sölle als dann die nachbursch
2158 1888 2396 1962 verhört werden.
2180 2011 2645 2110 Frytags 14 aug 1629
2366 2082 2485 2156 Exsen
2179 2127 2766 2223 Er Dachselhofer. Ind. H. v. Bickart.
2347 2184 2500 2257 Minist.
2201 2219 2788 2325 zu decan Schmid, Hr. Rütimeyer.
2381 2282 2526 2336 iv. des
2527 2280 2576 2354 4
2235 2343 2407 2420 otzwyl
2487 2363 2668 2452 Wynige
2176 2442 2861 2550 Nach dem nechst verschinnen Mittwuchens
2213 2498 2841 2578 Matthys Jäggi der papyrer wider
2213 2529 2822 2625 Margreth Schären syn ehwyb ein
