<?xml version="1.0" encoding="UTF-8" standalone="yes"?>
<PcGts xmlns="http://schema.primaresearch.org/PAGE/gts/pagecontent/2013-07-15" xmlns:xsi="http://www.w3.org/2001/XMLSchema-instance" xsi:schemaLocation="http://schema.primaresearch.org/PAGE/gts/pagecontent/2013-07-15 http://schema.primaresearch.org/PAGE/gts/pagecontent/2013-07-15/pagecontent.xsd">
    <Metadata>
        <Creator>prov=University of Rostock/Institute of Mathematics/CITlab|PLANET AI GmbH/Gundram Leifert/gundram.leifert@planet-ai.de:name=German_Kurrent_XVI-XVIII_M5.2(htr_id=38305)::::v=2.6.7
prov=University of Rostock/Institute of Mathematics/CITlab|PLANET AI GmbH/Tobias Gruening/tobias.gruening@planet-ai.de:name=de.uros.citlab.module.baseline2polygon.B2PSeamMultiOriented:v=2.6.7
prov=University of Rostock/Institute of Mathematics/CITlab|PLANET AI GmbH/Tobias Gruening/tobias.gruening@planet-ai.de:name=/net_tf/LA73_249_0mod360.pb:de.uros.citlab.segmentation.CITlab_LA_ML:v=2.6.7
prov=University of Rostock/Institute of Mathematics/CITlab|PLANET AI GmbH/Tobias Gruening/tobias.gruening@planet-ai.de:name=/net_tf/LA73_249_0mod360.pb:de.uros.citlab.segmentation.CITlab_LA_ML:v=2.6.7
Transkribus</Creator>
        <Created>2021-11-02T15:16:52.028+01:00</Created>
        <LastChange>2021-12-02T15:12:58.824+01:00</LastChange>
        <TranskribusMetadata docId="822509" pageId="30664811" pageNr="224" tsid="69006642" status="IN_PROGRESS" userId="101547" imgUrl="https://files.transkribus.eu/Get?id=UDMUQFUUZHMPHIFGWCTYXRCN&amp;fileType=view" xmlUrl="https://files.transkribus.eu/Get?id=QKJIMHVOFEZATUBPPTVGDZRK" imageId="24124470"/>
    </Metadata>
    <Page imageFilename="Foto 27.10.21, 3 56 26 PM.jpg" imageWidth="4032" imageHeight="3024">
        <ReadingOrder>
            <OrderedGroup id="ro_1687514258057" caption="Regions reading order">
                <RegionRefIndexed index="0" regionRef="r1"/>
                <RegionRefIndexed index="1" regionRef="r2"/>
            </OrderedGroup>
        </ReadingOrder>
        <TextRegion orientation="0.0" id="r1" custom="readingOrder {index:0;}">
            <Coords points="1254,399 1254,2143 1986,2143 1986,399"/>
            <TextLine id="r1l1" custom="readingOrder {index:0;}">
                <Coords points="1243,433 1267,441 1292,432 1304,441 1308,439 1315,448 1330,445 1340,452 1348,448 1367,450 1371,389 1352,389 1343,378 1330,382 1325,375 1303,369 1281,382 1246,388"/>
                <Baseline points="1254,419 1280,420 1306,422 1332,424 1358,426"/>
                <TextEquiv>
                    <Unicode>438.</Unicode>
                </TextEquiv>
            </TextLine>
            <TextLine id="r1l2" custom="readingOrder {index:1;}">
                <Coords points="1576,527 1596,533 1623,528 1630,537 1639,533 1651,539 1673,537 1677,542 1698,533 1715,533 1723,458 1697,464 1681,460 1668,471 1662,464 1641,472 1628,460 1583,454"/>
                <Baseline points="1589,507 1618,506 1648,508 1677,513 1707,518"/>
                <TextEquiv>
                    <Unicode>Berte.</Unicode>
                </TextEquiv>
            </TextLine>
            <TextLine id="r1l3" custom="readingOrder {index:2;}">
                <Coords points="1320,587 1460,580 1566,604 1633,587 1754,620 1915,629 1918,588 1855,560 1768,574 1689,538 1627,535 1593,555 1501,528 1449,540 1418,517 1325,530"/>
                <Baseline points="1331,576 1359,575 1388,576 1416,576 1445,576 1474,578 1502,579 1531,581 1560,583 1588,585 1617,587 1646,590 1674,593 1703,596 1732,599 1760,603 1789,606 1818,610 1846,614 1875,618 1904,623"/>
                <TextEquiv>
                    <Unicode>der zwüschen Felix Stussi und Hanse</Unicode>
                </TextEquiv>
            </TextLine>
            <TextLine id="r1l4" custom="readingOrder {index:3;}">
                <Coords points="1291,626 1618,625 1671,658 1706,633 1737,650 1773,636 1873,678 1910,664 1913,628 1732,615 1658,589 1294,577"/>
                <Baseline points="1301,609 1331,609 1361,609 1391,611 1421,611 1451,612 1481,614 1511,615 1541,617 1571,618 1601,620 1631,622 1661,625 1691,627 1721,630 1751,633 1781,636 1811,640 1841,644 1871,648 1901,653"/>
                <TextEquiv>
                    <Unicode>dem Steinhouwer, bezalung wegen deß</Unicode>
                </TextEquiv>
            </TextLine>
            <TextLine id="r1l5" custom="readingOrder {index:4;}">
                <Coords points="1345,658 1485,656 1544,682 1611,662 1722,694 1861,686 1917,713 1920,672 1773,636 1737,650 1720,632 1639,644 1616,624 1348,623"/>
                <Baseline points="1356,648 1383,650 1411,650 1438,651 1466,651 1493,653 1521,654 1548,655 1576,657 1603,659 1631,661 1659,663 1686,666 1714,669 1741,671 1769,674 1796,677 1824,681 1851,685 1879,689 1907,693"/>
                <TextEquiv>
                    <Unicode>demselben hieuor verlegten Cher¬</Unicode>
                </TextEquiv>
            </TextLine>
            <TextLine id="r1l6" custom="readingOrder {index:5;}">
                <Coords points="1351,705 1548,699 1585,727 1646,704 1747,728 1766,715 1793,738 1888,730 1913,749 1924,715 1846,686 1790,695 1724,675 1709,689 1617,661 1545,681 1484,656 1354,661"/>
                <Baseline points="1362,690 1389,691 1417,692 1444,693 1472,693 1499,695 1527,696 1554,698 1582,699 1609,701 1637,702 1665,704 1692,705 1720,708 1747,711 1775,714 1802,717 1830,720 1857,724 1885,729 1913,734"/>
                <TextEquiv>
                    <Unicode>grichtlichen Costens, erwachsne span</Unicode>
                </TextEquiv>
            </TextLine>
            <TextLine id="r1l7" custom="readingOrder {index:6;}">
                <Coords points="1351,748 1498,736 1530,760 1557,743 1906,775 1907,736 1844,725 1594,697 1353,705"/>
                <Baseline points="1362,737 1388,737 1415,737 1442,737 1468,737 1495,737 1522,737 1548,738 1575,738 1602,740 1629,741 1655,743 1682,744 1709,746 1735,747 1762,749 1789,752 1815,753 1842,756 1869,758 1896,761"/>
                <TextEquiv>
                    <Unicode>Ist also hingelegt worden, das die</Unicode>
                </TextEquiv>
            </TextLine>
            <TextLine id="r1l8" custom="readingOrder {index:7;}">
                <Coords points="1340,783 1386,801 1457,776 1487,796 1583,785 1617,805 1700,785 1750,807 1777,788 1819,812 1846,796 1905,808 1906,774 1884,763 1596,759 1558,743 1529,759 1505,735 1341,746"/>
                <Baseline points="1350,776 1377,776 1404,776 1431,776 1459,776 1486,777 1513,777 1540,777 1568,779 1595,779 1622,780 1649,782 1677,783 1704,783 1731,785 1758,786 1786,788 1813,789 1840,792 1867,792 1895,795"/>
                <TextEquiv>
                    <Unicode>wyl sy beidersyts, einem sonderbar</Unicode>
                </TextEquiv>
            </TextLine>
            <TextLine id="r1l9" custom="readingOrder {index:8;}">
                <Coords points="1342,835 1458,839 1492,817 1589,834 1631,821 1687,845 1729,826 1752,847 1802,830 1914,848 1915,805 1805,808 1777,787 1754,805 1699,784 1621,799 1526,781 1488,795 1456,777 1382,800 1344,782"/>
                <Baseline points="1353,821 1380,819 1408,818 1435,816 1463,816 1491,815 1518,815 1546,815 1573,816 1601,816 1629,818 1656,819 1684,821 1711,822 1739,823 1767,825 1794,827 1822,829 1849,830 1877,832 1905,834"/>
                <TextEquiv>
                    <Unicode>Zwischen Inen gemachten spruch nach</Unicode>
                </TextEquiv>
            </TextLine>
            <TextLine id="r1l10" custom="readingOrder {index:9;}">
                <Coords points="1338,872 1412,857 1495,879 1663,867 1689,888 1744,865 1912,880 1912,845 1823,829 1753,847 1712,825 1675,841 1488,818 1467,838 1338,838"/>
                <Baseline points="1349,861 1376,861 1404,860 1431,860 1459,858 1487,858 1514,858 1542,858 1569,859 1597,860 1625,860 1652,860 1680,861 1707,862 1735,863 1763,864 1790,864 1818,866 1845,867 1873,868 1901,870"/>
                <TextEquiv>
                    <Unicode>der 2 g. zufriden gsin, vnd es allein</Unicode>
                </TextEquiv>
            </TextLine>
            <TextLine id="r1l11" custom="readingOrder {index:10;}">
                <Coords points="1352,906 1388,922 1411,902 1472,924 1517,902 1558,921 1732,905 1764,922 1801,909 1933,926 1934,885 1892,872 1745,865 1689,884 1541,864 1424,882 1353,866"/>
                <Baseline points="1362,899 1390,899 1418,900 1446,900 1474,900 1502,900 1530,902 1558,902 1586,902 1614,903 1642,903 1670,904 1698,905 1726,906 1754,906 1782,907 1810,908 1838,909 1866,911 1894,911 1923,912"/>
                <TextEquiv>
                    <Unicode>von einer maß wyns wegen erwinden</Unicode>
                </TextEquiv>
            </TextLine>
            <TextLine id="r1l12" custom="readingOrder {index:11;}">
                <Coords points="1334,962 1533,945 1633,961 1680,943 1937,970 1938,927 1799,906 1782,922 1732,905 1670,921 1654,904 1468,919 1413,900 1388,922 1335,901"/>
                <Baseline points="1344,939 1373,941 1402,941 1431,942 1460,942 1489,942 1518,944 1547,944 1576,944 1605,944 1635,944 1664,944 1693,944 1722,945 1751,945 1780,946 1809,947 1838,948 1867,949 1896,951 1926,953"/>
                <TextEquiv>
                    <Unicode>lassen, gemelter Steiner dieselben</Unicode>
                </TextEquiv>
            </TextLine>
            <TextLine id="r1l13" custom="readingOrder {index:12;}">
                <Coords points="1337,1003 1524,986 1689,1001 1716,981 1744,1004 1842,989 1885,1008 1932,997 1933,966 1821,946 1565,958 1545,943 1512,961 1338,962"/>
                <Baseline points="1349,978 1377,979 1406,980 1434,980 1463,981 1492,981 1520,981 1549,981 1578,981 1606,981 1635,981 1664,981 1692,982 1721,983 1750,983 1778,984 1807,984 1836,986 1864,988 1893,990 1922,992"/>
                <TextEquiv>
                    <Unicode>angentz erleggen, Stüßi aber, wyl er</Unicode>
                </TextEquiv>
            </TextLine>
            <TextLine id="r1l14" custom="readingOrder {index:13;}">
                <Coords points="1341,1028 1829,1025 1851,1045 1941,1031 1941,997 1882,1009 1841,988 1341,993"/>
                <Baseline points="1350,1022 1379,1022 1408,1022 1437,1022 1466,1022 1495,1020 1524,1020 1553,1020 1582,1020 1611,1019 1640,1019 1669,1019 1698,1019 1727,1019 1756,1020 1785,1020 1814,1022 1843,1023 1872,1024 1901,1027 1931,1029"/>
                <TextEquiv>
                    <Unicode>uch mitt sölichem mitwärtigen stan¬</Unicode>
                </TextEquiv>
            </TextLine>
            <TextLine id="r1l15" custom="readingOrder {index:14;}">
                <Coords points="1345,1075 1435,1062 1480,1081 1531,1058 1650,1061 1684,1082 1740,1062 1887,1088 1952,1078 1952,1033 1346,1026"/>
                <Baseline points="1356,1059 1385,1059 1414,1059 1443,1059 1473,1059 1502,1059 1531,1059 1560,1059 1590,1059 1619,1059 1648,1059 1677,1059 1707,1059 1736,1060 1765,1061 1794,1061 1824,1061 1853,1062 1882,1063 1911,1064 1941,1065"/>
                <TextEquiv>
                    <Unicode>bemuyen dörffen, ein vrteil gelt ent¬</Unicode>
                </TextEquiv>
            </TextLine>
            <TextLine id="r1l16" custom="readingOrder {index:15;}">
                <Coords points="1347,1129 1386,1126 1426,1104 1444,1104 1465,1120 1494,1115 1504,1105 1557,1110 1583,1101 1582,1070 1550,1059 1519,1068 1499,1064 1481,1081 1415,1062 1398,1064 1388,1075 1346,1076"/>
                <Baseline points="1356,1101 1383,1101 1410,1100 1437,1100 1464,1098 1491,1098 1518,1097 1545,1097 1572,1098"/>
                <TextEquiv>
                    <Unicode>richten sölle.</Unicode>
                </TextEquiv>
            </TextLine>
            <TextLine id="r1l17" custom="readingOrder {index:16;}">
                <Coords points="1355,1246 1455,1254 1492,1233 1518,1251 1617,1254 1675,1226 1915,1238 1913,1171 1865,1192 1838,1170 1797,1187 1764,1165 1652,1204 1619,1184 1591,1205 1497,1207 1456,1185 1354,1199"/>
                <Baseline points="1364,1229 1391,1230 1418,1230 1445,1230 1472,1230 1499,1230 1526,1230 1553,1229 1580,1229 1607,1228 1634,1227 1661,1227 1688,1226 1715,1226 1742,1224 1769,1224 1796,1224 1823,1223 1850,1223 1877,1223 1904,1223"/>
                <TextEquiv>
                    <Unicode>Nydouw Humiswald.</Unicode>
                </TextEquiv>
            </TextLine>
            <TextLine id="r1l18" custom="readingOrder {index:17;}">
                <Coords points="1664,1283 1675,1284 1685,1278 1693,1282 1718,1264 1724,1271 1748,1278 1761,1272 1779,1285 1789,1275 1804,1277 1805,1240 1790,1244 1776,1237 1768,1241 1741,1236 1707,1240 1691,1225 1684,1229 1666,1226"/>
                <Baseline points="1676,1263 1705,1262 1734,1263 1763,1264 1793,1266"/>
                <TextEquiv>
                    <Unicode>Bern</Unicode>
                </TextEquiv>
            </TextLine>
            <TextLine id="r1l19" custom="readingOrder {index:18;}">
                <Coords points="1384,1395 1927,1381 1949,1372 1948,1321 1917,1311 1787,1348 1734,1322 1703,1340 1519,1326 1383,1358"/>
                <Baseline points="1395,1385 1422,1383 1449,1382 1476,1382 1504,1380 1531,1380 1558,1379 1585,1379 1613,1379 1640,1377 1667,1377 1694,1377 1722,1376 1749,1376 1776,1376 1803,1374 1831,1373 1858,1372 1885,1370 1912,1368 1940,1367"/>
                <TextEquiv>
                    <Unicode>Caspar Hüglin, Sebastian Rohrs kuge</Unicode>
                </TextEquiv>
            </TextLine>
            <TextLine id="r1l20" custom="readingOrder {index:19;}">
                <Coords points="1379,1431 1454,1412 1586,1408 1626,1427 1644,1412 1673,1428 1723,1405 1944,1407 1953,1374 1377,1390"/>
                <Baseline points="1388,1415 1415,1413 1443,1412 1471,1410 1499,1410 1527,1409 1554,1409 1582,1407 1610,1407 1638,1406 1666,1406 1693,1406 1721,1404 1749,1404 1777,1403 1805,1402 1832,1401 1860,1399 1888,1397 1916,1395 1944,1392"/>
                <TextEquiv>
                    <Unicode>hatt bekent, sich mitt Maria Greber</Unicode>
                </TextEquiv>
            </TextLine>
            <TextLine id="r1l21" custom="readingOrder {index:20;}">
                <Coords points="1376,1470 1412,1450 1564,1459 1612,1439 1697,1459 1757,1438 1858,1453 1972,1435 1970,1392 1624,1425 1375,1423"/>
                <Baseline points="1386,1449 1414,1448 1443,1447 1472,1446 1501,1445 1530,1444 1558,1443 1587,1442 1616,1442 1645,1440 1674,1439 1702,1438 1731,1437 1760,1436 1789,1436 1818,1434 1846,1433 1875,1432 1904,1431 1933,1431 1962,1430"/>
                <TextEquiv>
                    <Unicode>vorm Meyen anklagter massen vergesen</Unicode>
                </TextEquiv>
            </TextLine>
            <TextLine id="r1l22" custom="readingOrder {index:21;}">
                <Coords points="1381,1506 1419,1490 1526,1503 1579,1486 1966,1475 1965,1440 1927,1450 1897,1434 1855,1453 1754,1438 1696,1459 1611,1440 1457,1469 1414,1450 1380,1472"/>
                <Baseline points="1391,1488 1419,1487 1447,1486 1475,1485 1504,1484 1532,1483 1560,1482 1588,1481 1617,1479 1645,1478 1673,1477 1701,1476 1730,1475 1758,1473 1786,1472 1814,1472 1843,1470 1871,1469 1899,1468 1927,1467 1956,1466"/>
                <TextEquiv>
                    <Unicode>ehaben, deß Khinds halb zwar, als wie</Unicode>
                </TextEquiv>
            </TextLine>
            <TextLine id="r1l23" custom="readingOrder {index:22;}">
                <Coords points="1397,1549 1519,1520 1581,1537 1631,1520 1713,1530 1766,1513 1799,1531 1854,1508 1877,1524 1950,1513 1948,1468 1479,1503 1448,1488 1396,1504"/>
                <Baseline points="1407,1524 1433,1522 1460,1521 1486,1520 1513,1518 1540,1518 1566,1517 1593,1516 1620,1515 1646,1514 1673,1514 1700,1512 1726,1512 1753,1511 1780,1511 1806,1509 1833,1508 1860,1506 1886,1506 1913,1503 1940,1502"/>
                <TextEquiv>
                    <Unicode>andere mehr mitt ira zeschaffen gh</Unicode>
                </TextEquiv>
            </TextLine>
            <TextLine id="r1l24" custom="readingOrder {index:23;}">
                <Coords points="1381,1584 1480,1562 1596,1579 1631,1557 1699,1568 1756,1547 1781,1564 1970,1535 1969,1514 1907,1509 1379,1541"/>
                <Baseline points="1391,1565 1419,1562 1447,1561 1476,1559 1504,1558 1533,1556 1561,1554 1589,1553 1618,1553 1646,1551 1675,1550 1703,1550 1731,1548 1760,1547 1788,1545 1817,1544 1845,1543 1873,1540 1902,1539 1930,1536 1959,1533"/>
                <TextEquiv>
                    <Unicode>hetten, zuwenden wöllen, aber nieman</Unicode>
                </TextEquiv>
            </TextLine>
            <TextLine id="r1l25" custom="readingOrder {index:24;}">
                <Coords points="1385,1618 1462,1604 1518,1621 1572,1592 1600,1613 1715,1590 1820,1605 1856,1578 1966,1570 1964,1537 1383,1581"/>
                <Baseline points="1395,1602 1423,1599 1451,1598 1479,1597 1507,1595 1535,1593 1563,1593 1591,1592 1619,1590 1647,1589 1675,1587 1703,1586 1731,1585 1759,1583 1787,1581 1815,1580 1843,1578 1871,1576 1899,1573 1927,1571 1955,1568"/>
                <TextEquiv>
                    <Unicode>angeben vnd namsen können, Weliches</Unicode>
                </TextEquiv>
            </TextLine>
            <TextLine id="r1l26" custom="readingOrder {index:25;}">
                <Coords points="1386,1665 1540,1638 1633,1654 1687,1632 1772,1644 1805,1625 1956,1619 1954,1576 1860,1579 1824,1600 1646,1593 1600,1612 1572,1591 1551,1613 1528,1596 1384,1618"/>
                <Baseline points="1395,1644 1422,1641 1450,1639 1477,1637 1505,1635 1532,1634 1560,1632 1587,1631 1615,1630 1642,1628 1670,1627 1698,1626 1725,1625 1753,1623 1780,1622 1808,1620 1835,1617 1863,1616 1890,1615 1918,1611 1946,1610"/>
                <TextEquiv>
                    <Unicode>s ouch nochmaln widersprochen, ob sch</Unicode>
                </TextEquiv>
            </TextLine>
            <TextLine id="r1l27" custom="readingOrder {index:26;}">
                <Coords points="1389,1700 1453,1702 1486,1677 1757,1663 1783,1682 1972,1657 1966,1608 1778,1642 1582,1638 1387,1668"/>
                <Baseline points="1398,1683 1426,1681 1454,1678 1482,1676 1510,1674 1538,1672 1566,1670 1595,1668 1623,1668 1651,1667 1679,1664 1707,1663 1735,1662 1763,1659 1792,1658 1820,1656 1848,1654 1876,1650 1904,1647 1932,1645 1961,1640"/>
                <TextEquiv>
                    <Unicode>er sy nit ein reine magd gefunden,</Unicode>
                </TextEquiv>
            </TextLine>
            <TextLine id="r1l28" custom="readingOrder {index:27;}">
                <Coords points="1392,1726 1957,1694 1940,1659 1389,1691"/>
                <Baseline points="1401,1719 1428,1717 1455,1714 1482,1712 1510,1710 1537,1709 1564,1707 1591,1706 1619,1705 1646,1703 1673,1703 1700,1701 1728,1700 1755,1699 1782,1697 1809,1695 1837,1692 1864,1690 1891,1686 1918,1683 1946,1677"/>
                <TextEquiv>
                    <Unicode>dann Ire soliches hieuor von einem</Unicode>
                </TextEquiv>
            </TextLine>
            <TextLine id="r1l29" custom="readingOrder {index:28;}">
                <Coords points="1397,1778 1477,1748 1554,1762 1602,1742 1648,1760 1663,1744 1866,1739 1954,1717 1952,1690 1889,1688 1774,1712 1742,1700 1394,1725"/>
                <Baseline points="1406,1751 1432,1749 1459,1747 1486,1745 1513,1744 1540,1742 1567,1740 1593,1740 1620,1738 1647,1736 1674,1734 1701,1734 1728,1731 1755,1730 1781,1728 1808,1726 1835,1723 1862,1721 1889,1719 1916,1715 1943,1712"/>
                <TextEquiv>
                    <Unicode>soldaten zu Basel vermittlist der</Unicode>
                </TextEquiv>
            </TextLine>
            <TextLine id="r1l30" custom="readingOrder {index:29;}">
                <Coords points="1383,1799 1522,1802 1562,1777 1590,1802 1625,1800 1660,1773 1779,1785 1797,1768 1879,1783 1962,1759 1959,1720 1934,1717 1754,1748 1596,1742 1561,1759 1515,1747 1381,1765"/>
                <Baseline points="1392,1793 1420,1789 1448,1787 1476,1783 1504,1781 1532,1779 1560,1777 1588,1775 1616,1773 1644,1771 1672,1770 1700,1769 1728,1767 1756,1766 1784,1763 1812,1763 1840,1760 1868,1758 1896,1756 1924,1754 1952,1751"/>
                <TextEquiv>
                    <Unicode>Ehe verheissung widerfahren sye.</Unicode>
                </TextEquiv>
            </TextLine>
            <TextLine id="r1l31" custom="readingOrder {index:30;}">
                <Coords points="1378,1849 1510,1842 1584,1814 1700,1833 1815,1802 1855,1822 1972,1796 1969,1753 1933,1772 1657,1774 1642,1790 1559,1777 1452,1807 1374,1802"/>
                <Baseline points="1386,1833 1414,1829 1443,1826 1472,1823 1501,1820 1529,1818 1558,1816 1587,1814 1616,1812 1644,1811 1673,1809 1702,1808 1731,1806 1759,1806 1788,1803 1817,1801 1846,1799 1874,1796 1903,1794 1932,1791 1961,1787"/>
                <TextEquiv>
                    <Unicode>Zieruff, In ansechen sy nüt wyters be¬</Unicode>
                </TextEquiv>
            </TextLine>
            <TextLine id="r1l32" custom="readingOrder {index:31;}">
                <Coords points="1389,1884 1534,1853 1660,1861 1685,1843 1769,1843 1797,1866 1840,1837 1860,1853 1891,1834 1908,1848 1977,1834 1975,1793 1386,1841"/>
                <Baseline points="1398,1863 1426,1859 1454,1856 1483,1853 1511,1851 1540,1850 1568,1848 1597,1847 1625,1845 1654,1844 1682,1844 1710,1842 1739,1842 1767,1841 1796,1839 1824,1838 1853,1835 1881,1833 1910,1831 1938,1829 1967,1826"/>
                <TextEquiv>
                    <Unicode>kennen wöllen, sy der gfangenschafft</Unicode>
                </TextEquiv>
            </TextLine>
            <TextLine id="r1l33" custom="readingOrder {index:32;}">
                <Coords points="1382,1915 1506,1891 1572,1913 1598,1893 1735,1901 1812,1877 1837,1890 1970,1859 1971,1834 1804,1857 1768,1843 1677,1845 1659,1863 1534,1854 1380,1881"/>
                <Baseline points="1391,1901 1419,1898 1448,1896 1476,1893 1505,1892 1533,1889 1562,1887 1590,1886 1619,1884 1647,1883 1676,1881 1704,1881 1733,1879 1761,1877 1790,1875 1818,1873 1847,1871 1875,1868 1904,1865 1932,1862 1961,1859"/>
                <TextEquiv>
                    <Unicode>einmal ledig glassen, synethalb aber</Unicode>
                </TextEquiv>
            </TextLine>
            <TextLine id="r1l34" custom="readingOrder {index:33;}">
                <Coords points="1383,1953 1874,1922 1993,1892 1990,1855 1733,1900 1597,1891 1564,1910 1507,1890 1380,1916"/>
                <Baseline points="1391,1940 1420,1937 1450,1935 1479,1933 1509,1930 1538,1928 1568,1926 1597,1925 1627,1922 1656,1921 1686,1918 1716,1917 1745,1914 1775,1913 1804,1910 1834,1907 1863,1904 1893,1902 1922,1899 1952,1895 1982,1890"/>
                <TextEquiv>
                    <Unicode>erkent worden, das er ouch angentz zu</Unicode>
                </TextEquiv>
            </TextLine>
            <TextLine id="r1l35" custom="readingOrder {index:34;}">
                <Coords points="1388,1996 1503,1972 1582,1986 1739,1958 1826,1968 1851,1945 1981,1930 1978,1897 1823,1929 1540,1930 1384,1954"/>
                <Baseline points="1397,1982 1425,1979 1454,1975 1482,1973 1511,1970 1540,1968 1568,1966 1597,1964 1626,1962 1654,1960 1683,1958 1712,1956 1740,1955 1769,1952 1798,1949 1826,1947 1855,1943 1884,1941 1912,1936 1941,1932 1970,1928"/>
                <TextEquiv>
                    <Unicode>yn straff ußstahn und ira neben ab</Unicode>
                </TextEquiv>
            </TextLine>
            <TextLine id="r1l36" custom="readingOrder {index:35;}">
                <Coords points="1394,2027 1560,2011 1611,2027 1628,2009 1780,1991 1855,2007 1878,1984 1946,1991 1986,1973 1972,1931 1910,1951 1854,1943 1833,1966 1596,1971 1583,1987 1557,1968 1391,1995"/>
                <Baseline points="1403,2016 1431,2016 1460,2014 1488,2013 1517,2010 1546,2009 1574,2007 1603,2005 1632,2002 1660,2000 1689,1997 1718,1994 1746,1992 1775,1989 1804,1987 1832,1983 1861,1981 1890,1978 1918,1976 1947,1974 1976,1971"/>
                <TextEquiv>
                    <Unicode>trag ires kein Costens, das khind, so s</Unicode>
                </TextEquiv>
            </TextLine>
            <TextLine id="r1l37" custom="readingOrder {index:36;}">
                <Coords points="1392,2070 1552,2046 1776,2049 1819,2026 1988,2008 1979,1976 1872,2000 1761,1992 1744,2010 1700,1997 1650,2018 1389,2033"/>
                <Baseline points="1401,2058 1429,2055 1458,2053 1487,2050 1516,2047 1545,2045 1573,2043 1602,2041 1631,2039 1660,2037 1689,2036 1717,2034 1746,2031 1775,2029 1804,2027 1833,2024 1861,2021 1890,2018 1919,2014 1948,2010 1977,2004"/>
                <TextEquiv>
                    <Unicode>es imme hernach ordenlich zueignet, ab¬</Unicode>
                </TextEquiv>
            </TextLine>
            <TextLine id="r1l38" custom="readingOrder {index:37;}">
                <Coords points="1400,2103 1537,2105 1560,2087 1596,2105 1835,2061 1904,2085 1933,2056 1997,2045 1994,2008 1729,2049 1653,2041 1630,2061 1553,2046 1397,2069"/>
                <Baseline points="1410,2096 1438,2092 1467,2088 1496,2086 1525,2083 1554,2082 1582,2079 1611,2078 1640,2077 1669,2075 1698,2073 1726,2072 1755,2069 1784,2067 1813,2065 1842,2063 1870,2060 1899,2056 1928,2052 1957,2048 1986,2042"/>
                <TextEquiv>
                    <Unicode>nemmen uferzüchen und 3 f für die</Unicode>
                </TextEquiv>
            </TextLine>
            <TextLine id="r1l39" custom="readingOrder {index:38;}">
                <Coords points="1398,2150 1788,2137 1884,2106 1882,2075 1832,2066 1778,2084 1747,2072 1672,2093 1659,2081 1587,2103 1557,2088 1536,2106 1484,2091 1395,2103"/>
                <Baseline points="1406,2133 1432,2132 1458,2130 1484,2129 1510,2127 1536,2126 1562,2123 1588,2121 1614,2119 1640,2117 1666,2115 1692,2114 1718,2111 1744,2111 1770,2108 1796,2108 1822,2106 1848,2106 1874,2106"/>
                <TextEquiv>
                    <Unicode>kindbettin ußrichten sölle.</Unicode>
                </TextEquiv>
            </TextLine>
            <TextEquiv>
                <Unicode>438.
Berte.
der zwüschen Felix Stussi und Hanse
dem Steinhouwer, bezalung wegen deß
demselben hieuor verlegten Cher¬
grichtlichen Costens, erwachsne span
Ist also hingelegt worden, das die
wyl sy beidersyts, einem sonderbar
Zwischen Inen gemachten spruch nach
der 2 g. zufriden gsin, vnd es allein
von einer maß wyns wegen erwinden
lassen, gemelter Steiner dieselben
angentz erleggen, Stüßi aber, wyl er
uch mitt sölichem mitwärtigen stan¬
bemuyen dörffen, ein vrteil gelt ent¬
richten sölle.
Nydouw Humiswald.
Bern
Caspar Hüglin, Sebastian Rohrs kuge
hatt bekent, sich mitt Maria Greber
vorm Meyen anklagter massen vergesen
ehaben, deß Khinds halb zwar, als wie
andere mehr mitt ira zeschaffen gh
hetten, zuwenden wöllen, aber nieman
angeben vnd namsen können, Weliches
s ouch nochmaln widersprochen, ob sch
er sy nit ein reine magd gefunden,
dann Ire soliches hieuor von einem
soldaten zu Basel vermittlist der
Ehe verheissung widerfahren sye.
Zieruff, In ansechen sy nüt wyters be¬
kennen wöllen, sy der gfangenschafft
einmal ledig glassen, synethalb aber
erkent worden, das er ouch angentz zu
yn straff ußstahn und ira neben ab
trag ires kein Costens, das khind, so s
es imme hernach ordenlich zueignet, ab¬
nemmen uferzüchen und 3 f für die
kindbettin ußrichten sölle.</Unicode>
            </TextEquiv>
        </TextRegion>
        <TextRegion orientation="0.0" id="r2" custom="readingOrder {index:1;}">
            <Coords points="1980,366 1980,2550 2757,2550 2757,366"/>
            <TextLine id="r2l1" custom="readingOrder {index:0;}">
                <Coords points="2488,398 2500,397 2517,413 2525,414 2529,410 2562,413 2578,398 2590,397 2587,338 2575,336 2571,341 2565,335 2547,344 2530,345 2524,345 2514,335 2485,340"/>
                <Baseline points="2498,389 2525,390 2552,388 2579,386"/>
                <TextEquiv>
                    <Unicode>439</Unicode>
                </TextEquiv>
            </TextLine>
            <TextLine id="r2l2" custom="readingOrder {index:1;}">
                <Coords points="1975,623 2057,579 2173,571 2194,548 2235,554 2318,522 2451,508 2476,523 2530,496 2518,430 2494,428 2440,463 2412,445 2387,474 2285,466 2189,483 2158,520 2112,507 2073,531 2033,525 2011,554 1961,542"/>
                <Baseline points="1980,590 2008,584 2036,578 2065,572 2093,565 2121,559 2150,553 2178,545 2206,539 2235,533 2263,528 2292,522 2320,517 2348,513 2377,509 2405,506 2433,504 2462,502 2490,501 2519,501"/>
                <TextEquiv>
                    <Unicode>poris de treibes</Unicode>
                </TextEquiv>
            </TextLine>
            <TextLine id="r2l3" custom="readingOrder {index:2;}">
                <Coords points="2178,604 2196,600 2212,608 2219,600 2226,605 2252,588 2270,599 2303,582 2335,587 2326,539 2299,542 2283,534 2267,535 2255,548 2246,545 2239,553 2230,550 2210,556 2188,550 2170,562"/>
                <Baseline points="2186,596 2213,592 2240,586 2267,580 2294,576 2321,572"/>
                <TextEquiv>
                    <Unicode>ExSen.</Unicode>
                </TextEquiv>
            </TextLine>
            <TextLine id="r2l4" custom="readingOrder {index:3;}">
                <Coords points="1992,714 2030,705 2049,683 2147,683 2160,664 2237,641 2407,629 2396,554 2219,609 2104,603 2072,634 2031,622 1983,659"/>
                <Baseline points="1998,686 2024,680 2051,673 2077,668 2104,662 2130,658 2157,652 2183,648 2210,642 2236,638 2263,634 2289,630 2316,627 2342,624 2369,621 2396,620"/>
                <TextEquiv>
                    <Unicode>geister Armen hat</Unicode>
                </TextEquiv>
            </TextLine>
            <TextLine id="r2l5" custom="readingOrder {index:4;}">
                <Coords points="2157,735 2167,733 2205,703 2218,709 2223,701 2247,707 2259,701 2273,711 2296,700 2284,636 2272,638 2250,655 2233,645 2221,656 2144,667"/>
                <Baseline points="2162,707 2192,703 2222,696 2252,690 2282,686"/>
                <TextEquiv>
                    <Unicode>sslinist.</Unicode>
                </TextEquiv>
            </TextLine>
            <TextLine id="r2l6" custom="readingOrder {index:5;}">
                <Coords points="1984,809 2048,792 2115,800 2195,752 2230,770 2315,771 2396,741 2425,758 2501,727 2493,672 2448,672 2362,703 2341,689 2264,712 2225,700 2128,726 2097,711 2030,749 1977,752"/>
                <Baseline points="1991,789 2017,784 2043,779 2069,774 2095,770 2122,765 2148,760 2174,756 2200,752 2226,748 2253,744 2279,741 2305,738 2331,735 2357,733 2384,730 2410,728 2436,726 2462,725 2489,723"/>
                <TextEquiv>
                    <Unicode>Hr Langhauß. H. Rütimeyer.</Unicode>
                </TextEquiv>
            </TextLine>
            <TextLine id="r2l7" custom="readingOrder {index:6;}">
                <Coords points="2141,831 2153,830 2171,842 2187,840 2196,845 2211,833 2242,833 2234,770 2216,775 2196,763 2182,764 2171,772 2166,768 2152,787 2145,783 2135,785"/>
                <Baseline points="2151,825 2177,823 2203,819 2229,816"/>
                <TextEquiv>
                    <Unicode>Civ</Unicode>
                </TextEquiv>
            </TextLine>
            <TextLine id="r2l8" custom="readingOrder {index:7;}">
                <Coords points="1989,921 2085,890 2225,883 2350,850 2440,842 2494,859 2484,792 2447,781 2396,809 2296,802 2201,845 2150,838 2083,862 2043,853 2016,878 1982,872"/>
                <Baseline points="1997,905 2022,899 2047,895 2073,890 2098,886 2124,882 2149,877 2174,875 2200,871 2225,867 2251,863 2276,859 2302,856 2327,853 2352,849 2378,847 2403,844 2429,840 2454,837 2480,834"/>
                <TextEquiv>
                    <Unicode>G. Monnier. Er von Werdt.</Unicode>
                </TextEquiv>
            </TextLine>
            <TextLine id="r2l9" custom="readingOrder {index:8;}">
                <Coords points="2000,961 2064,947 2088,959 2250,918 2327,927 2395,895 2413,908 2489,900 2483,858 2432,843 2415,858 2379,850 2338,880 2311,863 2204,893 2138,880 2095,911 2036,903 1995,921"/>
                <Baseline points="2007,942 2033,939 2059,934 2085,931 2111,926 2137,923 2163,920 2189,916 2215,912 2242,909 2268,905 2294,902 2320,898 2346,896 2372,893 2398,891 2424,889 2450,887 2477,885"/>
                <TextEquiv>
                    <Unicode>Hr Heimberg. Gr. Reinhardt</Unicode>
                </TextEquiv>
            </TextLine>
            <TextLine id="r2l10" custom="readingOrder {index:9;}">
                <Coords points="2020,1126 2118,1116 2146,1094 2177,1099 2213,1068 2253,1093 2314,1067 2381,1081 2373,1012 2348,1002 2165,1043 2141,1029 2092,1047 2043,1035 2034,1047 2011,1045"/>
                <Baseline points="2027,1100 2053,1096 2079,1091 2105,1088 2132,1086 2158,1084 2184,1081 2211,1079 2237,1076 2263,1073 2290,1070 2316,1067 2342,1063 2369,1058"/>
                <TextEquiv>
                    <Unicode>Belsberg. Dett.</Unicode>
                </TextEquiv>
            </TextLine>
            <TextLine id="r2l11" custom="readingOrder {index:10;}">
                <Coords points="2026,1244 2111,1211 2273,1214 2306,1194 2359,1208 2387,1178 2513,1189 2623,1164 2662,1179 2660,1115 2414,1122 2376,1149 2281,1141 2172,1181 2077,1155 2018,1167"/>
                <Baseline points="2033,1221 2064,1218 2095,1215 2126,1212 2157,1208 2188,1205 2219,1202 2250,1198 2281,1195 2312,1191 2343,1188 2374,1186 2405,1182 2436,1179 2467,1178 2498,1174 2529,1171 2560,1170 2591,1167 2622,1166 2654,1163"/>
                <TextEquiv>
                    <Unicode>deter Eydenbach hatt in S. berichts wyß</Unicode>
                </TextEquiv>
            </TextLine>
            <TextLine id="r2l12" custom="readingOrder {index:11;}">
                <Coords points="2014,1257 2388,1245 2432,1222 2672,1204 2669,1174 2621,1164 2012,1237"/>
                <Baseline points="2025,1257 2056,1253 2088,1250 2120,1245 2152,1242 2183,1239 2215,1236 2247,1233 2279,1230 2310,1227 2342,1224 2374,1221 2406,1218 2437,1216 2469,1212 2501,1211 2533,1208 2564,1205 2596,1202 2628,1199 2660,1196"/>
                <TextEquiv>
                    <Unicode>Vemeldet, das die Weilgschrifft, so er dem</Unicode>
                </TextEquiv>
            </TextLine>
            <TextLine id="r2l13" custom="readingOrder {index:12;}">
                <Coords points="2032,1308 2135,1290 2168,1309 2319,1264 2396,1276 2454,1256 2527,1266 2545,1245 2630,1252 2650,1244 2646,1201 2028,1265"/>
                <Baseline points="2040,1293 2071,1290 2103,1287 2134,1283 2166,1280 2197,1277 2229,1274 2260,1270 2292,1267 2323,1265 2355,1262 2386,1258 2418,1256 2449,1253 2481,1250 2512,1248 2544,1245 2575,1243 2607,1239 2639,1238"/>
                <TextEquiv>
                    <Unicode>Peter Meyer, gewesnen Amman zu Belp</Unicode>
                </TextEquiv>
            </TextLine>
            <TextLine id="r2l14" custom="readingOrder {index:13;}">
                <Coords points="2028,1351 2121,1353 2157,1324 2199,1335 2415,1299 2657,1298 2652,1245 2578,1265 2545,1245 2527,1266 2348,1285 2320,1265 2168,1309 2090,1292 2025,1315"/>
                <Baseline points="2037,1338 2067,1335 2097,1333 2128,1330 2158,1327 2189,1323 2219,1320 2249,1317 2280,1312 2310,1310 2341,1306 2371,1304 2401,1300 2432,1298 2462,1295 2493,1292 2523,1289 2553,1287 2584,1285 2614,1284 2645,1283"/>
                <TextEquiv>
                    <Unicode>verkoufft, 3000 lb minder 10 ß, alle</Unicode>
                </TextEquiv>
            </TextLine>
            <TextLine id="r2l15" custom="readingOrder {index:14;}">
                <Coords points="2041,1384 2317,1375 2356,1351 2451,1365 2557,1334 2597,1347 2653,1328 2651,1303 2525,1294 2486,1316 2415,1300 2384,1322 2340,1311 2205,1338 2164,1323 2130,1351 2039,1362"/>
                <Baseline points="2051,1376 2080,1374 2110,1371 2139,1369 2169,1366 2198,1363 2228,1361 2257,1358 2287,1355 2316,1352 2346,1349 2376,1346 2405,1343 2435,1340 2464,1338 2494,1334 2523,1333 2553,1331 2582,1328 2612,1326 2642,1325"/>
                <TextEquiv>
                    <Unicode>jar 200 lb. zalung zu erleggen, Junge,</Unicode>
                </TextEquiv>
            </TextLine>
            <TextLine id="r2l16" custom="readingOrder {index:15;}">
                <Coords points="2036,1435 2383,1391 2400,1406 2509,1403 2569,1370 2627,1369 2623,1335 2558,1334 2452,1365 2405,1350 2375,1372 2291,1377 2216,1359 2131,1396 2086,1379 2032,1393"/>
                <Baseline points="2045,1418 2073,1415 2102,1412 2130,1410 2159,1407 2187,1404 2216,1401 2244,1400 2273,1396 2301,1394 2330,1391 2358,1389 2387,1386 2415,1383 2444,1381 2472,1379 2501,1376 2529,1374 2558,1371 2586,1368 2615,1365"/>
                <TextEquiv>
                    <Unicode>halten, Imme darumb in gelt vnd</Unicode>
                </TextEquiv>
            </TextLine>
            <TextLine id="r2l17" custom="readingOrder {index:16;}">
                <Coords points="2038,1473 2305,1434 2460,1447 2530,1411 2649,1405 2644,1360 2515,1399 2385,1394 2348,1416 2262,1399 2034,1437"/>
                <Baseline points="2046,1458 2075,1455 2105,1453 2134,1450 2164,1447 2194,1445 2223,1442 2253,1439 2283,1437 2312,1434 2342,1432 2372,1429 2401,1427 2431,1423 2461,1421 2490,1418 2520,1415 2550,1411 2579,1409 2609,1405 2639,1403"/>
                <TextEquiv>
                    <Unicode>schulden 1800 lb. versprochen, daran</Unicode>
                </TextEquiv>
            </TextLine>
            <TextLine id="r2l18" custom="readingOrder {index:17;}">
                <Coords points="2032,1512 2228,1506 2271,1478 2362,1495 2418,1469 2687,1449 2683,1410 2646,1405 2459,1444 2164,1445 2129,1471 2029,1475"/>
                <Baseline points="2040,1497 2071,1494 2103,1492 2135,1490 2167,1487 2198,1484 2230,1481 2262,1478 2294,1475 2325,1473 2357,1470 2389,1469 2421,1466 2452,1463 2484,1460 2516,1457 2548,1454 2579,1452 2611,1449 2643,1448 2675,1445"/>
                <TextEquiv>
                    <Unicode>imme 100 lb die er Wydenbach imme ze thun</Unicode>
                </TextEquiv>
            </TextLine>
            <TextLine id="r2l19" custom="readingOrder {index:18;}">
                <Coords points="2025,1549 2236,1544 2271,1520 2331,1534 2368,1512 2497,1526 2702,1485 2700,1450 2022,1514"/>
                <Baseline points="2034,1535 2066,1533 2099,1531 2132,1529 2165,1527 2198,1524 2231,1523 2263,1520 2296,1518 2329,1515 2362,1512 2395,1509 2428,1506 2461,1503 2493,1501 2526,1497 2559,1494 2592,1491 2625,1488 2658,1485 2691,1482"/>
                <TextEquiv>
                    <Unicode>vnd schuldig gsin, abgahn lassen, zu bar¬</Unicode>
                </TextEquiv>
            </TextLine>
            <TextLine id="r2l20" custom="readingOrder {index:19;}">
                <Coords points="2038,1597 2491,1548 2566,1565 2607,1537 2672,1536 2668,1491 2631,1513 2365,1513 2344,1538 2277,1520 2242,1544 2141,1533 2106,1555 2034,1554"/>
                <Baseline points="2046,1578 2076,1577 2107,1574 2138,1571 2169,1569 2199,1566 2230,1564 2261,1562 2292,1560 2322,1557 2353,1556 2384,1553 2415,1550 2445,1548 2476,1545 2507,1543 2538,1540 2568,1537 2599,1534 2630,1532 2661,1527"/>
                <TextEquiv>
                    <Unicode>ein gelt 300 lb. erlegt. Item 1 vaß</Unicode>
                </TextEquiv>
            </TextLine>
            <TextLine id="r2l21" custom="readingOrder {index:20;}">
                <Coords points="2039,1636 2158,1634 2207,1612 2282,1629 2319,1604 2551,1604 2672,1576 2669,1536 2550,1567 2485,1549 2414,1577 2298,1562 2037,1604"/>
                <Baseline points="2049,1622 2079,1617 2110,1614 2140,1611 2171,1609 2201,1607 2232,1605 2262,1602 2293,1601 2323,1599 2354,1598 2385,1596 2415,1595 2446,1593 2476,1590 2507,1588 2537,1585 2568,1582 2598,1579 2629,1574 2660,1569"/>
                <TextEquiv>
                    <Unicode>mitt wyn, die maß N 46 gerechnet</Unicode>
                </TextEquiv>
            </TextLine>
            <TextLine id="r2l22" custom="readingOrder {index:21;}">
                <Coords points="2044,1682 2130,1662 2160,1681 2201,1657 2250,1674 2333,1640 2543,1651 2674,1622 2671,1589 2628,1578 2491,1610 2412,1603 2371,1621 2318,1605 2242,1629 2208,1611 2159,1636 2040,1637"/>
                <Baseline points="2052,1662 2082,1659 2113,1658 2143,1654 2174,1652 2205,1650 2235,1647 2266,1646 2296,1642 2327,1640 2358,1638 2388,1636 2419,1633 2449,1631 2480,1628 2511,1626 2541,1623 2572,1622 2602,1618 2633,1616 2664,1614"/>
                <TextEquiv>
                    <Unicode>vnd das vberig an verzeigten schulden</Unicode>
                </TextEquiv>
            </TextLine>
            <TextLine id="r2l23" custom="readingOrder {index:22;}">
                <Coords points="2046,1717 2234,1690 2338,1706 2433,1671 2486,1688 2698,1653 2673,1620 2043,1682"/>
                <Baseline points="2055,1706 2086,1703 2118,1699 2149,1697 2181,1694 2213,1691 2244,1688 2276,1685 2307,1683 2339,1680 2371,1678 2402,1674 2434,1672 2465,1669 2497,1667 2529,1665 2560,1662 2592,1659 2623,1656 2655,1655 2687,1652"/>
                <TextEquiv>
                    <Unicode>gegeben, die er bißhar wister nit be¬</Unicode>
                </TextEquiv>
            </TextLine>
            <TextLine id="r2l24" custom="readingOrder {index:23;}">
                <Coords points="2042,1766 2487,1717 2598,1728 2713,1706 2709,1655 2468,1690 2436,1670 2300,1712 2038,1721"/>
                <Baseline points="2051,1748 2083,1745 2116,1742 2148,1739 2181,1736 2214,1732 2246,1730 2279,1727 2311,1725 2344,1722 2377,1719 2409,1717 2442,1714 2474,1712 2507,1709 2540,1706 2572,1704 2605,1701 2637,1698 2670,1696 2703,1694"/>
                <TextEquiv>
                    <Unicode>züchen mögen, dann daß imme noch by 40 lb</Unicode>
                </TextEquiv>
            </TextLine>
            <TextLine id="r2l25" custom="readingOrder {index:24;}">
                <Coords points="2053,1813 2078,1815 2122,1797 2163,1808 2233,1803 2256,1788 2279,1791 2309,1778 2306,1741 2280,1733 2265,1741 2235,1735 2204,1754 2169,1744 2144,1767 2118,1754 2102,1762 2049,1760"/>
                <Baseline points="2061,1788 2087,1787 2113,1785 2139,1783 2165,1782 2192,1780 2218,1778 2244,1775 2270,1772 2297,1769"/>
                <TextEquiv>
                    <Unicode>ußstendig sye</Unicode>
                </TextEquiv>
            </TextLine>
            <TextLine id="r2l26" custom="readingOrder {index:25;}">
                <Coords points="2060,1865 2202,1874 2718,1809 2713,1756 2686,1756 2550,1793 2403,1776 2367,1808 2289,1782 2210,1816 2056,1812"/>
                <Baseline points="2070,1859 2101,1857 2133,1856 2165,1855 2197,1853 2229,1851 2260,1850 2292,1846 2324,1843 2356,1841 2388,1839 2419,1836 2451,1832 2483,1829 2515,1826 2547,1823 2578,1819 2610,1817 2642,1813 2674,1809 2706,1806"/>
                <TextEquiv>
                    <Unicode>Wolffgang Hofman, der schryber zum guten¬</Unicode>
                </TextEquiv>
            </TextLine>
            <TextLine id="r2l27" custom="readingOrder {index:26;}">
                <Coords points="2076,1900 2214,1905 2505,1859 2700,1856 2710,1804 2640,1829 2074,1876"/>
                <Baseline points="2085,1890 2115,1889 2146,1889 2177,1887 2208,1886 2239,1884 2270,1882 2301,1879 2332,1876 2363,1873 2394,1870 2424,1867 2455,1864 2486,1861 2517,1857 2548,1854 2579,1852 2610,1849 2641,1846 2672,1843 2703,1842"/>
                <TextEquiv>
                    <Unicode>brunnen, gibt diser sach halb sölichen bericht,</Unicode>
                </TextEquiv>
            </TextLine>
            <TextLine id="r2l28" custom="readingOrder {index:27;}">
                <Coords points="2063,1939 2688,1885 2685,1853 2642,1850 2329,1880 2308,1897 2272,1883 2214,1904 2060,1897"/>
                <Baseline points="2073,1926 2103,1925 2133,1924 2163,1922 2194,1920 2224,1919 2254,1916 2284,1914 2315,1913 2345,1909 2375,1907 2405,1904 2436,1902 2466,1899 2496,1896 2526,1893 2557,1890 2587,1887 2617,1883 2647,1880 2678,1877"/>
                <TextEquiv>
                    <Unicode>das anders nüt an Ihn gemutet vnd begert,</Unicode>
                </TextEquiv>
            </TextLine>
            <TextLine id="r2l29" custom="readingOrder {index:28;}">
                <Coords points="2064,1974 2492,1948 2715,1912 2707,1873 2386,1925 2061,1937"/>
                <Baseline points="2073,1964 2104,1961 2136,1959 2167,1957 2199,1954 2231,1952 2262,1949 2294,1947 2325,1944 2357,1942 2389,1938 2420,1936 2452,1933 2483,1930 2515,1927 2547,1924 2578,1921 2610,1918 2641,1914 2673,1910 2705,1907"/>
                <TextEquiv>
                    <Unicode>worden, denn daß er den abzug der Zinsen</Unicode>
                </TextEquiv>
            </TextLine>
            <TextLine id="r2l30" custom="readingOrder {index:29;}">
                <Coords points="2060,2012 2117,2025 2138,2004 2497,1983 2526,1963 2719,1945 2716,1910 2463,1951 2138,1961 2058,1985"/>
                <Baseline points="2070,1998 2103,1998 2137,1995 2170,1994 2204,1992 2238,1989 2271,1986 2305,1983 2339,1980 2372,1976 2406,1973 2439,1970 2473,1966 2507,1962 2540,1959 2574,1955 2608,1952 2641,1948 2675,1944 2709,1941"/>
                <TextEquiv>
                    <Unicode>den sich der belouffen möge, rechnen sölle, wie</Unicode>
                </TextEquiv>
            </TextLine>
            <TextLine id="r2l31" custom="readingOrder {index:30;}">
                <Coords points="2079,2048 2354,2033 2523,1996 2683,1998 2729,1983 2726,1947 2075,2011"/>
                <Baseline points="2088,2036 2119,2034 2151,2031 2182,2028 2214,2026 2245,2023 2277,2021 2308,2018 2340,2015 2371,2013 2403,2009 2434,2006 2466,2002 2497,1999 2529,1996 2560,1993 2592,1989 2623,1986 2655,1985 2686,1982 2718,1980"/>
                <TextEquiv>
                    <Unicode>er dann gethan, aber sich sonst deß gschaffts</Unicode>
                </TextEquiv>
            </TextLine>
            <TextLine id="r2l32" custom="readingOrder {index:31;}">
                <Coords points="2083,2079 2336,2067 2367,2049 2420,2065 2458,2038 2545,2046 2592,2025 2672,2044 2700,2031 2696,1995 2655,1988 2080,2049"/>
                <Baseline points="2091,2067 2120,2066 2150,2065 2180,2064 2210,2062 2240,2059 2269,2057 2299,2054 2329,2052 2359,2047 2389,2044 2418,2041 2448,2038 2478,2034 2508,2031 2538,2028 2567,2025 2597,2022 2627,2019 2657,2016 2687,2015"/>
                <TextEquiv>
                    <Unicode>nüt beladen, sye ouch nit bin manit</Unicode>
                </TextEquiv>
            </TextLine>
            <TextLine id="r2l33" custom="readingOrder {index:32;}">
                <Coords points="2091,2124 2308,2112 2371,2084 2458,2094 2519,2065 2730,2064 2725,2017 2663,2015 2298,2074 2086,2075"/>
                <Baseline points="2100,2106 2130,2104 2161,2103 2192,2100 2223,2098 2254,2096 2285,2092 2316,2090 2347,2086 2378,2083 2409,2078 2439,2075 2470,2072 2501,2068 2532,2065 2563,2061 2594,2058 2625,2055 2656,2051 2687,2049 2718,2046"/>
                <TextEquiv>
                    <Unicode>gsin, vnd habe weder übergab noch ander ge¬</Unicode>
                </TextEquiv>
            </TextLine>
            <TextLine id="r2l34" custom="readingOrder {index:33;}">
                <Coords points="2096,2157 2114,2161 2128,2150 2148,2147 2178,2164 2189,2151 2200,2151 2198,2110 2190,2110 2182,2117 2153,2110 2133,2123 2112,2110 2104,2118 2094,2119"/>
                <Baseline points="2106,2145 2134,2143 2162,2141 2190,2142"/>
                <TextEquiv>
                    <Unicode>schriben</Unicode>
                </TextEquiv>
            </TextLine>
            <TextLine id="r2l35" custom="readingOrder {index:34;}">
                <Coords points="2083,2232 2755,2159 2749,2108 2666,2136 2561,2110 2527,2146 2460,2132 2361,2161 2315,2135 2232,2167 2212,2152 2186,2182 2078,2189"/>
                <Baseline points="2091,2217 2123,2214 2156,2212 2188,2210 2221,2207 2254,2205 2286,2201 2319,2197 2352,2195 2384,2190 2417,2186 2450,2183 2482,2179 2515,2175 2548,2171 2580,2167 2613,2165 2646,2162 2678,2158 2711,2154 2744,2153"/>
                <TextEquiv>
                    <Unicode>Zieruff gerhaten Ein schryben an fryweibel,</Unicode>
                </TextEquiv>
            </TextLine>
            <TextLine id="r2l36" custom="readingOrder {index:35;}">
                <Coords points="2109,2256 2729,2196 2721,2159 2508,2191 2425,2181 2194,2225 2105,2218"/>
                <Baseline points="2118,2249 2148,2247 2178,2243 2208,2240 2238,2237 2268,2235 2298,2232 2328,2228 2358,2224 2388,2222 2418,2217 2448,2214 2478,2211 2508,2207 2538,2204 2568,2200 2598,2197 2628,2194 2658,2193 2688,2190 2718,2187"/>
                <TextEquiv>
                    <Unicode>Sölle gemelten Amman Meyer, so wol von</Unicode>
                </TextEquiv>
            </TextLine>
            <TextLine id="r2l37" custom="readingOrder {index:36;}">
                <Coords points="2112,2288 2220,2292 2339,2260 2502,2260 2587,2236 2615,2248 2640,2226 2717,2222 2714,2191 2109,2257"/>
                <Baseline points="2121,2282 2150,2279 2179,2277 2208,2274 2238,2271 2267,2268 2296,2265 2325,2261 2355,2257 2384,2253 2413,2250 2442,2247 2472,2243 2501,2240 2530,2236 2559,2234 2589,2229 2618,2227 2647,2224 2676,2222 2706,2220"/>
                <TextEquiv>
                    <Unicode>obberührter, als ouch einer andern Wu¬</Unicode>
                </TextEquiv>
            </TextLine>
            <TextLine id="r2l38" custom="readingOrder {index:37;}">
                <Coords points="2124,2327 2270,2325 2306,2298 2385,2304 2417,2281 2458,2295 2569,2266 2763,2267 2757,2220 2734,2212 2622,2244 2119,2285"/>
                <Baseline points="2133,2319 2163,2316 2194,2312 2225,2308 2256,2303 2287,2299 2318,2295 2348,2291 2379,2287 2410,2283 2441,2279 2472,2276 2503,2271 2534,2269 2564,2265 2595,2262 2626,2261 2657,2258 2688,2255 2719,2254 2750,2252"/>
                <TextEquiv>
                    <Unicode>herischen handlung wegen, da er Bendicht</Unicode>
                </TextEquiv>
            </TextLine>
            <TextLine id="r2l39" custom="readingOrder {index:38;}">
                <Coords points="2119,2369 2271,2337 2319,2355 2369,2328 2578,2302 2752,2301 2761,2265 2419,2281 2115,2337"/>
                <Baseline points="2127,2357 2158,2352 2189,2349 2221,2344 2252,2340 2283,2336 2315,2331 2346,2327 2377,2323 2409,2320 2440,2315 2471,2312 2503,2308 2534,2305 2565,2301 2597,2298 2628,2295 2659,2293 2691,2291 2722,2289 2754,2288"/>
                <TextEquiv>
                    <Unicode>Burtner an 400 lb umbs halb über vor¬</Unicode>
                </TextEquiv>
            </TextLine>
            <TextLine id="r2l40" custom="readingOrder {index:39;}">
                <Coords points="2126,2405 2411,2355 2439,2369 2610,2339 2673,2351 2689,2330 2747,2330 2743,2294 2389,2325 2322,2351 2275,2337 2122,2371"/>
                <Baseline points="2135,2393 2165,2388 2195,2383 2225,2379 2255,2375 2285,2370 2315,2367 2345,2362 2375,2359 2405,2356 2435,2353 2465,2349 2495,2346 2525,2344 2555,2342 2585,2337 2615,2336 2645,2333 2675,2330 2705,2327 2735,2324"/>
                <TextEquiv>
                    <Unicode>theilet haben sol, deßglychen ouch den</Unicode>
                </TextEquiv>
            </TextLine>
            <TextLine id="r2l41" custom="readingOrder {index:40;}">
                <Coords points="2123,2438 2466,2381 2769,2374 2763,2321 2119,2401"/>
                <Baseline points="2133,2430 2164,2424 2195,2419 2226,2414 2257,2410 2289,2405 2320,2401 2351,2396 2382,2392 2413,2388 2445,2384 2476,2381 2507,2378 2538,2374 2569,2372 2601,2369 2632,2367 2663,2366 2694,2364 2725,2363 2757,2361"/>
                <TextEquiv>
                    <Unicode>Wirth zu Belp, daß er der personen halb,</Unicode>
                </TextEquiv>
            </TextLine>
            <TextLine id="r2l42" custom="readingOrder {index:41;}">
                <Coords points="2127,2470 2209,2474 2278,2443 2393,2445 2473,2419 2751,2411 2763,2368 2466,2381 2123,2438"/>
                <Baseline points="2136,2466 2167,2460 2198,2455 2229,2450 2260,2444 2291,2440 2322,2436 2353,2432 2384,2427 2415,2423 2446,2420 2477,2417 2508,2414 2539,2411 2570,2408 2601,2405 2632,2403 2663,2402 2694,2399 2725,2397 2756,2396"/>
                <TextEquiv>
                    <Unicode>veliche Hans Risod alhie mitt synem El¬</Unicode>
                </TextEquiv>
            </TextLine>
            <TextLine id="r2l43" custom="readingOrder {index:42;}">
                <Coords points="2140,2523 2346,2470 2389,2493 2465,2491 2525,2452 2766,2464 2763,2408 2470,2418 2135,2472"/>
                <Baseline points="2148,2504 2178,2496 2208,2490 2239,2484 2269,2479 2300,2474 2330,2471 2360,2466 2391,2463 2421,2460 2452,2457 2482,2455 2512,2451 2543,2450 2573,2448 2604,2445 2634,2443 2664,2441 2695,2439 2725,2436 2756,2435"/>
                <TextEquiv>
                    <Unicode>asser übernommen, uff Montag herhalten.</Unicode>
                </TextEquiv>
            </TextLine>
            <TextLine id="r2l44" custom="readingOrder {index:43;}">
                <Coords points="2146,2550 2183,2547 2192,2539 2234,2555 2252,2539 2257,2543 2305,2520 2341,2537 2353,2535 2343,2471 2300,2478 2280,2494 2236,2490 2200,2511 2182,2503 2173,2513 2142,2520"/>
                <Baseline points="2156,2540 2182,2536 2208,2532 2234,2527 2260,2522 2286,2518 2312,2514 2339,2513"/>
                <TextEquiv>
                    <Unicode>bericht gäbe,</Unicode>
                </TextEquiv>
            </TextLine>
            <TextEquiv>
                <Unicode>439
poris de treibes
ExSen.
geister Armen hat
sslinist.
Hr Langhauß. H. Rütimeyer.
Civ
G. Monnier. Er von Werdt.
Hr Heimberg. Gr. Reinhardt
Belsberg. Dett.
deter Eydenbach hatt in S. berichts wyß
Vemeldet, das die Weilgschrifft, so er dem
Peter Meyer, gewesnen Amman zu Belp
verkoufft, 3000 lb minder 10 ß, alle
jar 200 lb. zalung zu erleggen, Junge,
halten, Imme darumb in gelt vnd
schulden 1800 lb. versprochen, daran
imme 100 lb die er Wydenbach imme ze thun
vnd schuldig gsin, abgahn lassen, zu bar¬
ein gelt 300 lb. erlegt. Item 1 vaß
mitt wyn, die maß N 46 gerechnet
vnd das vberig an verzeigten schulden
gegeben, die er bißhar wister nit be¬
züchen mögen, dann daß imme noch by 40 lb
ußstendig sye
Wolffgang Hofman, der schryber zum guten¬
brunnen, gibt diser sach halb sölichen bericht,
das anders nüt an Ihn gemutet vnd begert,
worden, denn daß er den abzug der Zinsen
den sich der belouffen möge, rechnen sölle, wie
er dann gethan, aber sich sonst deß gschaffts
nüt beladen, sye ouch nit bin manit
gsin, vnd habe weder übergab noch ander ge¬
schriben
Zieruff gerhaten Ein schryben an fryweibel,
Sölle gemelten Amman Meyer, so wol von
obberührter, als ouch einer andern Wu¬
herischen handlung wegen, da er Bendicht
Burtner an 400 lb umbs halb über vor¬
theilet haben sol, deßglychen ouch den
Wirth zu Belp, daß er der personen halb,
veliche Hans Risod alhie mitt synem El¬
asser übernommen, uff Montag herhalten.
bericht gäbe,</Unicode>
            </TextEquiv>
        </TextRegion>
    </Page>
</PcGts>
