4032 3024
1329 354 1451 424 252.
1628 400 1771 496 Berre
1391 499 1996 617 David Hingenberg ist uff hütt widerum
1405 566 1993 651 erschinnen, und diewyl in her betrachte
1414 595 1989 685 daß ein ehrlicher man für den er noch
1412 635 1996 726 bißhar gehalten worden) nit wol zu¬
1321 652 1391 725 huß.
1426 674 1989 764 nötigen, mitt einer hußfrouwen, die
1332 712 1400 756 ghalten
1413 715 1988 810 offentliche diebstäl begangen, vnd dem
1332 752 1367 801 d
1413 759 1996 851 charpffrichter vnder henden gsin, ouch der
1415 800 2003 904 vebrechen, ynzug, vnd argwon der zu¬
1417 851 1999 937 rey so groß gefunden, daß sy mitt dem
1420 893 2004 988 Eid von Statt vnd landt verwisen.
1411 933 1994 1022 worden, one daß er darinn mitt ira ge-
1425 975 1981 1056 mein sch ghan, und niemandt wüssen
1423 1026 1986 1094 mag, ob und wenn sie widrumb be¬
1419 1059 2001 1139 gnädiget werden möchte, ist imme zwar
1402 1104 1999 1194 die schidigung, mitt zuspruch Costen
1411 1150 2009 1239 sich dessen ob Irem gut zu erholen, ergahn
1408 1194 1979 1275 gelassen billich erachtet, Jedoch vorm
1406 1231 1989 1309 vffpruch thunlich vnd rhatsam befunden
1403 1275 2002 1346 worden, soliches Iren elteren angezeigt
1399 1308 1997 1402 und uff montag fürgehalten leben sölle.
1626 1369 1737 1457 Bern
1422 1426 1974 1536 Willisouw. Kriegstetten.
1373 1553 1963 1647 Jost guter der schmidknecht ist nit
1428 1602 1985 1677 allein nochmaln by syner bekant¬
1417 1637 1967 1722 unß der Eheversprechung verbliben
1417 1682 1955 1763 die zwüschen imm und Elßbeth yseli
1423 1731 1993 1798 geschechen, sondern ouch sich, ira die¬
1416 1773 1975 1842 selbe zuhalten erpotten, wo fehr
1429 1814 1973 1885 ich erfinde, das sy sich gehalten vnd
1412 1845 1964 1918 getragen, wie es einer ehrlich
1419 1891 1975 1971 tochter zustande, und sich uff zwo
1407 1936 1987 2015 frouwen, und Hans Baltasar Schny¬
1413 1977 1986 2057 der den Wullwebermeister berufft,
1407 2026 1991 2096 der dann, von sich selbs, vnd ehmans
1399 2063 1994 2143 anzune getruckt, bezüget, daß er
1387 2106 1997 2185 von Iselis tochter in synem huß 8 tag
1396 2146 2009 2224 vor Osteren gehört, sy habe dem schmid,
1408 2192 2003 2270 knecht verheissen, vnd wölle mitt Ihm
1400 2230 1654 2301 hinweg züchen.
1418 2270 1974 2369 Obwol nun es dise Eheversprechung
1408 2320 1988 2398 verneinet, vnd Ingetendt. 1. daß es
1416 2361 1975 2437 imme den fragen allein entlehnt, er
1401 2399 1990 2478 aber den gürtel einfaltig und one
1404 2432 1977 2526 meldung der Ehe vff dem Tisch ge¬
1398 2477 1978 2568 lassen habe. 2. daß so sy ein
2608 264 2715 357 253.
2088 358 2681 534 ader Sachen einsch nit hatte
2089 431 2669 569 an andere hencken söllen. 3. das
2067 475 2708 620 die Otterlinen inne, söliche ansprach
2076 519 2681 669 fürzenemmen ufgewisen habe, und
2090 569 2675 702 wn derglychen, Jedoch nach dem
2093 616 2737 738 er imme die vmbstend under ougen er¬
2078 661 2704 806 halten, vnd dargegen gesetzt, daß
2097 712 2736 834 es imme den gürtel niemaln wider geben
2085 767 2747 884 wöllen, ob er schon denselben gefor¬
2087 812 2729 922 deret, wann es sich deß Wullwebers
2097 858 2731 974 annemmen wolle, hatt es sich vmb et¬
2085 912 2705 1016 was genäheret, vnd vermeldet, wann
2086 954 2716 1065 er anzeigen könne, das es imme die Ehe
2096 1007 2716 1118 versprochen, und er imme halten wölle,
2097 1052 2716 1142 müsse es wol bekantlich syn, glychen
2093 1094 2758 1193 wol aber nochmalen darinn geburgget.
2075 1159 2716 1247 Also das man erkennen mögen, daß
2094 1196 2739 1292 es ein lychtferigs args Bürdeli, deß
2091 1251 2729 1325 wegen es wider hinab erkent, und
2113 1295 2737 1378 diewyl daniel Känel der Wull¬
2103 1343 2756 1423 Webergsell vorgehnder bekantnuß nach
2123 1395 2749 1459 nit allein disern, sondern zuglych ouch
2131 1432 2745 1515 der Otterlinen versprochen haben soll
2122 1481 2766 1565 beuolchen worden, Inne wider haußzehalten
2298 1558 2526 1648 Bümplich
2130 1611 2762 1705 Joseph Schüner vnd Adam Forster, nach
2130 1683 2756 1741 dem sy sitt Mittwuchen Inngelegt, sind
2142 1717 2735 1784 vmb ir trunckenheit, vnd darinn vffm
2142 1758 2743 1829 platz getribne grobe wort, ouch das
2141 1800 2750 1875 sy wolbezächt Ire straff angestanden,
2130 1851 2766 1917 censuriert, vnd mitt ernstiger ver¬
2131 1888 2771 1960 mahnung sich ins künfftig vor derglychen
2137 1925 2758 2000 sachen Zehuten, ledig gelaßen, Adam
2141 1963 2777 2041 Wyß dann nachse nommnem bericht von
2137 2004 2777 2087 Hr. Schryber Wolff, für entschuldiget ge¬
2134 2045 2393 2125 halten worden.
2325 2120 2603 2205 Greracheren
2135 2179 2801 2288 Rudolff Vrfer, so hieuor den 20 Octob.
2169 2247 2776 2322 1628 von Anna Graff, von der selben
2140 2271 2783 2359 Ehebruchs wegen, die schidigung deßge¬
2159 2325 2480 2394 bracht, Ist nun nach
2473 2341 2802 2401 fürübrigen wart
2155 2367 2791 2449 zil erloupt worden, sich andertertig
2159 2402 2348 2477 Zeehlichen
2376 2431 2532 2527 Bern.
2140 2500 2817 2589 Damuel dingnouwer, dessen hochzyterin
2191 2546 2771 2632 zuspät in die kilchen kommen, sol an
