4032 3024
1283 378 1372 454 414
1360 429 1938 554 licher wurde, habend nicht hinen nit
1363 494 1925 591 entgegen syn lassen, daß er vnd die
1356 533 1924 623 Hr Doctoren ein prob vnd versuch an
1357 568 1707 642 ihm thun mögende
1705 589 1750 641 a
1546 662 1890 766 Hertzogenbuchse.
1571 723 1819 809 Nider Gutz
1369 788 1937 889 Ulrich Kummer hatt Ursula Steinegg
1363 844 1933 911 syn ehwyb angeklagt, wie daß
1371 893 1924 948 sy vor ungfar 2 jaren, als sy sich
1368 919 1925 987 alhie in der Statt im dienst enthalten
1374 960 1931 1026 by einem andern, mitt namen durs
1368 1005 1936 1064 hurtzeler von Erwange, ein vneh¬
1366 1039 1942 1107 lich kind erzüget, vnd hiedurch die
1365 1080 1943 1148 Ehe an Ihm gebrochen habe: dessen
1372 1119 1936 1189 sey zwar nit ab syn können, aber
1353 1161 1961 1227 die schuld vnd vrsach Ime zugemessen
1362 1197 1953 1260 In dem er nit allein ira vnd Iren
1362 1236 1961 1303 kinden niemaln kein guts gethan, noch
1371 1275 1966 1343 thun wöllen, sondern auch vor 3 Jar¬
1373 1313 1944 1387 en ira zu entpotten habe, wie das er
1365 1357 1954 1429 sich anderfahrt vehlichet, vnd deß¬
1355 1399 1963 1474 weg sy wol andrist mannen mi¬
1370 1437 1949 1504 ge wo sy wölle, soliches aber
1376 1475 1950 1546 vber syn vneinen, mitt gestelter
1367 1516 1936 1584 kundtsch nit bewysen mögen. Vnd
1363 1550 1961 1626 diewyl nun er ira überhr jedoch
1367 1597 1961 1669 schlechtes) vmb sychung pitten den
1374 1627 1972 1701 fäler nit vbersechen, noch mitt synem
1370 1677 1958 1745 Rechten erwinden wöllen, Ist das et
1380 1712 1959 1775 liche band zwüschen Inen ufgelößt,
1373 1762 1946 1827 Jedoch dem ein vnd anderen das ge¬
1380 1799 1958 1872 wonte Wartzil, erlouptnuß nem
1379 1825 1987 1907 men, vnd sonderlich das sy irer besser¬
1383 1870 1969 1943 ung halb ein schyn bringen, und imme
1385 1908 1973 1984 allen zimm und billich kosten von die
1385 1951 1983 2021 er sach wegen ufgeluffen, abtragen
1377 1981 1979 2071 vnd ersetzen solle, vferlegt, vnd die
1377 2026 2002 2100 wyl sie fürgeben, vnd vmbstend ange¬
1383 2062 1967 2158 zeigt, daß sy zu Wangen, vnd zwar
1380 2115 1975 2191 den meisten theil vssert der gfangen,
1385 2145 1980 2234 schafft ob der arbeit, abgebüßt habe,
1378 2186 1961 2284 Ist sy ledig glaßen, deß dursten halb
1372 2234 1963 2315 aber, so neben ira bim Custor dem
1387 2272 1944 2349 müller alhie gedienet, an die E. zu
1381 2305 1961 2393 Zoffingen, alda er dißmalen sich au
1386 2331 1998 2433 by einem müller in dienst enthalten
1386 2389 1976 2473 geschriben worden, Inne nach Inhalt
1380 2416 1990 2519 der satzung In die gebürende straff
1395 2487 1561 2557 zezüchen.
2557 356 2642 435 415.
2232 400 2544 553 Bollingen
1990 493 2143 605 Bern.
2001 537 2624 679 Caspar Brugger der müller hatt ein
2021 587 2630 718 zedel begert, das er mitt syner magd,
2009 628 2621 757 die er geehlichet, zu Bollingen den
2024 666 2622 806 kilchgang thun möge, dessen er dann
2014 738 2349 852 sich gebürt worden
2231 812 2368 890 Trub
2045 870 2671 983 alhein Blaser Ist heruf genommen, vnd
2034 910 2669 1017 abermaln zu angebung deß recht schuldig
2039 952 2664 1048 vatters vermahnt. Wyl aber sy uff
2038 997 2656 1092 hrem vorgehnden für geben verharret, Ist
2033 1032 2672 1137 sy widerumb biß an Montag hinab
2031 1088 2435 1181 zesetzen beuolchen worden
2212 1178 2462 1245 Waleren
2188 1206 2540 1307 Schwartzenburg
2047 1281 2688 1377 Christen Nydegger ist wider Küngolt
2070 1327 2698 1414 Kisling, so mitt einem andern Eheman
2071 1356 2696 1438 vermög schyns ein zyt lang zu l
2063 1393 2670 1470 nitz gewohnet, hernach aber, da von
2065 1424 2706 1526 inen lutbrecht worden, das sy nit rech¬
2072 1467 2676 1546 te ehlüt, sondern vnordenlicher Wyß
2069 1510 2671 1602 by einandern gesessen weren, mitt
2065 1542 2677 1635 Imme fortzogen, ein Ruffbrieff an
2067 1592 2692 1669 Cantzel zu Waleren ad formam er¬
2069 1648 2265 1720 theilt worden.
2149 1691 2479 1803 Rötenbach
2080 1785 2713 1878 Uli Lehman hatt vmb syn mitt Barbli
2085 1840 2704 1911 Rettenmundt begangnen Ehebruch die
2099 1854 2730 1939 traff vßgestanden, vnd neben gewohn
2109 1907 2723 1976 er censur und vermahnung, ein schryben
2100 1947 2734 2031 an die er zu Rötenbach empfangen
2088 1992 2701 2064 das sie imme für ein Gast Chorgricht
2104 2023 2711 2103 deren synem fürgeben nach nur eins
2114 2069 2692 2140 gehalten worden) nit mehr als ein
2105 2098 2705 2180 guldin zu schryben, vnd so sy mitt
2104 2137 2711 2219 zächen wyters ufgetriben, soliches uß
2113 2180 2722 2264 hrem seckel bezalen söllindt, dann
2108 2215 2736 2292 er sich erklagt, das Imme für ein extra¬
2112 2262 2716 2330 vnd 2. ordinari Chorgricht, so in der
2114 2293 2747 2374 ach zwüschen gemelter Retten mundin
2124 2329 2722 2413 und grentheman gehalten worden, ub
2124 2376 2584 2455 die 5 t. geforderet werde.
