4032 3024
1500 264 1572 351 58.
1499 387 2190 530 Wittwuchens. 26. N
1664 454 1960 536 vemb. 1628
1769 511 2004 607 Ex senatu
1572 520 1652 622 t
1592 573 2201 710 E. V. von Werdt. Ind. Hr. Dachseltes
1767 637 1975 729 Schlinst.
1583 682 2172 800 G. daran Schmid H. Langhanß
1775 750 1923 833 ivib
1572 797 2159 903 Hrren Gultzer hr. Hirtz zu Roch
1585 854 2177 952 anstatt H. Fischers und h. Im Hag
1739 977 2161 1072 Wynouw. Bern
1816 1033 2144 1108 Rüttigen
1569 1061 2156 1165 Anni Klingler hatt sich durch der
1583 1123 2165 1209 Gebauen relation nit schwanger
1580 1163 2186 1247 doch aber ouch by wyttenn kein reine
1581 1199 1868 1273 Magd befunden.
1869 1217 2185 1287 deßwegen sich
1577 1244 2173 1330 der vnuerschamter Wyß getrug¬
1568 1282 2159 1367 net that schuldig geben müssen
1574 1321 2172 1405 vnd bekent, mitt dem Syluester
1565 1376 2179 1448 und mitt dem küyer verhalt ze haben
1570 1412 2188 1489 den Liegler knecht aber dessen, wie
1578 1445 2192 1532 ouch der Ehe halb entschuldiget, mitt
1582 1485 2183 1563 zmelden, daß Ime seren keiner
1574 1537 2172 1625 und sonst niemandt die ehe verheissen
1577 1570 2116 1662 habe, als Emanuel ysen schmidt.
1598 1647 2189 1753 der aber nun, wyl er von imme obge¬
1610 1704 2160 1796 hörter gstalt angsetzt und betragen
1603 1738 2159 1836 worden, der Schidigung begert,
1597 1779 2176 1880 die imme ouch uß selbiger ursach e
1600 1814 2157 1921 langet, und jedem erloupt worden.
1610 1856 2171 1957 sich andrist wo levehlichen, mitt
1597 1895 2184 1996 vffhebung vnd compensation costen
1647 1939 2178 2062 genden das vrteil gelt, weliches
1602 1975 2132 2097 die Tirn imme restitutiren sol
1584 2071 2147 2212 Betreffend dann den Spetter Im
1628 2124 2151 2241 beren Siegelhoff, Namens Heint
1606 2161 2171 2279 Moser von Rüttigen, so uß nicht
1619 2227 1733 2280 worden
1606 2195 2153 2316 beuelch vff hütt auch harbescheidt
1724 2252 2156 2363 Ob wol der Chor Weibell
1618 2259 2166 2398 referiert, daß er vff empfangnen,
1608 2296 2177 2440 beuelch von einer mans und 2 wybl
1604 2375 1685 2420 daß
1615 2333 2209 2487 personen ghört vnd in erfahrung bracht,
1741 2394 1967 2463 von der Tienen
1626 2392 1999 2511 hiesiger dieser hander
1993 2438 2163 2510 erhört, es
2001 2484 2069 2537 shan
1662 2443 2201 2605 dareiligen in der
2075 2485 2199 2564 gsprochen
1620 2478 2155 2637 aadten seine er seinen
1712 2528 2033 2650 ahe sch eben vnd den
2060 2619 2172 2694 schafft
2897 255 2986 333 59.
2289 327 2977 445 mitt einandern gehept, In dem es imme
2294 378 2953 479 nit allein gewäschen, sondern ouch
2285 416 2943 524 ein nasenlumpen, das par schuch,
2300 462 2958 559 vnd ander derglichen sachen gegeben,
2289 510 2919 608 Er ouch selbs vermeldet, daß so es
2283 544 2955 665 sich ehrlich ghalten, ers villichter her
2288 600 2944 689 nach geehlichet hette, Jedoch vnd
2289 641 2940 736 die wyl sy zu beiden syten beider
2299 683 2950 777 stucken häfftig gelaugnet, ist nüt
2288 737 2837 842 weyters an die sach gesetzt
2254 813 2969 937 Hieneben aber, wyl es sich ouch kranck
2301 878 2968 977 geschriben, einmal der band, ledig
2302 932 2989 1002 gelassen, jedoch darby erkent worden,
2282 965 3003 1044 daß vff Ins whargenomen, vnd geach¬
2286 1008 3018 1099 tet werden sölle, damitt es synen zwi¬
2275 1043 2862 1140 fachen fäler zu vollen abbühe.
2303 1173 2699 1258 dern. Wann
2285 1242 3008 1352 Hans Jacob Hülli, der Stein houwer alhie,
2299 1311 3006 1379 hatt vergünstigung erlanget, syn ehe¬
2318 1359 2976 1420 versprechung mitt Barbara Wäber,
2273 1390 2997 1463 zu wann mitt dem kilchgang Levoll
2313 1444 2399 1512 lücht
2392 1548 2661 1648 Divis
2312 1642 2979 1732 Hermain Gueysse, eins, denne Mar¬
2326 1704 3003 1764 querithe Chevallen, mitt bystand Iren
2318 1753 2957 1811 alten muter anders theils, sind von der
2315 1784 2999 1856 Ehrbarkeit endtlich (wyl Er nit stäts
2306 1823 3017 1892 hm landt gsin, sondern der Arnd nachzog¬
2310 1866 3006 1942 en) vffn verschinnen Montag hargeschickt
2291 1912 3002 1985 worden, vnd vff hütt gegen einandern er¬
2317 1953 2977 2027 hinnen, von wegen der anklegt, daß
2318 1998 2985 2068 er gedachter Tochter schon vor etwas Jare
2309 2044 2976 2112 die Ehe vheissen, dieselbe aber her¬
2318 2078 2968 2153 nach vffgeben, vnd ein ande Curthe
2315 2131 2563 2198 genommen habe.
2314 2161 2973 2248 Ob nun glischwol sich uß der transla
2318 2227 2965 2295 tierte procedur befindt, das er da¬
2329 2258 2982 2336 Innen vorm Chorgricht bekantlich ge¬
2341 2301 2940 2372 in, ira ein gleissen ring uff die
2322 2341 2950 2424 Ehe gegeben, vnd In Ires Vatters huß
2332 2383 2961 2470 dieselb mitt dem gewonten trunck be¬
2342 2428 2968 2506 tätiget gehaben, weliches er dißmaln
2338 2468 2961 2553 durch syn supplication theils anderst
2337 2506 2965 2606 vsslegen, vnd theils in Wyffel vnd
2333 2552 2976 2648 unwüssenheit oder ehes suchen wöllen
