4032 3024
1407 369 1508 459 532.
1473 423 2031 563 glychen tag 100 lb) one abzug des
1468 482 2050 594 schidigung Costens hinußgeben vnd
1462 525 2048 644 entrichten, vnd dann der Costen diser
1459 568 2037 674 action ufgehept syn sölle. Und ist
1452 611 2041 722 öliches alles daruff gegründet, die
1439 648 2039 755 wyl sy imme 2000 er aber ira
1452 696 2031 794 nur 1000 lb zugebracht, und sich
1434 732 2036 839 die schulden 2200 lb belauffend, nach
1448 783 2034 889 abzug welicheren 800 lb überblyben
1462 842 1790 965 herisouw.
1783 896 1969 985 Schlier.
1465 968 2059 1063 Hans Frischknecht einem Jungen müller
1461 1017 2050 1096 und Susanna Scherler, wyl ira der
1459 1063 2033 1139 anhang in synem Mannrechtsbrieff
1453 1095 2040 1185 Innhaltend, das er keine mitt sich heim
1460 1138 2007 1225 bringen sölle, sy habe dann 200 g
1452 1177 2025 1253 värt gut) eröffnet worden, vnd
1447 1221 2032 1307 y sich darüber erlüteret, sy imme
1450 1265 2023 1342 hr versprechen halten wölle, Ist
1444 1305 2041 1387 bewilliget worden, den kilchgang
1427 1347 2044 1427 zu Belp errichten, vnder gemeint
1426 1388 1633 1451 vorbehalten
1447 1455 1868 1545 Biglen. Mieri
1443 1517 2000 1610 Christen Stalder, deß Spittalmes
1463 1576 2014 1642 zur Nüwenstatt diener, hatt ouch
1447 1617 2004 1675 bewilligung ußbracht, mitt sein
1451 1661 2017 1717 kichling von Worb, sich vor der d
1434 1693 2013 1759 meind zu Muri ynsegnen gelassen,
1416 1741 2002 1802 Jedoch daß er sy in syn gmeindt
1431 1768 1668 1837 fuhren solle.
1579 1824 1993 1917 Mostier. Wistenlach
1440 1889 2010 1974 taques perollet vnd Marie Bouet
1437 1955 1976 2019 habend uff ußgestandne straff die
1451 1989 1983 2040 gewonte centur vnd exhortation
1435 2031 1825 2096 zur besserung empfangen
1428 2065 2001 2153 die E. dessen berichten, vnd beuelchen
1441 2126 1966 2192 gemelte Marie dahin gehalten,
1425 2158 1947 2229 das sy iren gfangensch costen, neben
1438 2182 1985 2265 etwas schryberlohn, innert 14 tag
1430 2241 1632 2309 Harschiede
1636 2305 1796 2385 Bern
1411 2359 1971 2446 über die klagpuncten zwüschen Hans
1437 2412 1990 2483 Alisant und syner hußfrouwen
1442 2453 1957 2512 hatt Judith Gösler spittel hab
1438 2487 1951 2544 ammen, deß untertig an die welt
1433 2516 1984 2588 gebornen kinds halb bezüget, habe
1433 2558 1986 2627 zwar gesechen, das die Alisandinen
1418 2596 1965 2660 ein kleines kind gehept, so etwan
1420 2637 1973 2714 7. oder 8 wüchig gsin, die ur¬
2696 402 2783 476 533
2144 462 2816 565 sach aber der zu frügen geißt, sye ira
2136 523 2821 606 vnbekant, anders denn daß die frouw
2143 567 2755 652 tra geklagt, der man habe so wehr
2130 606 2785 697 über sy gezuckt, darab sy ein solchen
2116 649 2765 757 schrecken genommen, das sy vor der Zyt
2128 709 2396 798 gebären mussen
2135 740 2754 849 hres strytigen Ehe habens halb aber
2134 784 2764 874 habend die nachburen nit sonders
2118 829 2776 925 zezügen gewüßt, ohn allein von Ihm
2122 873 2784 967 oeil sy gsehen, duncke sy, er thuye iren
2129 924 2776 1009 khinden guts, vnd zeige dieselben lieb
2119 971 2744 1045 das zugend Hans Walthers frouw
2112 1008 2763 1086 vnd Agatha Mock, von ira hingegen
2112 1045 2798 1134 züget die letst genante, das sy zum einist
2121 1090 2776 1177 Im garten ein alten kätzen genamset
2119 1138 2758 1214 Item Cunrad Bäriss. Wittwen, daß
2112 1185 2761 1259 als vff ein zyt die Alisandinen ein
2098 1227 2762 1298 wösch ghan, vnd er zu Ire gesprochen,
2112 1270 2743 1342 sy sölle ihm z'morgen rüsten, sy imme
2136 1300 2790 1388 geantwortet, wo er andere mal geßen
2115 1359 2562 1431 sölle er jetz ouch hingahn
2104 1423 2760 1508 Wyl nun der füler vff beiden samen ligt,
2168 1485 2731 1552 sind sy beide, sich selbs zereinigen, ze
2148 1519 2726 1596 samen ins loch, der sagenschmid
2142 1556 2757 1627 und Tacharias Hess der wäber dann,
2146 1594 2759 1664 so gemeltem Alisant der frouwen trögt
2133 1637 2744 1720 In derselben abwesen gholffen ußem hus
2129 1693 2764 1764 tragen, obwol sy sich entschuldigen
2124 1723 2743 1794 wöllen, er habe zuen für geben, das
2138 1762 2744 1846 trögeli und was darinn sye syn, wyl
2134 1804 2753 1880 sy aber das gegentheil, vnd das er nit
2154 1840 2752 1923 mitt rechten sachen vmbgange, lycht¬
2146 1886 2773 1956 lich abnemmen mögen, vnd es zuen allein
2135 1935 2779 2000 umb den trunck ze thun gsin, sind sy biß
2142 1965 2755 2048 morn In die gfangensch hinab er¬
2151 2027 2371 2090 kent worden.
2320 2126 2454 2196 Bern.
2170 2151 2739 2262 ibort andresen magd ist deß mitt
2166 2220 2707 2300 imme begangnen fälers, darumb
2165 2247 2702 2347 die frouw ira die eine trütschen
2160 2283 2743 2381 abgehoutken, bekantlich, vnd deß¬
2156 2323 2736 2424 wegen in die straff hinab, ouch
2158 2363 2734 2464 synethalb erkent worden, das Imme
2154 2395 2745 2511 vffen frytag potten werden sölle
