4032 3024
1319 357 1414 434 256
1383 402 1985 520 mitt anordnung, das er 14 tag nach
1392 467 1962 557 pfingsten erschyne und imme so wol
1392 515 1986 596 vmb die ehrrührige Wort als vmb
1392 555 1991 654 umb die schuld vorderung mitt bscheid
1390 591 1532 670 begegne
1621 635 1831 738 Toüfelen
1380 684 1985 793 Dom h. predicant daselbst antworte
1384 754 1964 835 daß man Uli Möri, so Peter gantz
1396 788 1969 869 der imme im grad der geschwüstert
1392 832 1983 909 kinden verwandt) Tochter, mitt nat
1391 873 1982 933 Barblin zur Ehe genommen, mitt der
1386 904 1894 985 sach für gefahren vergünstiget,
1622 973 1845 1049 angnouw.
1392 1019 1872 1117 Anh. Predicant vnd Chorg
1391 1083 1976 1150 die wyl Michel Schallenberger vor
1387 1119 1928 1194 nicht vermeldet, daß er vnd Uli
1394 1159 1954 1239 Lehmans seligen der mitt Ihm ge¬
1405 1194 1950 1273 schwüstert kind gsin) Wittwen
1395 1236 1968 1310 einmal vff nicht gfallen hin ein.
1384 1281 1986 1351 andern die Ehe versprochen, die Satz¬
1392 1322 1975 1388 ung aber soliches nit zu laßt, söllind
1388 1363 1980 1437 sy diser fründtschafft bschaffenheit
1397 1405 1980 1491 grundtlich erkundigen, vnd beid per¬
1386 1446 1634 1518 sonen harhalten
1578 1506 1809 1606 Höchstette.
1410 1597 1976 1674 Oi Ellenberg der sager ist disen
1411 1655 1960 1716 morgen, als man zine hinuf zu
1403 1686 1956 1747 den gang glassen, vnd examiniiren
1418 1733 1944 1795 völlen, ußgerissen, und deßwegen
1408 1760 1969 1831 der vatter alles ernsts vermahnt.
1412 1800 1979 1868 worden, solle sehen, das er Ihn wider
1418 1837 1973 1914 tolle, sonst wie der sohn syn sach
1412 1878 1660 1943 nit gut machen
1621 1940 1869 2026 Sechingen
1429 1994 1992 2088 Christina Lehman vnd Jacob Gfeller
1421 2056 1950 2126 habend sich ergeben, widerumb
1422 2091 1952 2156 mitt einandern hußgehalten, vnd
1427 2129 1960 2198 etwäders sich erpotten ze thun und
1423 2164 1974 2235 zu leisten, was imme zustande, so fehr
1411 2199 1954 2277 das ander yn pflicht ouch leiste.
1405 2241 1970 2318 Sind deßwegen wider zusamen be¬
1422 2275 1982 2354 kent, vnd zu beiden syten zu verbeßer¬
1426 2318 1975 2392 ungirer menglen, sonderlich Er, das
1426 2357 1952 2435 er sy nit mehr schlache und stoße
1417 2394 1963 2469 oder sonst schnöd halte, sy aber nit
1418 2432 1987 2512 mehr von huß vnd dem bättel nach¬
1423 2482 1978 2556 gelouffen, vermahnt, vnd beiden
2608 275 2699 356 257.
2058 344 2686 524 daruff ein glüpt abgnommen, ouch der
2078 421 2579 574 des aber den selben werden
2237 529 2554 618 Lerrenbali.
2254 592 2461 655 Biberen
2202 617 2268 686 h
2081 639 2706 769 Wol Vrsula Remund vber erlittne
2096 689 2680 816 gfangensch uff irer verwidrigung
2098 729 2705 853 verbliben, vnd sich nit ergeben wöllen,
2086 772 2691 893 ener mitt irem Eheman hußzehalten
2093 809 2746 941 sol er sach für ingl. getragen wer¬
2092 866 2690 989 den und sy entzwüschen wyter zimlig
2119 951 2723 1076 hulgenbach Kilchlindach
2102 1050 2756 1158 zwüschen Joseph Bodmer dem müller, eins¬
2105 1095 2743 1186 vnd G. Cunrad Bischoff anders theils,
2114 1142 2738 1233 In spenniger sach, da der müller imme von
2117 1186 2709 1280 synes Sohns deß becken wegen 64
2113 1232 2719 1320 vmb mäl forderet, wyl er zu Ihme
2106 1281 2740 1361 gredt, er solle imme best thun, Er
2104 1326 2718 1402 kent, wo der Cleger bewysen könne,
2104 1375 2735 1439 daß der H. Ant. über das hieuor
2101 1417 2749 1496 bezalte Imme etwas wyter verspro¬
2099 1462 2725 1526 then, solle er als dan für den Sohn
2106 1499 2671 1577 zuhin stahn vnd mitt Ihm abschaffen
2097 1540 2731 1625 die geklagten scheltwort aber, wyl h
2121 1596 2699 1669 unrad deren nit gestendig, vffge¬
2114 1641 2264 1709 hept syn.
2296 1691 2476 1766 Bern
2106 1785 2762 1863 Barbara Wyßhanen hatt uff hütt ire
2136 1842 2763 1904 oben p. 241. genamsete kundtsch
2140 1883 2744 1946 wider Hans Wyß gestelt, vnd denselben
2140 1921 2568 1991 dry puncten vorgeöffnet.
2147 1958 2756 2062 daß sy gesechen, daß der Wyß syn
2143 2013 2730 2088 von Irer muter huß dannen hinuff
2136 2040 2734 2132 in syn huß, vnd volgents widrumb
2131 2078 2479 2152 der statt abgeführt.
2148 2121 2757 2226 daß sy gehört, und inen in wüssen,
2154 2188 2756 2261 was er iro im stübli zugemutet,
2149 2225 2760 2297 vnd wie er sy begert zu synem will
2144 2267 2782 2343 gezwingen, mitt gemelden, es schade
2143 2312 2759 2387 nüt, es sölle zum ehren geschechen
2157 2367 2804 2451 daß er sy zu Irer anfenglichen ver¬
2169 2421 2746 2489 meinung der Ehe heißung vffge¬
2173 2451 2749 2524 wisen, mitt vertrösten, das wann sy
2155 2494 2806 2562 darzu stillschwygen werde, er ira nüt¬
2162 2527 2819 2606 destminder in ein weg wie in ander¬
2173 2570 2491 2638 en halten wölle
