4032 3024
1512 330 1593 398 12.
1803 365 1977 481 Berte.
1610 483 2229 572 Segen der In banden ligenden Elßbet
1553 553 1639 607 .
1633 550 2226 617 Spiesserin, Dauid singenbergs deß
1613 583 2232 650 Büchsenschmids hußfrouwen lebwe
1612 622 2227 692 vns, thun vnd lassents, Ist vff Ir G
1606 667 2225 732 Rhatsbeūelch by der nachbarschafft
1613 708 2222 779 kundtschafft vffgenomen, vnd an Ir
1622 763 2195 828 Mebringen beuolchen worden
1648 848 2238 936 Ihrer vorgehnden Nachbarsch
1646 923 2244 976 hinden by dem Todtentantz sind
1640 947 2242 1000 hört worden Peter Tillman der
1633 984 2234 1043 schryber, Heinrich Remold der
1630 1027 2241 1089 küffer, und Barbara in der Rüti
1638 1060 1917 1134 ein Wittfrouw
1635 1096 2246 1169 die habend sich entschuldiget, das sy nüt
1637 1166 2250 1217 sonders von Irem handel vnd Wandel
1641 1192 2256 1253 zezügen wüssint, wyl sy daruff nit
1675 1228 2261 1297 whargenden, noch Irer vil kundt
1631 1266 2254 1328 same gehept, also daß sy selbs nüt
1640 1311 2246 1368 vngebürlichts gesechen, ob wol sy et
1639 1347 2251 1419 vas argwons vß gmeiner gassen.
1653 1388 2266 1461 red gehört habint, daruff aber nit
1638 1432 2259 1505 zusetzen, wie fürnemmlich der küffer
1642 1478 1830 1552 vermeldet.
1673 1521 2272 1592 Insonderheit aber hatt, Peter Tillman
1670 1587 2265 1632 bezüget, wie daß etliche mal persone
1669 1610 2266 1672 In irem huß gsin, die da truncken, denne
1662 1646 2268 1710 man seyn zu tragen, wüsse aber nit,
1648 1678 2252 1755 wer sy gsin sten. Item so habe er
1662 1720 2257 1797 von Baschi Himmerman selig, als er
1666 1762 2265 1837 in synem huß gearbeitet, gehört, das
1658 1808 2253 1877 er vff ein Ist Iren zwen vor Irem
1668 1852 2248 1910 huß antroffen, die er mitt dem
1670 1885 2258 1960 vehr biß zum zughuß getriben habe,
1674 1933 2265 2004 wüsse aber nit wer sy gsin seyen
1669 1967 2253 2057 dann ouch derselb sy nit erkent
1667 2019 1770 2086 habe.
1694 2078 2290 2170 on ihrer jetzig nachbursch, obent
1700 2133 2044 2203 halb dem Schlüssel
1670 2172 2268 2261 hatt Erstlich Hans Jacob der schärer, bi
1682 2232 2280 2307 welichem sy ze huß ist, vermeldet, Er
1687 2270 2275 2344 könne mit gespüren nachzügen, das
1688 2304 2265 2378 etwas böses im huß vergange, aber
1696 2341 2270 2434 usserthalb und anderstwo trybe sy
1720 2379 2254 2470 in wesen, das wol zeverbesseren,
1689 2419 2270 2498 und so mans wüsste, es nicht nit
1697 2460 2275 2550 vol gefallen wurde, sy rüste
1714 2500 2281 2578 mitthin spysen, und trage sie dann
1696 2540 2290 2628 anderst wohin geniessen, vnd Insonder
2216 2606 2297 2672 heit
2931 271 3013 360 13.
2291 357 3012 482 sye sy im Sommer etwan in ein Wald ge¬
2293 413 3004 530 spariert, und spys mitt sich hinuß getragen
2285 453 3023 569 Ire gspilen, die zum vilsten zu ira gewand¬
2290 513 2966 604 let, ye die Maria zum Hirtzen, Basch
2287 528 2994 649 jungs frouw, mitt deren sy ouch mitt hin
2283 589 2991 695 In Ires stüblin heimgangen, und da mitt
2273 645 2691 729 einandern getrunken.
2280 677 2970 772 der Kuchi Barbel tochter habe sy zwar
2294 710 3040 802 ouch besuchen, und sich by ira zu züchen, wel¬
2282 760 2951 854 ches er ira aber nit gestatten wöllen.
2301 851 2972 943 Hans Jacob Jagg der Pfister hatt zuget,
2287 895 3015 988 Wie daß er deß Bachts zum Hirtz frouw
2288 950 3020 1017 vil vnd dick, vnd der Köchi Barbel toch
2299 991 3009 1058 ter ein oder 2. mal da gsechen vß vnd
2293 1041 2515 1111 ynwandlen.
2306 1077 3051 1162 Sye wol etliche mal disen verschinnen Sommer
2304 1133 3025 1207 zum thor ufgangen, aber mitt iren schwe¬
2291 1194 2396 1253 steren
2306 1227 3012 1294 so kommnnnedt zwar mitt hin lüth zur Werck¬
2305 1287 2968 1341 statt möge aber nit wüssen, ob sy by
2294 1295 3031 1383 dem Man von syner handtierung wegen, oder
2292 1355 2618 1426 Iten sy das zeschaffen
2301 1394 3003 1484 Anders sye Inen habend sy allerseits hinzu
2300 1456 2679 1528 gsetzt, nit in wüssen
2679 1589 2939 1667 Curverlegt.
2312 1590 2455 1671 Bern
2515 1642 2876 1718 ino. Biemplitz
2312 1688 3016 1781 sedel an g predicanten. Sölle vnd möge
2336 1751 2986 1805 Hans Jacob Steigmeyer, den Schantz
2306 1793 3017 1854 fuhrer mitt Margreth grat syner
2323 1827 2735 1896 Scheverlopten, ynsegnen,
2316 1939 3022 2099 2 Montag. 27. Octobr. 1628
2561 2072 2774 2142 ex Senatu
2327 2115 3060 2214 H. v. von Werdt. Index. H. Tachselhofer
2561 2189 2724 2261 Schlinist.
2345 2215 2845 2318 hr Schmid, Hr Langhaus.
2351 2285 2960 2406 H. Sultzer Stettler. Im Hag
2385 2426 2793 2508 Brugg, dirett
2345 2493 2981 2580 Hans Richli der Ziegler hatt durch ein
2358 2562 3000 2623 schryben zeverstahn geben, wie daß
