4032 3024
1331 369 1472 452 546.
1435 444 2032 582 und sich hinfür vorm trunck hüt
1426 512 2021 635 Ouch wort und werck ufgeheget
1432 551 2037 672 vnd keinem theil an habenden ehren
1430 593 1658 664 schädlich syn.
1435 681 1867 789 Bümplitz. Bern.
1423 789 2010 904 Obwol H Jacob Rinner, Innamen
1434 868 2015 948 erhandlet, mundt vnd schrifftlich
1441 895 2031 990 dargethan, und beschynlich gemacht,
1425 943 2020 1021 was gstalten und in was posten
1424 977 2025 1057 dem Tyren wechter die sutum der
1426 1018 2022 1106 1000 lb durch Herrn Moratellselig
1416 1059 2010 1140 abgericht vnd gut gemacht worden.
1403 1102 2016 1198 hatt doch Er eines theils, sondern
1411 1148 1993 1235 lich aber dessen, was er selbs
1418 1192 1993 1270 schuldig gewesen syn sol, so für
1406 1230 1997 1304 968. angerechnet worden, ge¬
1411 1270 1579 1341 lougnet
1573 1277 2007 1338 Wyl aber er Cun¬
1401 1318 2003 1390 niers bericht uß h. Morattels seligen
1409 1361 2002 1435 rödlen gezogen, vnd nun dieselben
1416 1405 2016 1473 Inne Eyren Wechter heiter über¬
1395 1444 2000 1518 leysend, ouch durch zweyer ehr¬
1390 1485 2023 1560 licher männeren zugsamt sich befunden,
1386 1528 2013 1604 das er der rechnung wol content vnd
1399 1576 1999 1644 zufriden gsin, daruff gelobt, und
1394 1615 2020 1681 geredt, hr. Morattel habe ehrlich mitt
1390 1658 2006 1727 Ihm gehandlet, Ist endtlich zwüschen
1394 1699 1998 1760 Inen erkent vnd abgesprochen, das
1398 1741 1996 1805 es by demselben verblyben, vnd
1388 1791 1996 1853 ausgestödel vnd schrifften Ces
1379 1825 2002 1892 könne dann lyrentwächter dieselben
1387 1862 2008 1932 nach todtner Hand nach form Rech¬
1393 1906 2014 1976 tens absetzen,) fur gültig angeor
1387 1934 2022 2012 vnd gehalten werden, hiemitt E.
1386 1981 1993 2057 Imme kein ersatzung, jedoch aber
1372 2027 2009 2098 die schuld gegen faßnachts Erben
1372 2063 1993 2143 gut und richtig gemachen, oder imme
1384 2106 2009 2184 dieselbe nochmaln zu erleggen schil¬
1387 2155 2008 2226 dig, der Costen diser sach, sampt
1378 2189 2008 2267 vorten vnd Wercken, beidersyts vf¬
1381 2224 2022 2311 gehept syn. Die wyl dann aber
1375 2274 1974 2348 h. Morattel selig ine Coufende
1373 2312 1976 2397 schulden, der Reformation zu wider,
1384 2350 2000 2430 anzins geschlagen, H. Stürler deß wei
1369 2398 2006 2471 nach Inhalt derselben vmb die con¬
1378 2434 1993 2499 fiscation dritten theils verfelt syn, und
1375 2473 1998 2549 sölichen biß nach dem 20ten tag erlegg
1368 2529 1489 2589 sölle.
2663 384 2785 473 547.
2111 425 2533 594 dotalem Bern.
2104 538 2746 662 zuerörterung der sach zwischen Hans
2117 595 2765 710 disen und Hr Johannes Stürler, ist
2109 646 2787 747 erkent, es solle dieselb in ein orden¬
2113 686 2741 808 lich fürtrag verfasset, derselb hie
2104 705 2770 834 nicht wider vorgelesen, vnd volgents
2098 779 2775 899 für m. g. h. getragen Eden, mitt
2105 823 2803 943 ressentation, das man nit für können
2104 875 2800 972 Inne nach vermög der Reformation (wyl
2103 930 2799 1013 er grösseren vorteil, als das 10. vom
2100 975 2767 1073 hundert an sich gezogen) zeverfellen,
2104 1021 2743 1101 und ir g umb handthabung by
2092 1070 2757 1152 den erforschung sölicher vnd der glych
2084 1110 2716 1215 uherischen tusch henden, zepitten.
2728 1051 2794 1216 3
2096 1234 2696 1418 Montago re abris 169
2316 1383 2553 1472 De Senatu.
2122 1439 2752 1519 Suspenner Bickhart. S. Amman Jud.
2294 1506 2441 1581 Glinist
2130 1552 2672 1647 S. Langhanß S. Rütimeyer
2348 1618 2399 1682 in
2360 1644 2674 1753 hr Heimberg.
2140 1668 2367 1732 Hr Munner
2373 1769 2682 1849 Roytigen
2153 1779 2380 1853 Chürnen
2382 1831 2641 1900 Kousdorff
2143 1949 2782 2008 Vyl Hans Wul, vber vßgestandne vn¬
2155 2001 2774 2059 dere gfangenschafft, by synem vernein¬
2146 2025 2758 2079 en vest verharret, dorothe konen auch
2136 2065 2746 2122 Inne Jetz widerumb entschlagen, vnd
2130 2105 2740 2176 vermeldet, sy habe Ihm vnrecht gethan
2142 2138 2758 2206 vnd sonst ouch vff Iren vnbestendigen thor¬
2153 2177 2739 2257 echten reden nit zusetzen, Ist die sach
2151 2219 2729 2295 zwüschen Inen beiden Gott dem Herren
2148 2263 2734 2334 heimgestelt, vnd wiewol die wybsper¬
2150 2301 2731 2383 son, so sy by rechter ernunfft und sinnen
2144 2339 2750 2406 gewesen, ein hoche straff verdienet ghan
2146 2372 2721 2455 hette, wyl sy söliches alles fürgenommen
2142 2407 2757 2491 damitt sy von Irem man gescheiden wurde
2139 2447 2760 2534 den Wül Inso harte gfangenschafft ge¬
2135 2483 2716 2569 bracht, vnd entlich widerumb ent¬
2149 2529 2709 2605 schlagen, der handel, In ansechen Irer
2141 2554 2727 2659 thorheit also ußgemacht worden, das
