4032 3024
1467 339 1550 412 114
1568 355 2163 461 vnd aber vnderligen mussen, so tra
1560 411 2168 504 anfenglich verhalten worden, daß
1568 459 2155 532 wegen sy das empfangne gelt dem
1554 499 2150 577 Uli Schmitzen widerumb in den huß
1559 537 2163 622 gang gworffen, und uß erzelten
1544 586 2148 655 gründen, vnd daß diß alles wider
1562 626 2156 698 rer fründen wüssen und willen zu¬
1552 668 2174 755 gangen sye, uff entledigung getrungen,
1555 713 2155 791 In bedencken weliches allessin, vnd
1551 758 2168 844 das sonst nüt wyters zwüschen inen
1557 799 2160 882 vergangen, dise chransprach ufge
1558 843 2156 920 hert, vnd Zetwäderin, sich ander¬
1557 890 2156 962 fahhrt zu verehlichen erloupt, Jedoch
1566 932 2149 1017 Er, ins künfftig mitt mehrer uf¬
1549 974 2146 1051 richtigkeit, als dißmaln beschechen,
1571 1019 2147 1099 zetryben vermahnt, vnd der Kosten
1546 1060 2141 1145 dann beidersyts wettgschlagen worden.
1579 1157 2163 1267 Wangen by Linden. Dern
1559 1253 2122 1341 Christoffel Knechtenhoffer einem
1571 1317 2099 1380 Jungen Schlosser gsell, erloupt
1577 1347 2149 1426 mitt Anna Moserin, Hans Nüners
1567 1390 2104 1452 deß Schlossers Wittwen, zu
1564 1427 2133 1504 Bümplitz kilchenrecht zethun. Jedoch
1577 1473 2132 1554 mitt dem anhang, das er fürderlich
1577 1507 2133 1585 ynem fürgeben nach der Annemm
1567 1551 1860 1624 ung nachgange
1725 1642 2059 1753 Münsingen
1704 1698 1978 1787 Ifferdten
1583 1762 2129 1887 Michel danner, ein Zusätzer,
1596 1827 2096 1922 hatt wider dasi stucki syn
1594 1861 2136 1962 Ehewyb, der schidigung begert,
1596 1902 2113 1988 und zum grund genommen, daß
1590 1932 2105 2037 sy sich mitt zugrüffen unehrlich
1591 1980 2111 2072 ghalten, und uß nicht banden ge¬
1581 2010 2119 2115 brochen sye, ouch hieruff ein spe¬
1581 2043 2106 2150 cification etlicher diebstälen ynge¬
1567 2077 2088 2189 legt, deren sy meistentheils be¬
1570 2114 2109 2244 kantlich gsin, und umb verzychung
1578 2163 2108 2276 gepätten. Wyl aber diß noch nit
1581 2195 2120 2317 gnugsame ursach zur schidigung ist
1574 2238 2108 2368 imme anzeigt und zugelassen worden.
1580 2263 2080 2382 so er etwas wyters ab ira le¬
1571 2297 2135 2432 klagen, und uff sy zu bringen wüsse,
1582 2343 2113 2461 Insonderheit, das sy zu gutenen
1586 2371 2113 2509 sich für syn schwester ußgeben und
1573 2393 2134 2554 darby vermeldet und gredt habe, syn
1598 2448 2083 2593 wensten den ein alten
1605 2479 2131 2644 dites les den seinen
2903 273 2991 357 15.
2316 333 3011 453 vndt Chorgricht, vnd sonderlich die
2382 388 2986 483 vort zu Müllenberg abtry¬
2331 441 2374 485 o
2311 436 2953 535 ben möge. Mitt vermahnung an
2351 466 2967 577 deß tags, so er ira nambsen
2316 510 2995 611 werde, alda zuerschynen, wo nit
2328 553 3010 644 wurde man Ihm die ruff ergahn
2333 637 2448 702 lassen
2549 682 2826 770 Bohlingen
2346 752 2977 867 Cieli Rorer hatt sich der anklag
2331 818 2970 902 halb, oben p. 109 verzeichnet, ent¬
2335 856 2935 942 schuldiget, das er sich nit gewei¬
2322 893 2962 992 geret, ouch nochmalen erbüttig sye
2317 944 2973 1025 den guldi wegen deß Lumpentra¬
2325 983 2977 1062 gers jedoch uff etwas gstündung
2310 1027 2952 1101 zu entrichten, daß er aber von
2308 1069 2950 1143 deß Mans Im Offenhūß wegen
2314 1114 2968 1193 ouch 1 guldig erleggen sölle, dessen
2313 1154 2971 1242 habe er sich beschwärt, wyl der¬
2298 1204 2939 1279 selb nit durch Inuo, sondern schon
2302 1250 2949 1327 vnd Peter Rentsch alda inge¬
2290 1297 2953 1370 setzt, ouch von der gmeind zum
2298 1336 2965 1419 hindersässen angnommen worden sye
2269 1391 2936 1480 Dem Chorgricht soliches zuschryben
2272 1538 2883 1636 Vnderwalden. Bern.
2324 1681 2945 1750 aspar von Ach vnd Elßbeth Bum¬
2316 1738 2953 1783 berger, Ob wol sy hieuor vnder¬
2305 1768 2963 1838 schidenlich argwöniger gemeinsch
2314 1811 2956 1879 wegen vor einandern gewartet,
2316 1849 2950 1921 ouch jetzt ernstig zur Warheit
2293 1892 2955 1968 ob sy nit by wärender syner vor
2299 1935 2965 2008 gehnden Ehe sich mitt einandern fleisch
2311 1973 2941 2051 lich vermischt habint, wyl Jedoch
2313 2020 2941 2094 sy desselben keins wegs bekant,
2301 2071 2923 2121 lich yn wöllen, vnd vermeldet, sy
2302 2101 2896 2171 gliches mitt dem Eid erhalten
2299 2134 2939 2212 dörfften, Ist die sach Gott denck
2310 2183 2967 2258 beuolchen, vnd Inen bewilliget vor¬
2303 2231 2938 2292 den, mitt einandern zu Muri den
2317 2279 2929 2347 kilchgang zehalten, Jedoch wider
2298 2306 2745 2381 gewohntem vorbehalt
2296 2365 2907 2451 Tedel auch predicant daselbst.
