4032 3024
1236 407 1341 469 434
1330 466 1898 550 also mitt vngrund vnd faltschlich an¬
1341 502 1884 588 geklagt, ebenmessig, wie sy hie¬
1338 543 1902 625 uor, uff die schidigung getrungen
1333 585 1898 662 y aber, ehrlich mitt imme huß ze¬
1326 625 1893 706 halten, sich erbotten, deßwegen
1337 665 1893 735 vnd In ansechen er ira wenig liebs
1345 710 1901 770 erwisen, das multer Irenthalb an
1332 744 1907 813 die hand genommen, und sy beide wider
1341 786 1899 852 formelich zusamen bekent, Jedes zu
1339 831 1909 893 syner schuldigen pflicht, sonderlich das
1343 868 1915 924 sy sich in irem hüßlin enthalten, und
1333 909 1929 971 mitt näyen etwas gewinnen, Er dann
1342 947 1927 1009 o er noch wyter dienen wil, sy mitt-
1339 986 1930 1053 hin heimsuchen, vnd Ire gebürende hand
1345 1026 1924 1091 reichung thun solle, vermahnt, und zu
1332 1062 1930 1128 glüpt ufgenommen, die er ouch dessen
1354 1103 1819 1180 schrifftlich verstendiget worden.
1369 1183 1885 1272 Bruneck. Burgdorff
1362 1269 1928 1356 zwüschen Elsbeth Bärendislin vnd
1368 1316 1937 1392 Samuel Spichtin erkent, er sölle
1380 1358 1957 1422 tra Iren gfangenschafft: vnd andern
1372 1388 1955 1460 Chorgrichtlichen Costen, so sy hieuor
1371 1424 1950 1493 von deß mitt imme begangnen byschlaff
1369 1470 1954 1537 wegen erlitten, widerumb ersetzen
1369 1512 1935 1578 vnd abtragen, alhie ouch angentz
1380 1547 1940 1620 abbüßen, vnd die schidlit oder sein
1367 1577 1927 1662 der hendler, so darzu geholffen, das
1385 1607 1942 1705 y inne zu Burgdorff vermittlist et
1387 1656 1952 1744 wrn gelts ledig gesprochen, mitt nam
1392 1701 1939 1784 Jacob Steinegger der Wyß gärbel,
1389 1730 1949 1811 und daniel Schär, hierüber verhört
1379 1778 1853 1856 vnd gerechtfertiget weden.
1374 1809 1976 1907 Schryben an 6. Schs, dieselben biß un
1408 1879 1722 1952 frytag harze halten.
1560 1925 1877 2025 Wilchlindach
1398 1990 1972 2104 S. Peter Mülheims frouwen gefengen.
1453 2043 1974 2119 rlicher züchtigung halb, daryn sy
1426 2077 1961 2162 hieuor von Ir Gn erkent worden.
1415 2101 1988 2201 Diewyl sich die sach so lang verzogen d
1414 2140 1971 2232 als sy dem erschinnen, sich befunden, das
1416 2177 1965 2276 s ein songends kind daheimen habe
1399 2228 1977 2304 Sind nicht uff das milter gefallen,
1405 2242 1993 2358 vnd sy mitt einer scharpffen contur,
1409 2314 1897 2406 der gfangenschafft erlassen
1420 2328 1995 2444 imme selbs über syn klag wider den
1426 2389 2000 2482 jetzig hr. predicant zu Maleren, das der
1431 2419 1984 2509 selbig nit sr ußtuch noch nit volle
1432 2453 1988 2547 kommen statt gethan, Ist angezeigt
1424 2496 1980 2580 worden, das er nach des Herr vogt zu
1434 2533 1984 2617 Rünitz heimkunfft wider erschynen
1430 2556 2017 2655 vnd antzwüschen syn begeren zugstelt
1432 2630 1617 2709 syn solle.
2524 347 2615 418 435
2172 431 2310 504 Bern.
1978 451 2635 603 Hans Wyß sol noch einmal, uffem Mitt th
1983 510 2604 639 zuerschynen, citiert, vnd so er das nit
1978 544 2619 683 thäte, gwarsam hargehalten, ouch der
1985 573 2623 714 bruder vermahnt werden, imme vor sey
1984 647 2311 754 feren vergleich gesyn.
2177 750 2294 813 Bern
1998 804 2619 924 soech Thomets rucher tractation gegen
2006 835 2650 964 yner hußfrouwen, wie ouch synes fä
1997 879 2629 988 lers abbüssung wegen, Ist dem Chor¬
1993 913 2623 1026 Weibel beuolchen, Inne gfengelich yn
2003 1005 2133 1079 zusetzen.
2014 1077 2638 1272 Mittwuchens. 7. Octob. 1629.
2066 1220 2486 1322 gr züg herr Amman. In d
1986 1264 2067 1323 Exsen.
2091 1271 2585 1352 Hr Langhaus. S. Rütimeyer.
2001 1315 2069 1356 Nin.
2093 1319 2538 1391 Hr Monnier. S. von Werdt.
1995 1350 2053 1420 Civ
2135 1360 2560 1438 Heimberg. G. kein hart
2080 1383 2144 1431 gr
2377 1482 2553 1560 Büken.
2062 1500 2248 1590 enguoier.
2075 1568 2641 1670 Panthaleons seligen Wittwen vnd h
2046 1610 2674 1697 david Liecht in successor in der Edicatin
2050 1651 2655 1744 zu Leugnouw, sind irer spenigen theilung
2058 1695 2658 1775 wegen der pfrund ynkommens, dem
2056 1724 2660 1810 letzsten Rhats zedel zu folg, an H. Schs
2058 1767 2667 1844 vnd Collen gewisen, mitt einem schryben
2055 1804 2667 1887 sy ires paus billich mässigest zu entscheiden
2064 1841 2682 1918 oder aber, fals die fründtliche verglychung
2063 1878 2671 1954 nit erheblich, sy widerumb mitt bericht
2063 1939 2253 1998 harzewysen
2084 1992 2625 2103 Oberbleichen, viesbach
2076 2082 2748 2195 Bendichtlin Antoni, so hieuor den 28. Aug.
2087 2127 2745 2223 1626. von Uli Garber Irem gewesnen Ehe¬
2095 2163 2708 2265 man, von Jugend vnd anderer Rödigkeit
2078 2184 2746 2297 wegen gescheiden worden, Ist vff ir begere
2096 2242 2742 2342 hen widerumb erloupt, das sy sich wol an¬
2098 2272 2749 2382 derfahrt sehlichen möge, Jedoch mitt dem
2094 2308 2756 2408 anhang, daß die Ehrbarkeit den Jenigen,
2104 2353 2735 2438 o Iren zur Ehe begert, für sich forderen
2103 2384 2749 2480 und imme söliche blödigkeit zu vermydung
2103 2422 2651 2520 künfftige klegten, fürhalten sölle.
