4032 3024
1381 399 1482 484 540.
1413 385 2026 618 Ichlicherchend ab aber
1737 561 1849 633 629
1363 570 1960 718 Exsen: G. Zügherr Amman. Ind.
1355 656 2032 786 Maigt. H. Langhans S. Rütimeyer
1354 716 1470 789 lir.
1558 727 2012 825 S. Monnier. g. keinhart
1447 887 1954 977 Ranck. Hollingen
1713 952 1928 1031 Bollingen.
1451 1014 2023 1115 Elsbeth der ist uff ir yngelegte
1451 1081 2028 1162 supplication wider Bendicht hist,
1442 1113 2021 1189 ler ein Schryben ertheilt worden
1456 1153 2040 1227 in Amman zu Bollingen, Solle den¬
1454 1191 2013 1270 selben eintweders durch gutlichs
1443 1236 2042 1309 gebott, oder wo zu besorgen, das er nit
1436 1277 2041 1357 wurde erschynen, gewarsamlich hoffen
1431 1319 2041 1398 nechsten frytag herhalten, ira mitt
1434 1369 2023 1431 bscheid und antwort zu begegnen
1418 1408 2029 1473 Es sol ouch entzwüschen syn lidlohn
1434 1449 2019 1522 zu Gollinge durch den Chorweibel In
1402 1490 1837 1568 vrpott gelegt worden
1652 1580 1834 1660 Biglent
1436 1639 2017 1712 Michel Steinman, als die schuldige
1434 1701 2029 1768 pson, so hievor von Barbli Stouffer
1444 1740 2003 1803 synem gewesnen ehewyb gescheiden
1435 1780 2000 1839 worden, wyl das wartzil ver¬
1439 1814 2001 1878 flossen, und er ein guten schyn mitt
1450 1850 2012 1916 sich gebracht, hatt erlouptnuß erlan¬
1432 1894 2011 1967 get, sich anderfahrt ze sehlichen
1580 1969 1899 2057 Biglen drus.
1443 2063 2019 2136 Margreth Mäniger, wyl sy dem
1457 2119 1995 2173 Hans Boumer zwillen worden,
1434 2148 1995 2212 ohne das sy die zugewandte Ehese
1441 2178 2022 2250 prechung bewysen könne, ist ires
1438 2210 2035 2300 begerens abgewisen, vnd Ire gesuch
1443 2265 2013 2330 te Eheansprach ufgehert, jedem
1428 2294 2002 2375 sich anderfahrt zerehlichen erloupt,
1414 2348 2020 2415 So fehr das wann sy von ihm schwange
1423 2380 2024 2459 y biß nach entledigung irer lybs¬
1430 2425 2005 2507 frucht warten und so sy imme zu
1420 2459 1999 2538 der genißt, wie brüchlich, zu eignen
1411 2499 1993 2572 wurde, er dasselb empfachen, vnd
1418 2534 1982 2607 in gebür uferzüchen, ouch ira zu
1404 2583 1981 2652 für die kindbetti, neben abtrag.
1415 2600 2023 2696 alles zimm und billichen Costens diser
2681 398 2770 477 41.
2128 475 2797 581 sach, usrichten, vnd nun beide hie ab¬
2130 558 2350 634 büßen sollent.
2279 596 2540 690 Därstetten
2124 673 2805 774 wyl Barbara Eschler Irem eheman Niclaus
2120 740 2793 815 Buler, einen vor 2 Jaren, als er an einem
2128 783 2790 849 berg, Wal als gut, gedienet, mitt einer ge¬
2122 822 2781 888 meinentirnen begangnen, durch sy ge¬
2113 861 2811 935 klagten, vnd durch Inne bekantent gebruch,
2121 913 2795 970 über syn umb verzychung pitten, und aner¬
2111 958 2820 1027 bieten der besserung nit übersechen wöllen.
2113 996 2799 1075 Ist das ehliche band zwüschen Inen nach ge¬
2117 1043 2779 1113 meiner form Gmög der satzung, ufge¬
2111 1095 2766 1152 löst, vnd er, neben syner straff, so er hie
2108 1125 2796 1190 ußstahn sol, ira umb den kosten verfellt
2111 1182 2211 1237 worden.
2287 1231 2565 1317 Rapperswyl
2119 1295 2776 1381 dem herren predicanten über syn schrifftliche
2128 1360 2769 1421 entschuldigung antworten, sölle deren
2132 1395 2769 1468 ungeacht nach dem 20. tag persönlich hie
2126 1439 2776 1512 erschynen, vnd dem vorgehnden schryben
2121 1481 2598 1555 syner schulden halb gnug thun
2324 1550 2689 1646 Schwartzenburg.
2145 1617 2783 1702 Elsbeth Henni ist wider Peter zwalen,
2154 1683 2766 1738 trentheman, als der nit zu betretten
2149 1712 2782 1783 sin, ein Rufbrieff ertheilt worden von
2143 1758 2770 1830 1 zu 14 tag, an den Cantzel zu Wa¬
2131 1795 2254 1870 leren
2394 1868 2614 1936 digriswyl
2153 1865 2269 1943 Trub
2408 1920 2617 1982 Herbling
2153 1968 2783 2048 Diewyl Ena Kräyenbul Iren eheman,
2155 2030 2772 2100 Anthoni Buwer, ein müllerknecht (nach
2147 2064 2736 2128 dem er vor 8 tagen yngelegt worden
2155 2100 2748 2178 und syn branten wyn, mitt dem er sich
2138 2138 2736 2203 domals ammorgen frey übernommen
2148 2177 2757 2241 ghan, ußgedoüwt, deß Ehebruchs ange¬
2144 2207 2748 2294 klagt, so er mitt einer Wittwen zu Rou¬
2154 2242 2755 2320 tinge, by deren er knechts wyß gedie¬
2153 2287 2761 2367 net, begangen habe, vnd Imme denselben
2158 2322 2775 2406 über syn bekantnuß und umb verzych
2163 2361 2739 2441 ung pitten, keins wegs vergeben, noch
2157 2399 2721 2469 Ires rechtens abstahn wöllen, Ist das
2158 2426 2734 2523 chliche band zwüschen Inen ad formam
2148 2465 2761 2563 ufgelöst und imme darby uferlegt worden,
2154 2499 2751 2588 tra allen zimm, und billichen mitt diser
2154 2544 2766 2637 sach erlittnen Costen abzetragen, deß¬
2678 2575 2782 2638 glychen
