4032 3024
1217 385 1328 455 436.
1485 449 1762 543 Gertzensel
1305 511 1862 615 Elßbeth Springens wider Jacob
1341 581 1869 646 zimmerman one geklagte fleische
1336 614 1879 689 liche Emischung, yngewendte Ehe¬
1339 663 1877 730 ansprach, sambt dem kosten ufge¬
1336 696 1875 762 hept, In ansechen er aller Ehever¬
1322 734 1876 797 heissung gelougnet, vnd sy nüt be¬
1336 769 1826 837 wysen können. Vnd die wyl
1818 785 1890 837 sy sich
1324 811 1894 872 zusamen in ein bett gelegt, vnd die
1338 848 1904 912 gantze nacht biß am morgen by ein
1344 886 1900 948 andern vbliben, ob schon sy keiner
1336 921 1894 993 fleischlichen berührung gestendig sy
1326 976 1912 1031 wöllen, sind sy von sölicher lycht
1338 1005 1919 1067 fertigkeit vnd mutwillens wegen
1337 1048 1916 1105 beide zu wolerdienter straf biß an
1328 1085 1925 1157 frytag in die gfangenschafft erkent:
1353 1126 1913 1189 Dieneben diewyl nit allein gemelter
1352 1164 1920 1229 Jacob, uff mit ihr erforschung vermeldet
1349 1198 1912 1270 sonder auch syn elter bruder Anton
1341 1238 1926 1307 Zimmerman, so die hußhaltung ver¬
1351 1279 1921 1350 führen sol, nit ab syn können, daß
1339 1312 1924 1379 er vnd syn hußfrouw, wie zuglych
1337 1353 1918 1429 der bruder vnd knecht, zwar nit
1336 1388 1942 1468 In einem bett, aber glychwol zu einem
1341 1423 1939 1511 gmach bysamen Ir geliger habint, Ist
1339 1463 1932 1541 er von sölicher unanstendigkeit wegen
1340 1511 1936 1590 umb 5 lb gestrafft und zu unverzogen
1338 1553 1929 1629 ner erbesserung vermahnt worden.
1552 1614 1827 1707 Weysindlen
1378 1703 1951 1789 Obwol Rudolff Silliger syn mein
1385 1742 1931 1831 sterin Margreth Düller dahar, das
1388 1784 1938 1875 er zwo nächt vß irem geheiß oder
1374 1812 1941 1908 zulassen an Irem bett by vnd neb
1385 1856 1946 1947 hra gelegen, vnd sy inne zu andern
1373 1888 1951 1992 wweg fründtlich gemeint, ouch vnder
1379 1927 1950 2023 andern Inne Ires khindt stiefvatter
1379 1956 1958 2062 genamset, der Ehe angesprochen, Ie¬
1374 2001 1966 2102 doch vnd diewyl zwüschen Inen das
1391 2031 1986 2144 sy habint bekantlich syn wöllen) nit
1374 2078 1959 2186 wyters vergangen, und nit allein
1383 2114 1963 2223 kein formeliche Eheversprechung ge¬
1383 2152 1961 2274 schechen, sondern auch dißmalen aller
1390 2190 1957 2309 unwillen uff irer syten verhanden, zu
1390 2243 1945 2342 massen sy sich keins wegs bered
1393 2275 1970 2387 lassen wollen, sind sy von einandern
1397 2325 1963 2420 gescheiden, Jedem sich förmbtlicher Ze
1382 2353 1977 2485 vehlichen erloupt, ira von obberührten
1401 2381 1981 2512 anlaßes vnd vnordenlichen ligens
1402 2426 1977 2544 wegen, neben 9 lb den zur straff,
1415 2482 1958 2579 der Costen, vnd daß sy inne alß
1414 2503 1993 2614 bald von sich us irem dienstschaffen
1397 2571 1798 2676 sölle, uferlegt worden
2494 338 2611 412 437.
1965 409 2509 581 gensions Trachselwald
1960 531 2560 670 Hans Lohman Innamen syner tochter Anna
1961 565 2575 716 wider Matthys Rötlisperger ein schryben
1981 607 2588 729 auh. landtvogt ertheilt, denselben für
1978 653 2593 786 sich geforderen, vnd dahin zehalten, das er ge¬
1992 689 2588 808 neltem lehmen das vor 4 Jaren by syner
1979 710 2627 849 tochter erhilete, Imme bim Eid zugeeignete,
1980 775 2616 888 vnehliche Khind, an welches in erhaltung er¬
2000 799 2618 924 in beruhrter zyt nit mehr als ein harlohn
1985 847 2634 973 ußgerichtet, abnemme, und in gebür versorge
1998 895 2621 1007 ouch mitt Imme der zyt vnd billigkeit
1990 933 2605 1030 nach für die angewendte erhaltung ein
1983 966 2606 1078 gengelichen willen schaffe, widrigen fals
1996 1004 2635 1112 Inne, mitt notwendigem bericht, har¬
2003 1094 2136 1153 ze wysen
2162 1116 2418 1222 Aelboden
2012 1202 2669 1334 Christen Bircher hatt Elsbeth Saufften syn
2034 1263 2647 1359 shewyb angeklagt, das syn verzychung
2027 1296 2660 1391 eines vorgeheben mitt Gilgien zum Kehr
2024 1344 2658 1426 begangenen fälers an ira nit souil er¬
2040 1363 2707 1469 schossen vnd gefruchtet, dann daß vnlangst
2040 1408 2700 1508 amberg sy mitt zweyen Sibenthaleren gessen
2033 1457 2694 1541 vnd truncken, ouch by verschlossner thur heim
2033 1484 2697 1581 licher vnd verborgner wyß sich by inen uf¬
2048 1524 2698 1632 gehalten, vnd mitt einem ein abtritt ge¬
2043 1572 2698 1651 wben habe, deßwegen die schidigung ge¬
2125 1605 2687 1692 darüber sy, nach sitt ver¬
2055 1646 2123 1694 ucht.
2055 1636 2693 1740 schinnen montag ußgestandner gfangensch
2043 1671 2704 1766 zmeldet, daß an gedachtem ort kein fuler
2035 1725 2683 1822 vergangen, könne aber nit ab syn, dann das
2058 1749 2707 1855 sy sich kurtz daruor, diß verschinnen sommers,
2064 1793 2698 1881 ouch am berg, sonst mitt einem andern, namms
2069 1832 2719 1921 seter Cuntz in schwenden, der K. Diemptig
2072 1866 2720 1967 leider) wider ehliche pflicht vergessen, vnd
2060 1915 2710 2005 deßwegen Iren Eheman, neben anerbieten
2060 1939 2730 2037 der besserung doch nit mitt grosem ernst¬
2073 1970 2727 2080 vmb vychung gepätten, der aber nit
2074 2004 2747 2107 erwinden, noch sich mitt ira begütigen lassen
2079 2039 2742 2143 wöllen, sondern stracks uff die schidigung
2093 2085 2750 2181 getrung, weliche nun Imme, vnder gewohn
2095 2116 2755 2213 ten conditionen Jedessin wartzils, erlauft
2097 2153 2747 2263 nuß nemmens, vnd das sÿ hernach ein schÿn
2098 2189 2743 2293 bringen sölle, ouch verlanget, also das sy imme
2108 2226 2748 2322 allen diser sach halb erlittnen Costen ab¬
2104 2254 2737 2362 tragen, hie zu vollem abbüssen, und zytlichen
2107 2297 2761 2405 guts halb beidersyts für ehrnlüt gewisen
2105 2371 2305 2452 syn sollinden
2104 2370 2566 2490 An Castlan zu Wimmis schryben
2143 2407 2758 2522 Gemelten Guntz allewyl sy hie abbußt,
2143 2486 2343 2557 harzehalten
