4032 3024
1459 285 1527 358 84
1539 324 2164 435 o ira der Ehe bekantlich, mitt einen
1530 386 2167 482 Censur frey unverschamten wesens wider
1512 418 1841 488 hingeschickt worden.
1562 516 1700 595 Bern.
1774 503 1985 609 Rorbach
1521 590 2134 683 Wilhelm felß sol anzeigt werde,
1520 653 2142 737 das Gr. Jost an der Egg sich selbs ver¬
1507 693 2147 781 luten lassen, das er vff nechstem Mitt¬
1514 725 2141 816 wuchen hie erschynen wölle, dem
1526 760 1932 839 sölle er nun erwarten
1740 836 1897 918 Bern
1548 910 2138 1020 Christoffel von dießbach, so von
1521 969 2122 1041 synes langen Hars wegen beschicktt
1523 1001 2129 1081 worden, hatt sich entschuldiget, das
1519 1041 2142 1123 er soliches also tragen müsse von syner
1515 1088 2125 1154 gsundtheit wegen, mitt vermelden, man
1515 1122 2108 1201 begere, ob Gott wil, der Rüthe
1508 1153 2118 1243 ungsundtheit nit. By wölichem
1520 1200 2139 1279 mans einmal bewenden lassen, es
1513 1236 2126 1323 sol aber der grundt dessen by den
1516 1273 1963 1351 doctoren erkundiget werden
1739 1349 1907 1417 Bern
1478 1405 2131 1505 David Tillis der Todtengreber, Ru¬
1535 1466 2102 1536 dolff Meythaler, vnd Hans Jacob
1535 1506 2095 1576 Hüpscher, der Schärer sind gere
1535 1538 2097 1607 formiert worden vmb das Ire
1540 1579 2133 1654 hochzitlüt nit zu ordenlicher zyt, wie
1526 1611 2118 1687 das Mandat erforderet, In die Kilchen
1540 1651 2141 1727 yntrett, Ob wol nun sy sich dar¬
1527 1694 2109 1758 über allen syts versprochen, und der
1529 1727 2132 1804 gnad begert, jedoch wyl sy bekant,
1525 1760 2135 1848 lich syn mussen, das die übertrettung
1535 1797 2127 1885 geschechen, ward erkent, da Inen
1518 1838 2138 1935 die bestimpte buß abgfordet wen
1548 1876 1634 1943 solle.
2284 2158 2320 2236 c
2967 287 3031 350 85.
2281 348 3045 499 d Littwuchens. 17. Xbris urs
2578 435 2767 499 ex Senatu
2296 465 3012 589 Ehr dachselhoffer. Ind. G. v. von Werdt
2572 527 2724 589 Minist
2418 565 2769 649 H. decan Schmid.
2578 615 2696 685 wil
2343 649 2925 745 H Gultzer hr. Fischer. H. Hirtz.
2444 747 2741 837 Ab der Lengg
2323 821 2972 906 Alexanders zbaren halb hatt v. hien
2311 881 2962 932 vom H. Castlan widerbracht, das der¬
2297 907 3002 974 selbig imme vermeldet, es hab nit die fründ
2336 945 3015 1023 me versprochen, so er sich wol anlasse,
2324 983 2993 1061 y imme gebürliche handtreichung thun
2313 1030 3011 1095 völlind, und er daruff imme in die handt
2307 1062 3002 1135 gelopt, syn zu kilchen geführen. Ob nun
2310 1106 3023 1162 vol er sich zum selben, so wol vff erlitt,
2307 1139 3029 1192 ne gefangensch, als allerhand ernstig fur¬
2310 1181 3017 1239 bildung nit ergeben wöllen, Jedoch zu
2309 1221 2978 1277 ansechen ob anzognen berichts, vnd das
2304 1253 3000 1315 er lut der Kl. schrybens) In vorgehnd
2300 1289 2983 1362 reiß den fründen deß kilchgangs halb hoff
2299 1331 2971 1391 nung gemacht, zum zeichen und bestätigung
2309 1376 3000 1427 desselben dem H. Castlan die handt geben,
2306 1408 2963 1472 vnd widerumb zuruck kehrt, Neben
2301 1445 2975 1509 dem sich ouch ansechen laßt, er ira ouch
2300 1490 2984 1549 anfengelich vie versprochen, vnd sy one
2301 1525 3003 1592 dasselb In bedencken der guten zugsame
2300 1565 2991 1641 so ira gegeben wirt, imme den byschlaff
2303 1598 2973 1674 nit gewilfahret haben, Inmassen, daß
2307 1641 2977 1717 In beid weg ursach gnug verhanden, inne
2312 1675 2964 1741 dahin zu erkennen, daß wyl er syn
2301 1722 2996 1794 brucht, er ja nun ouch zum ehren behalten
2321 1757 3003 1831 sölle, Ist er Ire förmbtlich zu bekent,
2307 1800 3003 1857 sich ehrlich vnd wol zehalten, vnd dar¬
2312 1838 3019 1900 durch iren fründen zur handtreichung dest
2324 1869 3005 1943 mehr anlaß zu geben, ouch sya iren ge¬
2309 1907 3003 1992 suchten Rechtens nit entgelten zelassen,
2316 1945 2975 2023 vermahnt, wie er dan endtlich nach
2309 1988 2983 2064 langen treyen, vff geschehne fürbild¬
2323 2027 2979 2096 ung, was imme uß dem gegentheil er¬
2302 2061 2984 2141 Wachsen wurde, dem H. Richter in die
2311 2103 2670 2173 handt gelopt hatt.
2324 2161 2989 2249 dem H. Castlan vnd der E. soliches zu schry
2342 2207 3004 2284 ben, und daß sy inne nun zu fürder
2333 2244 3000 2330 licher erstattung deß kilchgangs halten
2337 2278 2988 2357 ouch mitt den fründen reden wöllen
2324 2322 2982 2399 und söllind, das sy imme uß obberührter
2327 2361 2989 2442 vrsach etwas handtreichung an Eytlich¬
2330 2410 2958 2485 ein gut thüyind, vff das sie desto
2326 2449 2921 2516 baß mitt einandern läbindt
