<?xml version="1.0" encoding="UTF-8" standalone="yes"?>
<PcGts xmlns="http://schema.primaresearch.org/PAGE/gts/pagecontent/2013-07-15" xmlns:xsi="http://www.w3.org/2001/XMLSchema-instance" xsi:schemaLocation="http://schema.primaresearch.org/PAGE/gts/pagecontent/2013-07-15 http://schema.primaresearch.org/PAGE/gts/pagecontent/2013-07-15/pagecontent.xsd">
    <Metadata>
        <Creator>prov=University of Rostock/Institute of Mathematics/CITlab|PLANET AI GmbH/Gundram Leifert/gundram.leifert@planet-ai.de:name=German_Kurrent_XVI-XVIII_M5.2(htr_id=38305)::::v=2.6.7
prov=University of Rostock/Institute of Mathematics/CITlab|PLANET AI GmbH/Tobias Gruening/tobias.gruening@planet-ai.de:name=de.uros.citlab.module.baseline2polygon.B2PSeamMultiOriented:v=2.6.7
prov=University of Rostock/Institute of Mathematics/CITlab|PLANET AI GmbH/Tobias Gruening/tobias.gruening@planet-ai.de:name=/net_tf/LA73_249_0mod360.pb:de.uros.citlab.segmentation.CITlab_LA_ML:v=2.6.7
prov=University of Rostock/Institute of Mathematics/CITlab|PLANET AI GmbH/Tobias Gruening/tobias.gruening@planet-ai.de:name=/net_tf/LA73_249_0mod360.pb:de.uros.citlab.segmentation.CITlab_LA_ML:v=2.6.7
Transkribus</Creator>
        <Created>2021-11-02T15:16:52.202+01:00</Created>
        <LastChange>2021-12-02T15:26:16.884+01:00</LastChange>
        <TranskribusMetadata docId="822509" pageId="30664882" pageNr="243" tsid="69007348" status="IN_PROGRESS" userId="101547" imgUrl="https://files.transkribus.eu/Get?id=YLOSJAIJYYMXJFUSOLHGIYMD&amp;fileType=view" xmlUrl="https://files.transkribus.eu/Get?id=JIRBNOVNDSNRRZJFHSJNWMAQ" imageId="24124541"/>
    </Metadata>
    <Page imageFilename="Foto 27.10.21, 3 58 41 PM.jpg" imageWidth="4032" imageHeight="3024">
        <ReadingOrder>
            <OrderedGroup id="ro_1687514260132" caption="Regions reading order">
                <RegionRefIndexed index="0" regionRef="r1"/>
                <RegionRefIndexed index="1" regionRef="r2"/>
                <RegionRefIndexed index="2" regionRef="r3"/>
            </OrderedGroup>
        </ReadingOrder>
        <TextRegion orientation="0.0" id="r1" custom="readingOrder {index:0;}">
            <Coords points="1353,343 1353,496 1425,496 1425,343"/>
            <TextLine id="r1l1" custom="readingOrder {index:0;}">
                <Coords points="1342,455 1363,458 1377,471 1397,456 1405,458 1411,454 1421,463 1435,461 1437,406 1421,401 1411,410 1403,412 1397,408 1389,415 1366,393 1344,396"/>
                <Baseline points="1353,443 1389,443 1425,446"/>
                <TextEquiv>
                    <Unicode>476.</Unicode>
                </TextEquiv>
            </TextLine>
            <TextEquiv>
                <Unicode>476.</Unicode>
            </TextEquiv>
        </TextRegion>
        <TextRegion orientation="0.0" id="r2" custom="readingOrder {index:1;}">
            <Coords points="1379,495 1379,2605 2006,2605 2006,495"/>
            <TextLine id="r2l1" custom="readingOrder {index:0;}">
                <Coords points="1416,520 1458,539 1508,517 1623,524 1696,555 1733,541 1757,562 1834,553 1915,581 1945,580 1953,511 1896,521 1862,488 1766,499 1698,469 1590,487 1520,448 1424,449"/>
                <Baseline points="1427,515 1452,515 1477,515 1503,516 1528,516 1554,518 1579,519 1604,521 1630,523 1655,525 1681,529 1706,531 1731,535 1757,539 1782,543 1808,548 1833,552 1858,557 1884,562 1909,569 1935,575"/>
                <TextEquiv>
                    <Unicode>biß har anstahn verbliben, wyl er</Unicode>
                </TextEquiv>
            </TextLine>
            <TextLine id="r2l2" custom="readingOrder {index:1;}">
                <Coords points="1430,563 1468,580 1504,556 1567,585 1633,566 1667,584 1720,574 1757,602 1807,585 1949,635 1955,582 1874,577 1844,557 1738,558 1618,524 1568,539 1515,517 1434,528"/>
                <Baseline points="1440,554 1465,554 1490,555 1515,556 1540,558 1565,559 1590,561 1616,563 1641,565 1666,568 1691,571 1716,574 1741,577 1766,581 1792,585 1817,588 1842,591 1867,595 1892,599 1917,603 1943,608"/>
                <TextEquiv>
                    <Unicode>in krieg hingezogen und ires</Unicode>
                </TextEquiv>
            </TextLine>
            <TextLine id="r2l3" custom="readingOrder {index:2;}">
                <Coords points="1428,615 1489,603 1510,619 1586,608 1614,628 1717,618 1885,639 1931,660 1934,626 1892,604 1865,616 1835,593 1747,601 1719,572 1668,584 1644,567 1567,584 1533,557 1491,583 1433,566"/>
                <Baseline points="1440,600 1465,600 1490,602 1516,602 1541,603 1567,604 1592,605 1617,607 1643,609 1668,611 1694,614 1719,617 1745,619 1770,623 1795,626 1821,629 1846,633 1872,636 1897,640 1923,644"/>
                <TextEquiv>
                    <Unicode>prochen, das so balder widerumb</Unicode>
                </TextEquiv>
            </TextLine>
            <TextLine id="r2l4" custom="readingOrder {index:3;}">
                <Coords points="1414,656 1495,643 1563,668 1592,654 1640,655 1656,674 1763,664 1853,697 1889,680 1959,697 1962,663 1881,639 1806,630 1776,648 1717,618 1614,629 1586,608 1515,625 1489,603 1444,621 1419,608"/>
                <Baseline points="1425,641 1451,641 1477,642 1503,642 1529,644 1556,646 1582,648 1608,649 1634,651 1660,654 1687,656 1713,659 1739,662 1765,665 1791,667 1818,671 1844,674 1870,677 1896,681 1922,684 1949,687"/>
                <TextEquiv>
                    <Unicode>anheimbsch, er sy dann zkilchen vnd</Unicode>
                </TextEquiv>
            </TextLine>
            <TextLine id="r2l5" custom="readingOrder {index:4;}">
                <Coords points="1428,702 1472,717 1502,696 1526,714 1560,692 1576,710 1669,697 1718,701 1744,727 1789,713 1942,739 1946,695 1887,681 1866,697 1850,678 1825,690 1708,660 1663,677 1635,654 1566,669 1522,647 1468,665 1432,650"/>
                <Baseline points="1439,687 1465,687 1491,689 1517,689 1543,690 1569,691 1595,692 1621,693 1647,696 1673,697 1699,699 1725,702 1751,704 1777,706 1803,710 1829,713 1855,715 1881,719 1907,723 1934,728"/>
                <TextEquiv>
                    <Unicode>trassen führen wölle. Deßwegen</Unicode>
                </TextEquiv>
            </TextLine>
            <TextLine id="r2l6" custom="readingOrder {index:5;}">
                <Coords points="1420,736 1577,735 1675,764 1728,746 1813,775 1852,762 1953,776 1955,748 1928,732 1852,718 1740,723 1716,700 1602,695 1577,711 1561,691 1533,713 1505,697 1478,713 1423,701"/>
                <Baseline points="1431,728 1456,729 1482,729 1507,731 1533,732 1559,733 1584,735 1610,736 1635,738 1661,739 1687,741 1712,743 1738,746 1763,748 1789,750 1815,753 1840,755 1866,759 1891,762 1917,765 1943,768"/>
                <TextEquiv>
                    <Unicode>einmal uff erstattung desselben</Unicode>
                </TextEquiv>
            </TextLine>
            <TextLine id="r2l7" custom="readingOrder {index:6;}">
                <Coords points="1417,783 1485,781 1527,802 1594,783 1615,802 1640,780 1761,789 1937,829 1941,771 1846,761 1813,775 1779,755 1685,763 1577,736 1420,737"/>
                <Baseline points="1428,771 1453,773 1478,773 1503,774 1528,776 1553,776 1578,777 1603,779 1628,779 1653,781 1678,782 1703,784 1728,785 1753,787 1778,789 1803,791 1828,794 1853,797 1878,800 1903,803 1929,806"/>
                <TextEquiv>
                    <Unicode>getrungen, darüber er die Eher</Unicode>
                </TextEquiv>
            </TextLine>
            <TextLine id="r2l8" custom="readingOrder {index:7;}">
                <Coords points="1413,830 1623,821 1768,856 1803,834 1873,860 1965,856 1967,822 1927,828 1872,802 1641,778 1614,802 1595,781 1560,801 1416,784"/>
                <Baseline points="1425,816 1451,816 1478,816 1504,816 1531,816 1557,818 1584,818 1610,818 1637,819 1663,821 1690,822 1716,824 1743,826 1769,828 1796,830 1822,833 1849,835 1875,838 1902,842 1928,846 1955,849"/>
                <TextEquiv>
                    <Unicode>heissung allerdings verneinet, vnd all</Unicode>
                </TextEquiv>
            </TextLine>
            <TextLine id="r2l9" custom="readingOrder {index:8;}">
                <Coords points="1409,859 1548,866 1563,883 1687,864 1958,899 1960,856 1929,848 1688,847 1622,821 1411,827"/>
                <Baseline points="1419,857 1445,858 1472,858 1498,859 1525,860 1551,860 1578,861 1604,862 1631,863 1657,864 1684,866 1710,867 1737,869 1763,871 1790,873 1816,875 1843,877 1869,879 1896,882 1922,885 1949,888"/>
                <TextEquiv>
                    <Unicode>ein deß byschlafs bekäntlich gsin, und</Unicode>
                </TextEquiv>
            </TextLine>
            <TextLine id="r2l10" custom="readingOrder {index:9;}">
                <Coords points="1396,903 1917,935 1959,933 1961,907 1744,869 1615,866 1562,883 1547,866 1399,859"/>
                <Baseline points="1407,896 1434,896 1461,897 1488,897 1515,898 1542,899 1569,900 1596,900 1623,902 1650,902 1678,905 1705,906 1732,907 1759,909 1786,912 1813,914 1840,916 1867,919 1894,922 1921,924 1949,927"/>
                <TextEquiv>
                    <Unicode>sich nit bereden lassen wöllen. In an¬</Unicode>
                </TextEquiv>
            </TextLine>
            <TextLine id="r2l11" custom="readingOrder {index:10;}">
                <Coords points="1389,946 1525,968 1548,947 1623,965 1648,944 1724,972 1786,953 1821,979 1877,963 1924,987 1964,974 1966,942 1812,916 1722,930 1604,904 1391,912"/>
                <Baseline points="1400,942 1427,941 1455,940 1483,939 1511,939 1538,939 1566,941 1594,941 1622,942 1649,944 1677,945 1705,946 1733,948 1760,950 1788,952 1816,954 1844,956 1871,959 1899,961 1927,964 1955,966"/>
                <TextEquiv>
                    <Unicode>sechen welichen vnwillens der tochter</Unicode>
                </TextEquiv>
            </TextLine>
            <TextLine id="r2l12" custom="readingOrder {index:11;}">
                <Coords points="1389,989 1561,1001 1661,987 1700,1011 1731,987 1963,1009 1964,973 1946,970 1924,983 1875,963 1843,980 1725,948 1621,964 1572,944 1523,961 1391,946"/>
                <Baseline points="1400,980 1427,980 1455,980 1482,980 1510,981 1538,981 1565,981 1593,983 1620,984 1648,984 1676,986 1703,987 1731,988 1758,990 1786,992 1814,993 1841,995 1869,997 1896,999 1924,1002 1952,1005"/>
                <TextEquiv>
                    <Unicode>Vatter eben so wol als er der ledig</Unicode>
                </TextEquiv>
            </TextLine>
            <TextLine id="r2l13" custom="readingOrder {index:12;}">
                <Coords points="1393,1030 1556,1026 1621,1051 1741,1032 1768,1055 1848,1036 1916,1063 1974,1055 1976,1019 1818,995 1769,1013 1748,992 1696,1010 1645,986 1621,1003 1494,982 1395,990"/>
                <Baseline points="1404,1020 1432,1020 1460,1020 1488,1022 1516,1022 1544,1022 1572,1022 1600,1023 1628,1023 1656,1025 1684,1026 1712,1027 1740,1028 1768,1029 1796,1031 1824,1033 1852,1035 1880,1037 1908,1038 1936,1041 1965,1043"/>
                <TextEquiv>
                    <Unicode>ung begert, darneben aber angezeigt,</Unicode>
                </TextEquiv>
            </TextLine>
            <TextLine id="r2l14" custom="readingOrder {index:13;}">
                <Coords points="1387,1076 1464,1087 1505,1069 1528,1088 1590,1070 1645,1096 1795,1076 1827,1099 1886,1083 1907,1104 1933,1085 1959,1096 1960,1062 1894,1062 1848,1038 1770,1053 1683,1030 1627,1050 1548,1027 1520,1040 1389,1025"/>
                <Baseline points="1398,1061 1425,1061 1453,1062 1480,1062 1508,1064 1535,1064 1563,1065 1590,1065 1618,1067 1645,1067 1673,1068 1701,1069 1728,1070 1756,1071 1783,1073 1811,1074 1838,1076 1866,1076 1893,1079 1921,1081 1949,1083"/>
                <TextEquiv>
                    <Unicode>daß gmeinem gschrey und Hörsag nach</Unicode>
                </TextEquiv>
            </TextLine>
            <TextLine id="r2l15" custom="readingOrder {index:14;}">
                <Coords points="1393,1125 1465,1109 1657,1128 1682,1109 1872,1122 1899,1142 1957,1132 1958,1086 1908,1101 1885,1084 1827,1099 1796,1076 1678,1095 1591,1071 1527,1087 1504,1069 1462,1087 1395,1074"/>
                <Baseline points="1404,1106 1431,1107 1458,1107 1485,1107 1512,1107 1539,1107 1566,1107 1594,1108 1621,1109 1648,1109 1675,1110 1702,1110 1729,1111 1756,1112 1784,1113 1811,1114 1838,1115 1865,1116 1892,1118 1919,1119 1947,1121"/>
                <TextEquiv>
                    <Unicode>gemelter dorgen siderhar noch ein</Unicode>
                </TextEquiv>
            </TextLine>
            <TextLine id="r2l16" custom="readingOrder {index:15;}">
                <Coords points="1403,1151 1524,1151 1573,1174 1768,1165 1790,1149 1819,1174 1871,1181 1944,1168 1945,1128 1744,1133 1685,1110 1637,1133 1606,1111 1403,1123"/>
                <Baseline points="1413,1145 1439,1146 1465,1147 1491,1148 1517,1148 1543,1149 1569,1149 1595,1149 1621,1150 1647,1151 1673,1151 1699,1151 1725,1151 1751,1152 1777,1152 1803,1152 1829,1153 1855,1154 1881,1154 1907,1154 1934,1155"/>
                <TextEquiv>
                    <Unicode>andere beschlaffen vnd wolsobald</Unicode>
                </TextEquiv>
            </TextLine>
            <TextLine id="r2l17" custom="readingOrder {index:16;}">
                <Coords points="1393,1206 1627,1191 1651,1215 1760,1193 1832,1196 1863,1218 1935,1209 1935,1171 1816,1174 1789,1149 1701,1172 1683,1158 1562,1173 1505,1152 1394,1157"/>
                <Baseline points="1404,1190 1430,1190 1456,1190 1482,1190 1508,1190 1534,1190 1560,1190 1586,1190 1612,1190 1638,1190 1664,1190 1690,1190 1716,1191 1742,1191 1768,1192 1794,1193 1820,1193 1846,1194 1872,1196 1898,1196 1925,1197"/>
                <TextEquiv>
                    <Unicode>zur Ehe gnommen habe, die er zwar</Unicode>
                </TextEquiv>
            </TextLine>
            <TextLine id="r2l18" custom="readingOrder {index:17;}">
                <Coords points="1391,1237 1464,1256 1493,1233 1520,1251 1540,1236 1715,1249 1769,1232 1808,1249 1882,1238 1909,1259 1951,1246 1952,1202 1864,1216 1758,1194 1678,1213 1617,1189 1392,1209"/>
                <Baseline points="1401,1227 1428,1227 1455,1227 1482,1227 1509,1227 1536,1229 1563,1229 1590,1229 1617,1229 1644,1229 1671,1230 1698,1230 1725,1231 1752,1232 1779,1233 1806,1233 1833,1234 1860,1235 1887,1236 1914,1236 1941,1238"/>
                <TextEquiv>
                    <Unicode>nit namsen könne, aber vnlangst</Unicode>
                </TextEquiv>
            </TextLine>
            <TextLine id="r2l19" custom="readingOrder {index:18;}">
                <Coords points="1385,1292 1433,1267 1608,1289 1667,1271 1685,1288 1729,1274 1800,1291 1828,1275 1931,1292 1946,1247 1386,1241"/>
                <Baseline points="1395,1269 1422,1269 1449,1269 1476,1269 1503,1269 1530,1269 1557,1269 1584,1269 1611,1269 1638,1269 1665,1269 1692,1269 1719,1271 1746,1271 1773,1271 1800,1272 1827,1272 1854,1273 1881,1274 1908,1275 1935,1275"/>
                <TextEquiv>
                    <Unicode>zu Ludelhin gesechen habe, die groß</Unicode>
                </TextEquiv>
            </TextLine>
            <TextLine id="r2l20" custom="readingOrder {index:19;}">
                <Coords points="1387,1335 1459,1310 1510,1328 1550,1311 1627,1329 1891,1313 1957,1330 1957,1290 1914,1280 1806,1295 1729,1274 1685,1288 1665,1270 1475,1288 1431,1268 1387,1288"/>
                <Baseline points="1398,1311 1425,1310 1452,1310 1480,1308 1507,1308 1535,1308 1562,1308 1590,1308 1617,1308 1645,1310 1672,1310 1699,1311 1727,1311 1754,1311 1782,1313 1809,1313 1837,1313 1864,1313 1892,1312 1919,1311 1947,1310"/>
                <TextEquiv>
                    <Unicode>schwanger. Derhalben, vnd die¬</Unicode>
                </TextEquiv>
            </TextLine>
            <TextLine id="r2l21" custom="readingOrder {index:20;}">
                <Coords points="1389,1357 1510,1370 1603,1352 1649,1376 1696,1353 1722,1369 1794,1353 1813,1371 1865,1352 1911,1368 1952,1354 1953,1317 1730,1317 1692,1333 1655,1313 1627,1331 1609,1315 1546,1310 1512,1328 1460,1310 1389,1331"/>
                <Baseline points="1398,1350 1425,1349 1452,1347 1479,1347 1507,1347 1534,1347 1561,1347 1588,1347 1616,1347 1643,1347 1670,1347 1697,1347 1725,1349 1752,1349 1779,1349 1806,1349 1834,1350 1861,1350 1888,1350 1915,1350 1943,1349"/>
                <TextEquiv>
                    <Unicode>wyl nicht beschinnen, daß durch die</Unicode>
                </TextEquiv>
            </TextLine>
            <TextLine id="r2l22" custom="readingOrder {index:21;}">
                <Coords points="1383,1402 1518,1388 1560,1408 1598,1386 1687,1387 1772,1391 1800,1417 1842,1393 1965,1391 1965,1353 1895,1367 1856,1351 1814,1371 1721,1351 1383,1356"/>
                <Baseline points="1394,1389 1422,1388 1450,1386 1478,1385 1506,1385 1534,1385 1562,1385 1590,1385 1618,1385 1646,1386 1674,1386 1702,1387 1730,1388 1758,1388 1786,1388 1814,1388 1842,1388 1870,1388 1898,1386 1926,1386 1955,1383"/>
                <TextEquiv>
                    <Unicode>zu Kalnach durch den predicant</Unicode>
                </TextEquiv>
            </TextLine>
            <TextLine id="r2l23" custom="readingOrder {index:22;}">
                <Coords points="1378,1437 1575,1431 1603,1449 1660,1431 1698,1453 1793,1431 1845,1453 1887,1433 1970,1439 1970,1386 1805,1411 1774,1391 1742,1409 1605,1387 1563,1411 1533,1389 1378,1405"/>
                <Baseline points="1388,1433 1416,1430 1445,1428 1473,1427 1502,1425 1531,1425 1559,1424 1588,1424 1617,1425 1645,1425 1674,1425 1703,1427 1731,1427 1760,1428 1789,1428 1817,1428 1846,1428 1875,1428 1903,1428 1932,1427 1961,1427"/>
                <TextEquiv>
                    <Unicode>verhörte kundtschafft eben wyt hinuß</Unicode>
                </TextEquiv>
            </TextLine>
            <TextLine id="r2l24" custom="readingOrder {index:23;}">
                <Coords points="1381,1493 1444,1466 1585,1488 1905,1462 1956,1478 1974,1476 1974,1438 1843,1431 1789,1449 1738,1433 1688,1453 1662,1432 1601,1450 1575,1430 1531,1452 1503,1432 1380,1451"/>
                <Baseline points="1391,1470 1419,1469 1448,1468 1476,1467 1505,1467 1534,1467 1562,1466 1591,1466 1620,1466 1648,1466 1677,1467 1706,1467 1734,1467 1763,1467 1792,1467 1820,1467 1849,1467 1878,1466 1906,1466 1935,1464 1964,1464"/>
                <TextEquiv>
                    <Unicode>bewisen, das diser gsell so wol nach</Unicode>
                </TextEquiv>
            </TextLine>
            <TextLine id="r2l25" custom="readingOrder {index:24;}">
                <Coords points="1385,1530 1478,1510 1591,1529 1790,1505 1954,1520 1982,1504 1982,1479 1905,1463 1573,1488 1444,1466 1385,1488"/>
                <Baseline points="1394,1508 1424,1506 1454,1506 1485,1505 1515,1505 1546,1504 1576,1503 1607,1503 1637,1503 1668,1505 1698,1505 1729,1505 1759,1505 1790,1505 1820,1505 1851,1505 1881,1505 1912,1503 1942,1503 1973,1502"/>
                <TextEquiv>
                    <Unicode>verbrachter fleischlichen that, als kurt</Unicode>
                </TextEquiv>
            </TextLine>
            <TextLine id="r2l26" custom="readingOrder {index:25;}">
                <Coords points="1387,1561 1578,1563 1621,1547 1679,1572 1725,1544 1858,1544 1907,1566 1969,1551 1969,1520 1790,1504 1721,1528 1701,1513 1653,1529 1488,1513 1387,1528"/>
                <Baseline points="1398,1548 1426,1546 1454,1545 1482,1544 1510,1542 1538,1542 1566,1542 1594,1542 1622,1543 1650,1544 1678,1544 1706,1545 1734,1545 1762,1545 1790,1545 1818,1545 1846,1544 1874,1544 1902,1542 1930,1541 1958,1538"/>
                <TextEquiv>
                    <Unicode>vor syner hinreiß gredt vnd vespro¬</Unicode>
                </TextEquiv>
            </TextLine>
            <TextLine id="r2l27" custom="readingOrder {index:26;}">
                <Coords points="1387,1607 1480,1584 1530,1604 1573,1584 1724,1606 1752,1586 1823,1610 1859,1584 1970,1589 1970,1551 1386,1561"/>
                <Baseline points="1397,1586 1425,1584 1453,1583 1481,1581 1509,1581 1538,1581 1566,1581 1594,1581 1622,1581 1650,1581 1679,1583 1707,1583 1735,1583 1763,1584 1791,1583 1820,1583 1848,1582 1876,1581 1904,1579 1932,1577 1961,1572"/>
                <TextEquiv>
                    <Unicode>das er dise tochter zkilchen führen</Unicode>
                </TextEquiv>
            </TextLine>
            <TextLine id="r2l28" custom="readingOrder {index:27;}">
                <Coords points="1370,1643 1479,1624 1725,1645 1860,1626 1886,1641 1971,1618 1971,1589 1824,1584 1774,1603 1744,1585 1725,1605 1651,1589 1609,1605 1577,1585 1520,1604 1480,1585 1369,1602"/>
                <Baseline points="1379,1626 1408,1625 1437,1625 1466,1624 1495,1623 1524,1623 1553,1623 1582,1623 1611,1623 1640,1623 1670,1622 1699,1622 1728,1622 1757,1622 1786,1622 1815,1622 1844,1620 1873,1620 1902,1619 1931,1617 1961,1616"/>
                <TextEquiv>
                    <Unicode>wölle. Ist er zu ußbringung der</Unicode>
                </TextEquiv>
            </TextLine>
            <TextLine id="r2l29" custom="readingOrder {index:28;}">
                <Coords points="1380,1688 1432,1667 1551,1682 1648,1662 1720,1681 1757,1658 1825,1675 1970,1660 1969,1624 1935,1621 1894,1640 1770,1624 1753,1642 1590,1626 1379,1642"/>
                <Baseline points="1389,1665 1417,1664 1446,1662 1474,1662 1503,1661 1531,1661 1560,1660 1588,1659 1617,1659 1645,1659 1674,1659 1702,1658 1731,1658 1759,1658 1788,1657 1816,1656 1845,1656 1873,1655 1902,1653 1930,1651 1959,1650"/>
                <TextEquiv>
                    <Unicode>warheit hinab erkent, die sach yn</Unicode>
                </TextEquiv>
            </TextLine>
            <TextLine id="r2l30" custom="readingOrder {index:29;}">
                <Coords points="1394,1719 1608,1704 1654,1725 1687,1703 1761,1723 1797,1700 1949,1701 1973,1692 1972,1659 1923,1654 1887,1674 1865,1659 1824,1674 1591,1663 1552,1682 1494,1667 1459,1684 1429,1670 1393,1687"/>
                <Baseline points="1403,1706 1431,1704 1459,1703 1487,1702 1515,1701 1543,1701 1571,1700 1599,1700 1627,1700 1655,1700 1683,1700 1711,1700 1739,1699 1767,1698 1795,1698 1823,1697 1851,1696 1879,1694 1907,1693 1935,1691 1964,1688"/>
                <TextEquiv>
                    <Unicode>gestelt, vnd entzwüschen an die Er zu</Unicode>
                </TextEquiv>
            </TextLine>
            <TextLine id="r2l31" custom="readingOrder {index:30;}">
                <Coords points="1389,1774 1444,1749 1544,1769 1571,1746 1675,1756 1714,1739 1808,1763 1841,1741 1970,1728 1969,1692 1797,1700 1758,1721 1696,1704 1654,1723 1606,1704 1388,1718"/>
                <Baseline points="1398,1746 1426,1743 1454,1742 1482,1742 1510,1740 1538,1740 1566,1740 1595,1739 1623,1739 1651,1739 1679,1739 1707,1737 1735,1737 1763,1737 1792,1737 1820,1736 1848,1736 1876,1734 1904,1733 1932,1731 1961,1728"/>
                <TextEquiv>
                    <Unicode>udetin geschriben worden, der obbe¬</Unicode>
                </TextEquiv>
            </TextLine>
            <TextLine id="r2l32" custom="readingOrder {index:31;}">
                <Coords points="1400,1805 1582,1779 1650,1801 1676,1778 1776,1802 1965,1763 1964,1729 1816,1761 1718,1740 1675,1759 1572,1745 1552,1766 1399,1756"/>
                <Baseline points="1409,1784 1436,1783 1463,1782 1490,1781 1518,1780 1545,1779 1572,1779 1600,1778 1627,1778 1654,1778 1682,1778 1709,1776 1736,1776 1763,1776 1791,1775 1818,1775 1845,1773 1873,1772 1900,1770 1927,1769 1955,1766"/>
                <TextEquiv>
                    <Unicode>ruhrten vnd nachzuforschen, vnd nicht</Unicode>
                </TextEquiv>
            </TextLine>
            <TextLine id="r2l33" custom="readingOrder {index:32;}">
                <Coords points="1399,1849 1462,1821 1583,1845 1613,1824 1704,1821 1732,1840 1966,1807 1952,1766 1796,1797 1522,1783 1397,1805"/>
                <Baseline points="1409,1826 1436,1824 1463,1823 1490,1821 1518,1820 1545,1820 1572,1818 1600,1818 1627,1818 1654,1817 1682,1817 1709,1817 1736,1815 1763,1815 1791,1814 1818,1812 1845,1812 1873,1810 1900,1809 1927,1806 1955,1805"/>
                <TextEquiv>
                    <Unicode>grundtlich zu berichten, ouch da sich</Unicode>
                </TextEquiv>
            </TextLine>
            <TextLine id="r2l34" custom="readingOrder {index:33;}">
                <Coords points="1400,1875 1429,1866 1452,1885 1495,1862 1569,1874 1636,1855 1684,1876 1757,1855 1837,1873 1854,1854 1959,1851 1958,1821 1873,1812 1756,1836 1704,1821 1528,1839 1460,1821 1399,1841"/>
                <Baseline points="1409,1863 1436,1862 1463,1861 1490,1860 1517,1859 1544,1859 1571,1857 1598,1857 1625,1857 1652,1856 1679,1856 1706,1854 1733,1854 1760,1854 1787,1853 1814,1851 1841,1850 1868,1848 1895,1846 1922,1845 1950,1842"/>
                <TextEquiv>
                    <Unicode>erfunde, das die tochter nit allein von</Unicode>
                </TextEquiv>
            </TextLine>
            <TextLine id="r2l35" custom="readingOrder {index:34;}">
                <Coords points="1396,1928 1509,1924 1530,1901 1690,1923 1749,1901 1789,1917 1830,1896 1914,1904 1974,1880 1973,1844 1835,1871 1757,1855 1688,1879 1642,1861 1623,1878 1586,1865 1533,1883 1501,1862 1394,1878"/>
                <Baseline points="1406,1911 1433,1908 1461,1904 1489,1902 1517,1900 1545,1899 1573,1897 1601,1896 1629,1896 1657,1896 1685,1895 1712,1895 1740,1895 1768,1895 1796,1893 1824,1892 1852,1891 1880,1889 1908,1887 1936,1884 1964,1880"/>
                <TextEquiv>
                    <Unicode>Ihin schwang, sondern auch der Ehehalb</Unicode>
                </TextEquiv>
            </TextLine>
            <TextLine id="r2l36" custom="readingOrder {index:35;}">
                <Coords points="1400,1961 1505,1950 1536,1967 1626,1944 1730,1964 1783,1939 1902,1943 1985,1924 1984,1878 1881,1908 1829,1895 1790,1917 1748,1900 1580,1920 1529,1901 1493,1927 1399,1926"/>
                <Baseline points="1410,1947 1438,1944 1466,1943 1494,1942 1523,1941 1551,1940 1579,1940 1608,1938 1636,1938 1664,1938 1693,1937 1721,1937 1749,1936 1777,1935 1806,1935 1834,1934 1862,1932 1891,1929 1919,1927 1947,1925 1976,1922"/>
                <TextEquiv>
                    <Unicode>ansprechig were, sy sambt dem ben</Unicode>
                </TextEquiv>
            </TextLine>
            <TextLine id="r2l37" custom="readingOrder {index:36;}">
                <Coords points="1391,2013 1436,1999 1451,2007 1460,1996 1486,2006 1522,1995 1574,1999 1591,1988 1655,1986 1677,1996 1700,1987 1699,1957 1672,1964 1625,1944 1590,1945 1570,1961 1525,1963 1501,1952 1483,1960 1453,1949 1422,1970 1390,1961"/>
                <Baseline points="1400,1991 1426,1987 1452,1985 1479,1983 1505,1982 1532,1982 1558,1981 1585,1980 1611,1980 1638,1980 1664,1980 1691,1979"/>
                <TextEquiv>
                    <Unicode>richt harzehalten.</Unicode>
                </TextEquiv>
            </TextLine>
            <TextLine id="r2l38" custom="readingOrder {index:37;}">
                <Coords points="1388,2064 1439,2045 1692,2061 1884,2037 1914,2053 1989,2033 1988,1974 1821,1969 1718,2007 1644,1987 1603,2015 1535,2001 1484,2024 1387,2012"/>
                <Baseline points="1398,2043 1427,2042 1456,2041 1485,2040 1514,2040 1543,2039 1572,2039 1601,2039 1630,2039 1659,2039 1688,2039 1717,2039 1746,2039 1775,2038 1804,2037 1833,2037 1862,2034 1891,2033 1920,2031 1949,2028 1979,2024"/>
                <TextEquiv>
                    <Unicode>Demnach Jonas Kleine den wirth und</Unicode>
                </TextEquiv>
            </TextLine>
            <TextLine id="r2l39" custom="readingOrder {index:38;}">
                <Coords points="1406,2096 1526,2073 1630,2095 1644,2081 1884,2081 1981,2060 1980,2028 1782,2056 1742,2042 1649,2057 1404,2049"/>
                <Baseline points="1415,2081 1442,2078 1470,2078 1498,2076 1526,2075 1554,2075 1581,2073 1609,2073 1637,2073 1665,2073 1693,2073 1720,2073 1748,2072 1776,2072 1804,2070 1832,2069 1859,2067 1887,2066 1915,2062 1943,2059 1971,2055"/>
                <TextEquiv>
                    <Unicode>Marie Champion, die ein andern die</Unicode>
                </TextEquiv>
            </TextLine>
            <TextLine id="r2l40" custom="readingOrder {index:39;}">
                <Coords points="1410,2121 1577,2139 1664,2113 1809,2110 1831,2131 1914,2102 1986,2116 1985,2058 1688,2093 1528,2073 1410,2092"/>
                <Baseline points="1421,2117 1448,2116 1476,2114 1504,2113 1532,2111 1559,2111 1587,2110 1615,2109 1643,2109 1670,2109 1698,2108 1726,2108 1754,2108 1781,2108 1809,2106 1837,2106 1865,2105 1892,2105 1920,2103 1948,2102 1976,2100"/>
                <TextEquiv>
                    <Unicode>Ehe verheissen, vnd mitt der offentlich</Unicode>
                </TextEquiv>
            </TextLine>
            <TextLine id="r2l41" custom="readingOrder {index:40;}">
                <Coords points="1403,2183 1453,2156 1545,2177 1579,2154 1595,2170 1648,2152 1768,2169 1978,2147 1976,2109 1933,2102 1832,2131 1808,2110 1715,2128 1627,2115 1574,2135 1401,2120"/>
                <Baseline points="1412,2156 1439,2154 1467,2152 1495,2151 1523,2150 1550,2148 1578,2148 1606,2147 1634,2147 1661,2147 1689,2147 1717,2147 1745,2147 1772,2145 1800,2145 1828,2144 1856,2142 1883,2141 1911,2138 1939,2136 1967,2133"/>
                <TextEquiv>
                    <Unicode>verkündung ylends abzefahren beger¬</Unicode>
                </TextEquiv>
            </TextLine>
            <TextLine id="r2l42" custom="readingOrder {index:41;}">
                <Coords points="1407,2222 1458,2197 1615,2205 1650,2190 1757,2188 1790,2213 1841,2189 1869,2211 1972,2180 1971,2144 1723,2171 1669,2154 1620,2173 1582,2156 1549,2175 1502,2156 1405,2163"/>
                <Baseline points="1416,2193 1443,2190 1470,2190 1497,2189 1525,2187 1552,2187 1579,2186 1607,2186 1634,2186 1661,2186 1689,2186 1716,2186 1743,2186 1770,2184 1798,2184 1825,2183 1852,2182 1880,2180 1907,2178 1934,2175 1962,2172"/>
                <TextEquiv>
                    <Unicode>end, die aber vor erlangter schidig</Unicode>
                </TextEquiv>
            </TextLine>
            <TextLine id="r2l43" custom="readingOrder {index:42;}">
                <Coords points="1408,2238 1736,2246 1762,2228 1958,2223 1957,2191 1931,2182 1876,2207 1844,2190 1783,2207 1759,2188 1408,2201"/>
                <Baseline points="1419,2232 1445,2231 1472,2230 1498,2229 1525,2229 1551,2229 1578,2228 1604,2228 1631,2228 1657,2228 1684,2228 1710,2228 1737,2228 1763,2226 1790,2226 1816,2225 1843,2223 1869,2221 1896,2219 1922,2216 1949,2213"/>
                <TextEquiv>
                    <Unicode>ung von Rudi Blanchod über alles</Unicode>
                </TextEquiv>
            </TextLine>
            <TextLine id="r2l44" custom="readingOrder {index:43;}">
                <Coords points="1399,2290 1506,2293 1531,2272 1625,2295 1682,2274 1904,2266 1919,2280 1968,2260 1967,2223 1673,2247 1643,2233 1612,2250 1594,2235 1491,2247 1397,2232"/>
                <Baseline points="1409,2274 1436,2272 1463,2270 1491,2270 1518,2268 1546,2268 1573,2268 1601,2268 1628,2268 1656,2268 1683,2268 1710,2268 1738,2268 1765,2267 1793,2267 1820,2265 1848,2263 1875,2261 1903,2257 1930,2255 1958,2249"/>
                <TextEquiv>
                    <Unicode>horgrichtliches verpott vil kundt und</Unicode>
                </TextEquiv>
            </TextLine>
            <TextLine id="r2l45" custom="readingOrder {index:44;}">
                <Coords points="1403,2330 1458,2317 1546,2332 1597,2309 1655,2327 1686,2310 1903,2322 1925,2303 1970,2310 1969,2260 1829,2284 1685,2272 1626,2294 1530,2273 1503,2294 1402,2298"/>
                <Baseline points="1412,2315 1439,2312 1466,2311 1494,2310 1521,2309 1548,2308 1576,2307 1603,2307 1630,2307 1658,2307 1685,2306 1712,2306 1740,2306 1767,2305 1794,2304 1822,2303 1849,2301 1876,2300 1904,2298 1931,2295 1959,2292"/>
                <TextEquiv>
                    <Unicode>gmeinschafft mitt einandern gehebt</Unicode>
                </TextEquiv>
            </TextLine>
            <TextLine id="r2l46" custom="readingOrder {index:45;}">
                <Coords points="1386,2368 1552,2353 1596,2372 1619,2349 1793,2370 1913,2339 1987,2344 2016,2329 2014,2282 1841,2324 1685,2310 1384,2326"/>
                <Baseline points="1395,2355 1425,2352 1456,2350 1486,2349 1517,2348 1547,2346 1578,2346 1608,2346 1639,2345 1669,2345 1700,2345 1731,2345 1761,2345 1792,2343 1822,2342 1853,2340 1883,2338 1914,2334 1944,2331 1975,2325 2006,2319"/>
                <TextEquiv>
                    <Unicode>vnd sonderlich er moine ein syn dienst</Unicode>
                </TextEquiv>
            </TextLine>
            <TextLine id="r2l47" custom="readingOrder {index:46;}">
                <Coords points="1400,2402 1448,2410 1477,2392 1536,2412 1567,2393 1613,2410 1642,2391 1720,2415 1757,2392 1867,2407 1956,2377 1990,2396 1989,2344 1830,2350 1803,2369 1621,2350 1399,2370"/>
                <Baseline points="1410,2393 1438,2390 1466,2388 1495,2387 1523,2387 1552,2385 1580,2385 1609,2385 1637,2387 1666,2387 1694,2387 1722,2387 1751,2387 1779,2387 1808,2385 1836,2384 1865,2382 1893,2379 1922,2375 1950,2370 1979,2366"/>
                <TextEquiv>
                    <Unicode>magd, so er by leben syner hußfrouwen</Unicode>
                </TextEquiv>
            </TextLine>
            <TextLine id="r2l48" custom="readingOrder {index:47;}">
                <Coords points="1399,2446 1470,2432 1492,2450 1515,2427 1613,2451 1664,2429 1802,2448 1920,2429 1973,2406 1973,2378 1809,2406 1765,2391 1717,2410 1695,2389 1398,2412"/>
                <Baseline points="1409,2433 1436,2431 1464,2429 1492,2427 1520,2426 1547,2426 1575,2426 1603,2426 1631,2426 1658,2426 1686,2427 1714,2427 1742,2427 1769,2426 1797,2426 1825,2424 1853,2423 1880,2420 1908,2416 1936,2414 1964,2408"/>
                <TextEquiv>
                    <Unicode>geschwengeret, In das Fryburg piet</Unicode>
                </TextEquiv>
            </TextLine>
            <TextLine id="r2l49" custom="readingOrder {index:48;}">
                <Coords points="1397,2490 1603,2466 1878,2483 1961,2453 1960,2412 1796,2449 1539,2428 1492,2449 1397,2448"/>
                <Baseline points="1407,2474 1434,2471 1461,2469 1488,2468 1515,2466 1542,2466 1569,2465 1597,2465 1624,2465 1651,2466 1678,2466 1705,2466 1732,2466 1759,2466 1787,2465 1814,2465 1841,2463 1868,2462 1895,2460 1922,2457 1950,2454"/>
                <TextEquiv>
                    <Unicode>hinweg verschaffet und das khinden ver</Unicode>
                </TextEquiv>
            </TextLine>
            <TextLine id="r2l50" custom="readingOrder {index:49;}">
                <Coords points="1405,2524 1508,2507 1684,2526 1741,2504 1836,2524 1935,2497 1967,2512 2006,2497 2005,2436 1877,2483 1708,2470 1671,2485 1604,2466 1404,2486"/>
                <Baseline points="1416,2513 1445,2510 1474,2507 1503,2505 1532,2504 1561,2504 1590,2502 1619,2503 1648,2504 1677,2504 1706,2504 1735,2504 1764,2504 1793,2504 1822,2503 1851,2502 1880,2500 1909,2498 1938,2494 1967,2488 1997,2483"/>
                <TextEquiv>
                    <Unicode>tüschen wollen, also das es In der maß</Unicode>
                </TextEquiv>
            </TextLine>
            <TextLine id="r2l51" custom="readingOrder {index:50;}">
                <Coords points="1410,2567 1556,2545 1610,2564 1668,2542 1795,2561 1844,2544 1873,2563 1983,2521 1982,2505 1917,2500 1836,2524 1746,2505 1685,2524 1508,2507 1409,2523"/>
                <Baseline points="1419,2550 1446,2548 1474,2546 1502,2543 1529,2543 1557,2541 1585,2541 1612,2541 1640,2541 1668,2541 1696,2541 1723,2541 1751,2541 1779,2541 1806,2541 1834,2540 1862,2538 1889,2537 1917,2533 1945,2531 1973,2525"/>
                <TextEquiv>
                    <Unicode>getaufft worden, Alles vermög der</Unicode>
                </TextEquiv>
            </TextLine>
            <TextLine id="r2l52" custom="readingOrder {index:51;}">
                <Coords points="1400,2597 1597,2617 1705,2584 1780,2611 2006,2604 2003,2513 1878,2561 1557,2544 1399,2571"/>
                <Baseline points="1410,2595 1439,2590 1468,2586 1497,2583 1526,2581 1556,2579 1585,2579 1614,2579 1643,2579 1672,2579 1702,2579 1731,2580 1760,2580 1789,2580 1818,2580 1848,2579 1877,2577 1906,2575 1935,2571 1964,2565 1994,2559"/>
                <TextEquiv>
                    <Unicode>h verleidung ebenmässig harze schicken.</Unicode>
                </TextEquiv>
            </TextLine>
            <TextEquiv>
                <Unicode>biß har anstahn verbliben, wyl er
in krieg hingezogen und ires
prochen, das so balder widerumb
anheimbsch, er sy dann zkilchen vnd
trassen führen wölle. Deßwegen
einmal uff erstattung desselben
getrungen, darüber er die Eher
heissung allerdings verneinet, vnd all
ein deß byschlafs bekäntlich gsin, und
sich nit bereden lassen wöllen. In an¬
sechen welichen vnwillens der tochter
Vatter eben so wol als er der ledig
ung begert, darneben aber angezeigt,
daß gmeinem gschrey und Hörsag nach
gemelter dorgen siderhar noch ein
andere beschlaffen vnd wolsobald
zur Ehe gnommen habe, die er zwar
nit namsen könne, aber vnlangst
zu Ludelhin gesechen habe, die groß
schwanger. Derhalben, vnd die¬
wyl nicht beschinnen, daß durch die
zu Kalnach durch den predicant
verhörte kundtschafft eben wyt hinuß
bewisen, das diser gsell so wol nach
verbrachter fleischlichen that, als kurt
vor syner hinreiß gredt vnd vespro¬
das er dise tochter zkilchen führen
wölle. Ist er zu ußbringung der
warheit hinab erkent, die sach yn
gestelt, vnd entzwüschen an die Er zu
udetin geschriben worden, der obbe¬
ruhrten vnd nachzuforschen, vnd nicht
grundtlich zu berichten, ouch da sich
erfunde, das die tochter nit allein von
Ihin schwang, sondern auch der Ehehalb
ansprechig were, sy sambt dem ben
richt harzehalten.
Demnach Jonas Kleine den wirth und
Marie Champion, die ein andern die
Ehe verheissen, vnd mitt der offentlich
verkündung ylends abzefahren beger¬
end, die aber vor erlangter schidig
ung von Rudi Blanchod über alles
horgrichtliches verpott vil kundt und
gmeinschafft mitt einandern gehebt
vnd sonderlich er moine ein syn dienst
magd, so er by leben syner hußfrouwen
geschwengeret, In das Fryburg piet
hinweg verschaffet und das khinden ver
tüschen wollen, also das es In der maß
getaufft worden, Alles vermög der
h verleidung ebenmässig harze schicken.</Unicode>
            </TextEquiv>
        </TextRegion>
        <TextRegion orientation="0.0" id="r3" custom="readingOrder {index:2;}">
            <Coords points="2030,418 2030,2575 2768,2575 2768,418"/>
            <TextLine id="r3l1" custom="readingOrder {index:0;}">
                <Coords points="2601,443 2621,445 2628,453 2636,453 2644,459 2662,451 2676,453 2684,447 2702,447 2702,403 2678,401 2660,387 2652,395 2636,395 2611,415 2601,415"/>
                <Baseline points="2610,438 2637,438 2664,438 2691,438"/>
                <TextEquiv>
                    <Unicode>477.</Unicode>
                </TextEquiv>
            </TextLine>
            <TextLine id="r3l2" custom="readingOrder {index:1;}">
                <Coords points="2028,594 2137,584 2188,552 2225,581 2328,549 2367,572 2435,528 2581,555 2630,543 2625,478 2580,495 2437,467 2335,496 2264,480 2022,511"/>
                <Baseline points="2036,572 2065,567 2094,562 2123,558 2152,553 2181,551 2210,547 2239,543 2268,540 2297,538 2327,534 2356,533 2385,530 2414,529 2443,528 2472,527 2501,525 2530,525 2559,525 2588,527 2618,527"/>
                <TextEquiv>
                    <Unicode>Bußwyl. Dießbach Büren.</Unicode>
                </TextEquiv>
            </TextLine>
            <TextLine id="r3l3" custom="readingOrder {index:2;}">
                <Coords points="2021,693 2121,666 2717,644 2713,588 2617,585 2551,613 2463,597 2366,614 2317,587 2204,601 2165,636 2018,636"/>
                <Baseline points="2030,683 2063,677 2097,671 2131,667 2165,663 2199,658 2232,656 2266,653 2300,650 2334,647 2368,645 2401,644 2435,642 2469,641 2503,640 2536,639 2570,638 2604,635 2638,634 2672,632 2706,630"/>
                <TextEquiv>
                    <Unicode>Obwol Vrsula Hofman, deren hierben p. 464</Unicode>
                </TextEquiv>
            </TextLine>
            <TextLine id="r3l4" custom="readingOrder {index:3;}">
                <Coords points="2031,723 2704,669 2699,631 2627,654 2312,651 2290,670 2119,667 2029,691"/>
                <Baseline points="2040,714 2072,709 2105,705 2138,701 2170,698 2203,695 2236,691 2268,689 2301,687 2334,685 2367,683 2399,681 2432,680 2465,679 2497,677 2530,675 2563,674 2595,672 2628,671 2661,668 2694,666"/>
                <TextEquiv>
                    <Unicode>meldung geschicht, ein böse und unschimpff</Unicode>
                </TextEquiv>
            </TextLine>
            <TextLine id="r3l5" custom="readingOrder {index:4;}">
                <Coords points="2025,769 2148,744 2187,759 2216,738 2239,755 2289,729 2348,748 2447,718 2710,718 2688,668 2664,686 2494,679 2021,722"/>
                <Baseline points="2034,759 2067,753 2100,748 2133,743 2167,738 2200,735 2233,732 2266,728 2300,726 2333,723 2366,721 2399,719 2433,718 2466,715 2499,714 2532,712 2566,710 2599,708 2632,706 2665,704 2699,701"/>
                <TextEquiv>
                    <Unicode>liche sach begangen, wyl sy nit nur ein, sonder</Unicode>
                </TextEquiv>
            </TextLine>
            <TextLine id="r3l6" custom="readingOrder {index:5;}">
                <Coords points="2031,813 2117,786 2182,801 2213,773 2688,760 2707,715 2488,713 2412,739 2272,731 2248,751 2149,742 2100,770 2028,767"/>
                <Baseline points="2039,794 2072,789 2105,785 2138,780 2171,777 2204,774 2237,770 2270,767 2303,765 2336,762 2369,759 2402,757 2435,756 2468,753 2501,752 2534,751 2567,749 2600,747 2633,746 2666,743 2699,741"/>
                <TextEquiv>
                    <Unicode>zum andern mal ires nachburen Steffen</Unicode>
                </TextEquiv>
            </TextLine>
            <TextLine id="r3l7" custom="readingOrder {index:6;}">
                <Coords points="2035,853 2256,809 2289,823 2703,791 2700,757 2664,750 2618,769 2355,768 2324,787 2214,773 2180,799 2121,785 2032,812"/>
                <Baseline points="2043,834 2075,829 2108,823 2140,820 2173,815 2205,812 2238,808 2270,806 2303,803 2335,801 2368,799 2400,798 2433,796 2465,794 2498,792 2530,791 2563,789 2595,788 2628,786 2660,783 2693,780"/>
                <TextEquiv>
                    <Unicode>fuchsers magd angnuttet, sich zu irem man</Unicode>
                </TextEquiv>
            </TextLine>
            <TextLine id="r3l8" custom="readingOrder {index:7;}">
                <Coords points="2052,877 2283,871 2309,847 2462,837 2491,854 2535,835 2701,850 2697,791 2665,787 2050,842"/>
                <Baseline points="2061,870 2092,866 2123,862 2155,858 2186,855 2218,852 2249,849 2281,846 2312,845 2344,842 2375,841 2406,839 2438,837 2469,836 2501,835 2532,834 2564,833 2595,831 2627,830 2658,828 2690,827"/>
                <TextEquiv>
                    <Unicode>uleggen, vnd denselben zum ehebruch zes</Unicode>
                </TextEquiv>
            </TextLine>
            <TextLine id="r3l9" custom="readingOrder {index:8;}">
                <Coords points="2036,929 2393,884 2569,897 2608,877 2655,898 2707,869 2705,845 2535,834 2034,889"/>
                <Baseline points="2046,915 2078,911 2111,905 2143,901 2176,897 2208,894 2241,893 2273,890 2306,888 2338,886 2371,885 2404,882 2436,881 2469,880 2501,879 2534,877 2566,876 2599,873 2631,872 2664,870 2697,867"/>
                <TextEquiv>
                    <Unicode>fuhren, Ire ouch 30 rt. darfür zu geben u.</Unicode>
                </TextEquiv>
            </TextLine>
            <TextLine id="r3l10" custom="readingOrder {index:9;}">
                <Coords points="2066,956 2130,967 2176,940 2432,939 2499,919 2609,936 2684,916 2682,890 2558,873 2518,897 2354,887 2064,926"/>
                <Baseline points="2075,947 2104,942 2134,939 2164,937 2194,933 2224,931 2254,929 2284,927 2314,926 2344,924 2374,922 2403,921 2433,920 2463,918 2493,918 2523,917 2553,915 2583,915 2613,914 2643,914 2673,912"/>
                <TextEquiv>
                    <Unicode>wochen, Jedoch In ansechen zum theil schon</Unicode>
                </TextEquiv>
            </TextLine>
            <TextLine id="r3l11" custom="readingOrder {index:10;}">
                <Coords points="2046,1010 2351,966 2673,964 2671,918 2043,963"/>
                <Baseline points="2055,990 2085,987 2115,982 2146,979 2176,976 2207,972 2237,970 2267,968 2298,966 2328,964 2359,962 2389,961 2419,960 2450,959 2480,957 2511,957 2541,956 2571,954 2602,954 2632,953 2663,951"/>
                <TextEquiv>
                    <Unicode>hieuor beruhrter vmbstenden, wie ouch</Unicode>
                </TextEquiv>
            </TextLine>
            <TextLine id="r3l12" custom="readingOrder {index:11;}">
                <Coords points="2049,1041 2114,1021 2145,1041 2179,1019 2349,1029 2393,1002 2448,1019 2478,1001 2672,1005 2669,960 2639,956 2308,971 2186,1001 2149,985 2047,1009"/>
                <Baseline points="2058,1031 2088,1026 2118,1022 2148,1019 2178,1015 2208,1012 2238,1009 2268,1007 2298,1005 2328,1003 2359,1002 2389,999 2419,998 2449,998 2479,996 2509,995 2539,995 2569,993 2599,993 2629,993 2660,992"/>
                <TextEquiv>
                    <Unicode>hrer schynenden einfaltigkeit, vnd das</Unicode>
                </TextEquiv>
            </TextLine>
            <TextLine id="r3l13" custom="readingOrder {index:12;}">
                <Coords points="2052,1079 2285,1052 2437,1063 2455,1043 2562,1033 2627,1045 2677,1029 2676,1010 2482,1000 2448,1018 2397,1001 2345,1027 2179,1019 2145,1041 2049,1041"/>
                <Baseline points="2061,1071 2091,1066 2121,1064 2151,1060 2182,1056 2212,1053 2242,1051 2273,1049 2303,1046 2333,1045 2364,1043 2394,1041 2424,1039 2454,1038 2485,1037 2515,1036 2545,1035 2576,1034 2606,1032 2636,1030 2667,1029"/>
                <TextEquiv>
                    <Unicode>beide sy vnd Ir man sich erbotten, ehr¬</Unicode>
                </TextEquiv>
            </TextLine>
            <TextLine id="r3l14" custom="readingOrder {index:13;}">
                <Coords points="2042,1129 2184,1109 2209,1123 2279,1092 2393,1104 2410,1085 2443,1100 2666,1077 2663,1035 2589,1034 2525,1061 2486,1043 2442,1063 2333,1050 2039,1083"/>
                <Baseline points="2052,1116 2082,1112 2112,1108 2142,1104 2172,1100 2202,1097 2232,1094 2263,1091 2293,1089 2323,1086 2353,1083 2383,1082 2413,1080 2443,1079 2474,1077 2504,1076 2534,1074 2564,1074 2594,1074 2624,1073 2655,1073"/>
                <TextEquiv>
                    <Unicode>vnd gebürlich mitt einandern huß ze</Unicode>
                </TextEquiv>
            </TextLine>
            <TextLine id="r3l15" custom="readingOrder {index:14;}">
                <Coords points="2050,1169 2185,1142 2314,1157 2429,1126 2683,1116 2680,1077 2658,1074 2408,1086 2380,1110 2351,1090 2279,1093 2149,1133 2047,1124"/>
                <Baseline points="2058,1155 2088,1152 2119,1149 2150,1146 2181,1143 2211,1140 2242,1137 2273,1134 2304,1131 2334,1129 2365,1127 2396,1124 2427,1122 2457,1121 2488,1119 2519,1118 2550,1116 2580,1115 2611,1114 2642,1113 2673,1112"/>
                <TextEquiv>
                    <Unicode>halten, deßglychen das nüt thätlichers</Unicode>
                </TextEquiv>
            </TextLine>
            <TextLine id="r3l16" custom="readingOrder {index:15;}">
                <Coords points="2042,1202 2241,1180 2318,1201 2345,1175 2488,1186 2624,1152 2670,1165 2705,1155 2702,1107 2616,1133 2492,1120 2341,1152 2173,1145 2040,1176"/>
                <Baseline points="2052,1196 2084,1193 2116,1189 2148,1185 2180,1181 2213,1179 2245,1176 2277,1173 2309,1171 2341,1169 2374,1167 2406,1164 2438,1163 2470,1161 2502,1159 2535,1157 2567,1156 2599,1155 2631,1154 2663,1152 2696,1151"/>
                <TextEquiv>
                    <Unicode>solicher anmutung ervolget, hetten nich</Unicode>
                </TextEquiv>
            </TextLine>
            <TextLine id="r3l17" custom="readingOrder {index:16;}">
                <Coords points="2050,1264 2150,1227 2336,1236 2390,1212 2458,1208 2485,1228 2507,1202 2674,1204 2703,1196 2700,1151 2046,1213"/>
                <Baseline points="2057,1238 2088,1232 2120,1227 2152,1224 2184,1220 2216,1217 2247,1214 2279,1212 2311,1210 2343,1208 2375,1206 2406,1205 2438,1203 2470,1202 2502,1199 2534,1199 2565,1196 2597,1194 2629,1191 2661,1188 2693,1184"/>
                <TextEquiv>
                    <Unicode>so sy darüber absprechen söllen, das</Unicode>
                </TextEquiv>
            </TextLine>
            <TextLine id="r3l18" custom="readingOrder {index:17;}">
                <Coords points="2057,1278 2196,1282 2219,1262 2280,1282 2314,1255 2337,1272 2539,1237 2657,1246 2681,1236 2677,1189 2572,1220 2509,1201 2485,1227 2455,1207 2336,1236 2152,1227 2055,1260"/>
                <Baseline points="2067,1275 2097,1271 2127,1268 2157,1265 2187,1261 2217,1258 2247,1256 2277,1253 2307,1252 2337,1249 2368,1247 2398,1246 2428,1244 2458,1242 2488,1241 2518,1239 2548,1237 2578,1234 2608,1232 2638,1229 2669,1226"/>
                <TextEquiv>
                    <Unicode>milter wurden an die handt nemmen</Unicode>
                </TextEquiv>
            </TextLine>
            <TextLine id="r3l19" custom="readingOrder {index:18;}">
                <Coords points="2048,1335 2083,1313 2288,1314 2332,1291 2680,1288 2677,1239 2632,1232 2486,1243 2464,1267 2391,1253 2277,1279 2221,1264 2204,1283 2045,1282"/>
                <Baseline points="2057,1313 2087,1310 2118,1306 2148,1304 2179,1300 2210,1298 2240,1296 2271,1293 2301,1292 2332,1290 2363,1288 2393,1287 2424,1284 2454,1283 2485,1281 2516,1280 2546,1278 2577,1277 2607,1275 2638,1272 2669,1269"/>
                <TextEquiv>
                    <Unicode>Diewyl aber die sach in der kilchhöri</Unicode>
                </TextEquiv>
            </TextLine>
            <TextLine id="r3l20" custom="readingOrder {index:19;}">
                <Coords points="2061,1365 2354,1331 2492,1347 2518,1325 2633,1319 2696,1335 2694,1293 2526,1279 2059,1323"/>
                <Baseline points="2070,1350 2100,1347 2131,1346 2162,1343 2192,1341 2223,1338 2254,1337 2284,1334 2315,1332 2346,1329 2377,1328 2407,1326 2438,1325 2469,1322 2499,1321 2530,1319 2561,1319 2591,1317 2622,1316 2653,1314 2684,1314"/>
                <TextEquiv>
                    <Unicode>lutbracht worden, vnd Zwyfels ohn etwas</Unicode>
                </TextEquiv>
            </TextLine>
            <TextLine id="r3l21" custom="readingOrder {index:20;}">
                <Coords points="2058,1399 2162,1411 2200,1387 2349,1373 2377,1388 2470,1371 2495,1391 2561,1366 2592,1386 2612,1365 2692,1359 2690,1332 2632,1319 2515,1325 2492,1346 2354,1331 2325,1349 2056,1365"/>
                <Baseline points="2067,1391 2097,1388 2128,1385 2159,1383 2190,1380 2220,1379 2251,1376 2282,1375 2313,1373 2343,1371 2374,1370 2405,1369 2436,1368 2466,1367 2497,1365 2528,1363 2559,1362 2589,1361 2620,1359 2651,1357 2682,1356"/>
                <TextEquiv>
                    <Unicode>ergnuß causiert, Ist zu vfgebung der¬</Unicode>
                </TextEquiv>
            </TextLine>
            <TextLine id="r3l22" custom="readingOrder {index:21;}">
                <Coords points="2057,1449 2211,1423 2268,1440 2334,1414 2367,1433 2459,1408 2690,1417 2687,1358 2497,1388 2405,1373 2158,1406 2055,1399"/>
                <Baseline points="2067,1431 2097,1428 2128,1426 2158,1424 2189,1422 2220,1420 2250,1418 2281,1415 2311,1413 2342,1412 2373,1410 2403,1409 2434,1407 2464,1406 2495,1404 2526,1403 2556,1403 2587,1401 2617,1400 2648,1399 2679,1398"/>
                <TextEquiv>
                    <Unicode>selben vnd verhütung böser nachvolg zu</Unicode>
                </TextEquiv>
            </TextLine>
            <TextLine id="r3l23" custom="readingOrder {index:22;}">
                <Coords points="2061,1494 2109,1473 2156,1487 2181,1466 2350,1484 2423,1454 2561,1472 2605,1444 2628,1463 2695,1449 2693,1416 2663,1403 2624,1425 2587,1403 2548,1423 2496,1407 2372,1431 2312,1418 2267,1440 2210,1423 2058,1440"/>
                <Baseline points="2070,1470 2100,1469 2131,1466 2162,1464 2193,1463 2223,1461 2254,1460 2285,1458 2316,1457 2346,1455 2377,1453 2408,1452 2439,1451 2469,1449 2500,1448 2531,1446 2562,1445 2592,1445 2623,1443 2654,1442 2685,1440"/>
                <TextEquiv>
                    <Unicode>handel, jedoch der gstalt, das es vfs gelin¬</Unicode>
                </TextEquiv>
            </TextLine>
            <TextLine id="r3l24" custom="readingOrder {index:23;}">
                <Coords points="2069,1530 2100,1511 2143,1527 2218,1511 2322,1526 2339,1508 2427,1523 2491,1502 2534,1516 2598,1489 2658,1505 2715,1482 2714,1462 2629,1464 2606,1443 2557,1470 2422,1454 2355,1481 2245,1466 2218,1484 2182,1465 2157,1486 2122,1472 2067,1489"/>
                <Baseline points="2079,1512 2110,1509 2141,1507 2172,1505 2204,1503 2235,1500 2266,1500 2298,1498 2329,1497 2360,1496 2392,1494 2423,1494 2454,1493 2485,1491 2517,1490 2548,1488 2579,1486 2611,1485 2642,1483 2673,1481 2705,1478"/>
                <TextEquiv>
                    <Unicode>dist abgahn möge, für Rhat geschlagen</Unicode>
                </TextEquiv>
            </TextLine>
            <TextLine id="r3l25" custom="readingOrder {index:24;}">
                <Coords points="2068,1563 2088,1562 2095,1555 2118,1562 2127,1557 2154,1571 2175,1558 2192,1565 2210,1546 2220,1545 2218,1517 2183,1522 2163,1519 2153,1529 2102,1509 2084,1526 2066,1525"/>
                <Baseline points="2078,1553 2104,1550 2130,1548 2157,1546 2183,1545 2210,1544"/>
                <TextEquiv>
                    <Unicode>worden</Unicode>
                </TextEquiv>
            </TextLine>
            <TextLine id="r3l26" custom="readingOrder {index:25;}">
                <Coords points="2247,1662 2269,1654 2319,1661 2350,1650 2362,1658 2394,1647 2420,1654 2485,1647 2480,1578 2446,1572 2407,1585 2385,1576 2368,1592 2350,1593 2310,1564 2241,1575"/>
                <Baseline points="2255,1637 2282,1630 2309,1626 2337,1622 2364,1620 2391,1619 2419,1619 2446,1619 2474,1619"/>
                <TextEquiv>
                    <Unicode>Baulmes</Unicode>
                </TextEquiv>
            </TextLine>
            <TextLine id="r3l27" custom="readingOrder {index:26;}">
                <Coords points="2089,1714 2388,1691 2433,1712 2457,1689 2684,1683 2682,1648 2639,1658 2598,1638 2396,1665 2129,1647 2087,1673"/>
                <Baseline points="2099,1706 2127,1703 2156,1701 2185,1699 2213,1698 2242,1697 2271,1694 2299,1693 2328,1691 2357,1690 2386,1689 2414,1687 2443,1686 2472,1685 2500,1683 2529,1682 2558,1680 2586,1679 2615,1677 2644,1676 2673,1674"/>
                <TextEquiv>
                    <Unicode>Schlichel derriar. In dessen nam ein</Unicode>
                </TextEquiv>
            </TextLine>
            <TextLine id="r3l28" custom="readingOrder {index:27;}">
                <Coords points="2095,1752 2376,1727 2431,1746 2481,1722 2506,1735 2614,1716 2677,1729 2674,1681 2658,1680 2094,1714"/>
                <Baseline points="2105,1739 2133,1737 2161,1736 2189,1733 2217,1733 2245,1730 2273,1728 2301,1728 2329,1727 2357,1725 2385,1724 2413,1722 2441,1721 2469,1721 2497,1719 2525,1718 2553,1716 2581,1715 2609,1715 2637,1713 2666,1712"/>
                <TextEquiv>
                    <Unicode>weltscher hächler erschinnen, Ist ein</Unicode>
                </TextEquiv>
            </TextLine>
            <TextLine id="r3l29" custom="readingOrder {index:28;}">
                <Coords points="2099,1788 2321,1785 2343,1768 2401,1782 2596,1750 2688,1770 2686,1722 2097,1748"/>
                <Baseline points="2108,1775 2136,1774 2165,1772 2193,1770 2222,1769 2250,1767 2279,1766 2307,1765 2336,1763 2364,1761 2393,1761 2421,1760 2450,1758 2478,1757 2507,1755 2535,1754 2564,1753 2592,1752 2621,1751 2649,1749 2678,1748"/>
                <TextEquiv>
                    <Unicode>attestatione günstiget worden, das er</Unicode>
                </TextEquiv>
            </TextLine>
            <TextLine id="r3l30" custom="readingOrder {index:29;}">
                <Coords points="2089,1834 2169,1808 2226,1820 2546,1795 2599,1812 2679,1789 2678,1761 2087,1786"/>
                <Baseline points="2097,1812 2125,1811 2154,1809 2182,1809 2211,1808 2240,1805 2268,1805 2297,1803 2325,1802 2354,1800 2383,1798 2411,1796 2440,1796 2468,1794 2497,1793 2526,1791 2554,1791 2583,1790 2611,1788 2640,1788 2669,1787"/>
                <TextEquiv>
                    <Unicode>vmb syn mitt Marguerithe Cache¬</Unicode>
                </TextEquiv>
            </TextLine>
            <TextLine id="r3l31" custom="readingOrder {index:30;}">
                <Coords points="2101,1864 2230,1849 2268,1863 2283,1846 2397,1862 2461,1834 2574,1850 2606,1828 2635,1843 2686,1832 2684,1792 2589,1810 2568,1795 2406,1800 2367,1822 2324,1802 2306,1823 2168,1809 2099,1827"/>
                <Baseline points="2111,1853 2139,1852 2167,1849 2195,1847 2224,1846 2252,1844 2280,1842 2308,1841 2337,1838 2365,1837 2393,1836 2421,1835 2450,1833 2478,1832 2506,1830 2534,1829 2563,1827 2591,1826 2619,1824 2647,1823 2676,1821"/>
                <TextEquiv>
                    <Unicode>maille begangnen fäler die straff</Unicode>
                </TextEquiv>
            </TextLine>
            <TextLine id="r3l32" custom="readingOrder {index:31;}">
                <Coords points="2105,1910 2291,1893 2344,1904 2454,1877 2494,1881 2491,1843 2461,1833 2415,1840 2399,1859 2354,1845 2319,1862 2289,1847 2260,1869 2229,1849 2218,1860 2103,1863"/>
                <Baseline points="2114,1892 2140,1891 2166,1890 2193,1889 2219,1887 2245,1886 2272,1884 2298,1883 2324,1881 2351,1880 2377,1877 2403,1876 2430,1874 2456,1872 2483,1871"/>
                <TextEquiv>
                    <Unicode>alhie vß gestanden habe,</Unicode>
                </TextEquiv>
            </TextLine>
            <TextLine id="r3l33" custom="readingOrder {index:32;}">
                <Coords points="2285,1968 2324,1958 2342,1967 2354,1962 2366,1968 2374,1961 2394,1970 2400,1964 2422,1966 2435,1952 2456,1966 2482,1967 2477,1895 2439,1918 2429,1912 2391,1918 2366,1900 2333,1904 2322,1898 2281,1909"/>
                <Baseline points="2294,1955 2319,1954 2344,1953 2369,1952 2395,1949 2420,1947 2445,1947 2471,1946"/>
                <TextEquiv>
                    <Unicode>Bümplitz</Unicode>
                </TextEquiv>
            </TextLine>
            <TextLine id="r3l34" custom="readingOrder {index:33;}">
                <Coords points="2121,2040 2322,2019 2357,2033 2415,2011 2620,2016 2647,1999 2680,2015 2725,2002 2722,1960 2578,1939 2461,1982 2253,1958 2168,2001 2117,1990"/>
                <Baseline points="2129,2027 2158,2026 2187,2025 2216,2024 2246,2021 2275,2019 2304,2018 2333,2016 2363,2013 2392,2011 2421,2009 2450,2006 2480,2004 2509,2003 2538,2000 2567,1999 2597,1998 2626,1997 2655,1997 2684,1995 2714,1995"/>
                <TextEquiv>
                    <Unicode>Hans Meyer und Barbli Grad, strytige</Unicode>
                </TextEquiv>
            </TextLine>
            <TextLine id="r3l35" custom="readingOrder {index:34;}">
                <Coords points="2129,2074 2334,2069 2384,2042 2500,2054 2578,2032 2639,2048 2719,2030 2717,1996 2127,2043"/>
                <Baseline points="2139,2064 2167,2062 2196,2059 2224,2057 2253,2055 2281,2052 2310,2049 2338,2047 2367,2045 2395,2043 2424,2040 2452,2037 2481,2036 2509,2033 2538,2033 2566,2030 2595,2028 2623,2028 2652,2027 2680,2027 2709,2025"/>
                <TextEquiv>
                    <Unicode>Thementschen, sind abermalen, vnd</Unicode>
                </TextEquiv>
            </TextLine>
            <TextLine id="r3l36" custom="readingOrder {index:35;}">
                <Coords points="2120,2102 2275,2105 2587,2063 2640,2081 2716,2062 2714,2028 2118,2072"/>
                <Baseline points="2130,2097 2158,2095 2187,2093 2216,2090 2245,2087 2274,2085 2302,2083 2331,2080 2360,2078 2389,2076 2418,2073 2446,2072 2475,2069 2504,2068 2533,2066 2562,2065 2590,2063 2619,2062 2648,2060 2677,2060 2706,2058"/>
                <TextEquiv>
                    <Unicode>sonderlich vmb das, worumb sy der</Unicode>
                </TextEquiv>
            </TextLine>
            <TextLine id="r3l37" custom="readingOrder {index:36;}">
                <Coords points="2122,2150 2323,2121 2342,2136 2376,2120 2463,2131 2501,2108 2564,2128 2604,2101 2700,2112 2711,2069 2483,2084 2436,2071 2169,2113 2118,2101"/>
                <Baseline points="2130,2136 2158,2133 2187,2131 2215,2129 2244,2126 2273,2123 2301,2121 2330,2118 2359,2116 2387,2114 2416,2111 2445,2108 2473,2107 2502,2105 2531,2102 2559,2100 2588,2100 2617,2099 2645,2098 2674,2097 2703,2097"/>
                <TextEquiv>
                    <Unicode>letsten Vrteil nit statt theyind, geg</Unicode>
                </TextEquiv>
            </TextLine>
            <TextLine id="r3l38" custom="readingOrder {index:37;}">
                <Coords points="2113,2188 2440,2148 2735,2154 2753,2148 2749,2091 2700,2112 2604,2101 2463,2131 2321,2121 2110,2150"/>
                <Baseline points="2121,2175 2152,2171 2183,2168 2214,2166 2245,2163 2276,2161 2307,2157 2338,2155 2369,2153 2400,2151 2431,2148 2462,2147 2493,2145 2524,2143 2555,2141 2586,2139 2617,2137 2648,2135 2679,2133 2710,2132 2741,2129"/>
                <TextEquiv>
                    <Unicode>einandern verhört, und nach dem sy der er¬</Unicode>
                </TextEquiv>
            </TextLine>
            <TextLine id="r3l39" custom="readingOrder {index:38;}">
                <Coords points="2127,2221 2175,2226 2206,2206 2294,2222 2362,2195 2733,2174 2731,2146 2663,2141 2125,2183"/>
                <Baseline points="2136,2211 2165,2208 2194,2205 2224,2202 2253,2201 2282,2197 2312,2194 2341,2193 2370,2190 2400,2189 2429,2187 2458,2184 2488,2183 2517,2181 2546,2180 2576,2178 2605,2177 2634,2175 2664,2173 2693,2171 2723,2169"/>
                <TextEquiv>
                    <Unicode>sachen ires vnwillens, vnd zwar nit one</Unicode>
                </TextEquiv>
            </TextLine>
            <TextLine id="r3l40" custom="readingOrder {index:39;}">
                <Coords points="2128,2258 2173,2270 2332,2231 2406,2247 2565,2216 2608,2234 2674,2211 2734,2234 2761,2222 2758,2180 2616,2173 2467,2205 2438,2189 2301,2218 2126,2221"/>
                <Baseline points="2138,2249 2168,2246 2199,2243 2229,2240 2260,2237 2291,2234 2321,2231 2352,2229 2382,2226 2413,2223 2444,2221 2474,2219 2505,2217 2535,2215 2566,2214 2597,2213 2627,2213 2658,2211 2688,2211 2719,2213 2750,2213"/>
                <TextEquiv>
                    <Unicode>unflätige unverschamte und verdrüssige</Unicode>
                </TextEquiv>
            </TextLine>
            <TextLine id="r3l41" custom="readingOrder {index:40;}">
                <Coords points="2136,2300 2240,2273 2314,2288 2373,2268 2538,2271 2559,2254 2734,2258 2732,2222 2681,2211 2609,2232 2568,2215 2429,2239 2404,2224 2369,2245 2332,2231 2282,2253 2133,2257"/>
                <Baseline points="2145,2286 2175,2283 2205,2279 2236,2277 2266,2273 2297,2270 2327,2267 2358,2265 2388,2263 2419,2261 2449,2258 2480,2256 2510,2255 2541,2253 2571,2252 2602,2250 2632,2249 2663,2249 2693,2247 2724,2247"/>
                <TextEquiv>
                    <Unicode>reden, bericht gegeben, zusamen zu ein</Unicode>
                </TextEquiv>
            </TextLine>
            <TextLine id="r3l42" custom="readingOrder {index:41;}">
                <Coords points="2134,2341 2232,2339 2260,2313 2335,2305 2423,2318 2531,2293 2618,2310 2662,2285 2725,2302 2738,2259 2689,2246 2538,2273 2507,2251 2451,2280 2240,2273 2132,2301"/>
                <Baseline points="2144,2324 2173,2319 2202,2316 2231,2313 2261,2310 2290,2307 2319,2304 2348,2302 2378,2300 2407,2298 2436,2297 2465,2295 2495,2295 2524,2294 2553,2292 2582,2291 2612,2290 2641,2289 2670,2288 2699,2286 2729,2285"/>
                <TextEquiv>
                    <Unicode>gmnach, das man Inen mir ein schüßlen</Unicode>
                </TextEquiv>
            </TextLine>
            <TextLine id="r3l43" custom="readingOrder {index:42;}">
                <Coords points="2132,2369 2427,2347 2482,2364 2516,2338 2621,2330 2731,2343 2728,2291 2708,2287 2618,2310 2529,2295 2382,2320 2270,2311 2131,2343"/>
                <Baseline points="2141,2360 2171,2357 2201,2355 2232,2351 2262,2349 2293,2347 2323,2346 2354,2343 2384,2342 2415,2339 2445,2337 2476,2335 2506,2334 2537,2333 2567,2331 2598,2329 2628,2328 2659,2327 2689,2325 2720,2325"/>
                <TextEquiv>
                    <Unicode>vnd ein löffel geben solle, erkent</Unicode>
                </TextEquiv>
            </TextLine>
            <TextLine id="r3l44" custom="readingOrder {index:43;}">
                <Coords points="2134,2413 2159,2410 2174,2401 2193,2410 2207,2408 2216,2401 2228,2401 2221,2356 2208,2358 2196,2374 2183,2366 2165,2379 2148,2373 2142,2378 2129,2380"/>
                <Baseline points="2142,2403 2167,2397 2192,2394 2217,2391"/>
                <TextEquiv>
                    <Unicode>worden</Unicode>
                </TextEquiv>
            </TextLine>
            <TextLine id="r3l45" custom="readingOrder {index:44;}">
                <Coords points="2360,2426 2380,2421 2386,2425 2399,2422 2412,2428 2425,2415 2435,2413 2451,2424 2463,2423 2461,2364 2447,2364 2436,2355 2431,2359 2422,2354 2397,2357 2376,2348 2357,2350"/>
                <Baseline points="2369,2408 2397,2409 2425,2407 2453,2405"/>
                <TextEquiv>
                    <Unicode>Bern</Unicode>
                </TextEquiv>
            </TextLine>
            <TextLine id="r3l46" custom="readingOrder {index:45;}">
                <Coords points="2248,2476 2280,2472 2311,2493 2368,2478 2412,2488 2652,2470 2648,2404 2621,2410 2588,2385 2571,2404 2485,2428 2466,2415 2439,2431 2379,2418 2359,2433 2324,2408 2298,2426 2246,2426"/>
                <Baseline points="2258,2462 2283,2463 2308,2463 2334,2463 2359,2462 2385,2461 2410,2459 2436,2457 2461,2456 2487,2454 2512,2452 2538,2451 2563,2450 2589,2448 2614,2448 2640,2448"/>
                <TextEquiv>
                    <Unicode>Brugg, Lentzburg</Unicode>
                </TextEquiv>
            </TextLine>
            <TextLine id="r3l47" custom="readingOrder {index:46;}">
                <Coords points="2147,2543 2306,2517 2610,2501 2641,2520 2779,2499 2776,2453 2726,2450 2651,2449 2617,2479 2368,2478 2327,2498 2285,2476 2228,2499 2143,2477"/>
                <Baseline points="2156,2529 2186,2527 2217,2524 2247,2522 2278,2519 2309,2517 2339,2514 2370,2512 2400,2511 2431,2508 2462,2508 2492,2506 2523,2505 2553,2504 2584,2502 2615,2501 2645,2501 2676,2499 2706,2499 2737,2499 2768,2498"/>
                <TextEquiv>
                    <Unicode>Salome Berner, ein Wittwen alhie, mitt</Unicode>
                </TextEquiv>
            </TextLine>
            <TextLine id="r3l48" custom="readingOrder {index:47;}">
                <Coords points="2152,2585 2279,2557 2332,2578 2473,2567 2567,2536 2599,2559 2659,2556 2715,2531 2771,2536 2769,2498 2149,2540"/>
                <Baseline points="2160,2559 2190,2557 2220,2554 2250,2553 2280,2550 2310,2549 2340,2546 2370,2544 2400,2542 2430,2540 2461,2538 2491,2537 2521,2535 2551,2534 2581,2532 2611,2532 2641,2531 2671,2531 2701,2531 2731,2531 2762,2531"/>
                <TextEquiv>
                    <Unicode>bystand Hansen zum Wald, hatt eröff¬</Unicode>
                </TextEquiv>
            </TextLine>
            <TextLine id="r3l49" custom="readingOrder {index:48;}">
                <Coords points="2714,2573 2728,2573 2736,2569 2738,2571 2744,2571 2750,2577 2754,2573 2763,2573 2763,2541 2752,2541 2750,2543 2744,2541 2738,2547 2732,2549 2728,2547 2714,2547"/>
                <Baseline points="2724,2565 2754,2565"/>
                <TextEquiv>
                    <Unicode>net</Unicode>
                </TextEquiv>
            </TextLine>
            <TextEquiv>
                <Unicode>477.
Bußwyl. Dießbach Büren.
Obwol Vrsula Hofman, deren hierben p. 464
meldung geschicht, ein böse und unschimpff
liche sach begangen, wyl sy nit nur ein, sonder
zum andern mal ires nachburen Steffen
fuchsers magd angnuttet, sich zu irem man
uleggen, vnd denselben zum ehebruch zes
fuhren, Ire ouch 30 rt. darfür zu geben u.
wochen, Jedoch In ansechen zum theil schon
hieuor beruhrter vmbstenden, wie ouch
hrer schynenden einfaltigkeit, vnd das
beide sy vnd Ir man sich erbotten, ehr¬
vnd gebürlich mitt einandern huß ze
halten, deßglychen das nüt thätlichers
solicher anmutung ervolget, hetten nich
so sy darüber absprechen söllen, das
milter wurden an die handt nemmen
Diewyl aber die sach in der kilchhöri
lutbracht worden, vnd Zwyfels ohn etwas
ergnuß causiert, Ist zu vfgebung der¬
selben vnd verhütung böser nachvolg zu
handel, jedoch der gstalt, das es vfs gelin¬
dist abgahn möge, für Rhat geschlagen
worden
Baulmes
Schlichel derriar. In dessen nam ein
weltscher hächler erschinnen, Ist ein
attestatione günstiget worden, das er
vmb syn mitt Marguerithe Cache¬
maille begangnen fäler die straff
alhie vß gestanden habe,
Bümplitz
Hans Meyer und Barbli Grad, strytige
Thementschen, sind abermalen, vnd
sonderlich vmb das, worumb sy der
letsten Vrteil nit statt theyind, geg
einandern verhört, und nach dem sy der er¬
sachen ires vnwillens, vnd zwar nit one
unflätige unverschamte und verdrüssige
reden, bericht gegeben, zusamen zu ein
gmnach, das man Inen mir ein schüßlen
vnd ein löffel geben solle, erkent
worden
Bern
Brugg, Lentzburg
Salome Berner, ein Wittwen alhie, mitt
bystand Hansen zum Wald, hatt eröff¬
net</Unicode>
            </TextEquiv>
        </TextRegion>
    </Page>
</PcGts>
