4032 3024
1499 292 1585 376 18.
1820 334 2185 457 Schwarzenburg.
1606 434 2210 541 Wyl sowol Jacob Feller der Landtschu
1624 502 2216 585 als deß abgestorbnen Tuni Byel
1643 547 2206 618 glassne, so gegen ein andern zu Rech
1636 587 2215 665 gestanden, begert, das desselben bruder
1615 627 2219 709 weliche sich hieuor syner sach angenom¬
1639 681 2219 757 ouch zugegen syen, und sich ouch nit ge
1639 719 2224 788 büren wöllen, daß die frouw ont
1626 767 2225 831 byß and die sach verfechte, Ist dieselb
1627 800 2225 874 biß uff frytag yngestelt, und ein
1628 849 2224 922 Schryben an herren landtvogt erkent
1642 893 2230 962 worden, gesagte bruder vnd aller
1646 939 2228 1013 yts partyen durch ordenlichs gebott
1645 983 1843 1048 harzehalten.
1820 1089 2003 1173 Berre.
1652 1176 2245 1262 dem Chorweibel sind vnderschiden¬
1662 1240 2256 1298 liche schryben zu ynbringung uß
1658 1274 2248 1340 tehnden gefangenschafft Costens,
1657 1308 2232 1374 Als eing an den Fry weibel zu¬
1655 1351 2217 1415 Künitz, von Hans Wengers zu
1655 1381 2209 1452 Scherli, das ander an die E.
1673 1424 2193 1482 zu Verhingen, von Hans Grats¬
1644 1460 2226 1528 vnd ein dritten an den Amman zu
1661 1505 2251 1575 Bollingen, von Cuni Schädelis wer¬
1695 1547 2249 1609 ß Inhalts, daß der ein, ander, vnd
1658 1585 2256 1641 dritt durch ordenlichs gerott, oder
1657 1626 2271 1699 fals besorgnuß verhanden, daß soliches
1666 1662 2276 1736 vnerheblich, gwarsamlich vffen nech
1673 1702 2259 1770 den Chorgrichts tag hargehalten wede
1661 1740 2261 1816 ertheilt, und im übrigen imme gewalt
1652 1786 2276 1861 geben worden, wo damuel Schöpff zue
1651 1825 2255 1896 vmb die dantzbuß, so er verschinnen Johann
1663 1879 2261 1945 für denselben dem h seckelnde gutge
1656 1908 2263 1980 macht und dargelegt, nit bezale, inne
1687 1960 2277 2042 fenglich anzenemmen, oder imme uff
1695 1994 1917 2067 rytag zu preten,
1873 2055 2158 2149 Zieracheren
1725 2145 2251 2241 ndres Schwendiman, so er noch
1700 2201 2291 2287 alhie by Wilhelm sinder im dienst
1715 2227 2270 2316 ol yngesetzt wilen, vff das er
1681 2276 2267 2348 die Anni Graff, mitt deren er ver¬
1707 2312 2226 2415 hält, uss der gfangenschen löse
1885 2386 2035 2472 Bern
1698 2460 2257 2587 Abraham Korn der Pfister, nach
1699 2525 2111 2606 dem er sampt synem 14
2105 2561 2244 2620 järigen
2237 2578 2273 2612 1
1705 2552 2291 2665 sohn, hartaget worden, hatt des
1713 2591 2288 2724 selben vntugend, vngehorsame, vnd von
2904 252 2990 337 19.
2331 379 2992 504 huß louffen wytleüffig geklagt und
2350 435 2959 543 erzelt, darüber der knab sich
2339 478 2988 585 der besserung, daß er dem Vatter
2337 519 3006 620 zue künfftig volgen und nit mehr von
2333 555 3006 667 Im louffen wölle, anerbotten. Dar¬
2335 606 3012 709 uff nun dem knaben in gegenwürtig
2336 647 2980 741 keit deß Vatters syne mengel, ouch
2339 692 3016 786 hingegen syn pflicht fürgebildet, der¬
2339 735 2989 837 als dann sonderbar zu mehrer
2345 775 2984 872 bescheidenheit, vnd sich fluchens vnd
2348 820 3015 904 schwerens ze müssigen, sonderlich aber
2347 859 3004 952 synen sohn zur gottsforcht, zum schryb
2338 901 3022 994 vnd lesen, ouch erlehrnung deß Jate¬
2342 952 3000 1037 Bismi gehalten vermahnt worden.
2981 997 3017 1069 .
2325 1042 3015 1151 Vnd diewyl er hieneben, vff deß Vatters
2353 1108 3021 1178 klag, bekent und angeben, daß der
2372 1134 3015 1217 chwytzer im Bulgenbach, vnd ein becke
2350 1177 3027 1253 knechst, so im Obern Spittal gedienet,
2366 1221 2987 1297 vsglichen Hofmans Müllerknecht, so
2366 1260 3000 1329 sich Michel genamset, vnd syn Lehr
2368 1311 3003 1373 knab, Namens Veterman, ein ist Im
2364 1338 3001 1420 Vescher Hüsli by Gosmans müli und
2360 1382 2999 1456 einist Im Obern Spittal, mitt Imme
2353 1420 3005 1497 gespilt, und imme 2 losungen abge
2368 1464 3004 1547 kunnen, weliches die Vrsach synes hin
2369 1503 3006 1578 louffens gsin sye, wyl er von desswegen
2375 1546 3027 1606 dem vatter mit an drougen können dörfen,
2371 1591 2990 1654 söllend diejenigen, so noch verhanden,
2368 1628 3022 1702 darumb künftigen frytags gerefor
2367 1669 2589 1744 miert wil
2549 1773 2705 1848 Bern.
2355 1882 2977 1968 Wegen Samuel Tschiffelis sol ein
2404 1952 2988 2003 ustung deß Anni fyrabens ver¬
2403 1977 3001 2045 gicht, so diser tages mitt ruten uß
2398 2026 3030 2083 geschweitzt worden) dardurch eigent
2392 2051 3058 2108 lich zu erfahren, ob es Inne entschul¬
2408 2094 3028 2166 diget oder nit vom Grichtschryber
2395 2139 3051 2210 durch den Chorweibel beigertenden.
