4032 3024
1529 296 1622 364 48
1627 331 2201 469 künfftig aller gmeinsame gegen
1641 409 2179 491 einandern zu entzüchen, und das
1621 444 2194 556 er sich von stund an uß irem huß
1627 491 2203 594 und dienst begebe, sy aber vor ent¬
1612 536 2175 622 ledigung Irer lybsfrucht, deren
1636 585 2180 671 von Irem erst vor 7 wuchen
1609 630 2190 719 abgestorbnen Eheman schwanger,
1610 679 2191 767 ich mitt niemandt sehlich ver¬
1624 719 2192 807 preche noch ynlasse. Hieneben, wyl
1622 767 2182 847 zu beiden syten gefält worden, sol
1623 811 2200 900 sede pli Iren erlittnen Costen an
1646 861 2202 928 h selbs haben, vnd ist imme oners
1611 911 2205 993 5 lb ira aber 9 lb die zur straff uf
1602 947 1824 1018 erlegt worden.
1645 1051 2067 1146 Hertzogen buchse
1661 1142 2200 1243 unrad Alder, helffer daselbst, hatt
1631 1216 2197 1289 uch fürbracht, wie daß er, neben syn
1636 1240 2207 1318 ein beruff, auch den Schulmeister dienst¬
1649 1278 2203 1353 an disem ort zu versechen begerte, es lige
1651 1324 2192 1402 Ihin aber der Weibel Im widerspil,
1617 1361 2193 1436 mitt pitt, Imme denselben zevertruwen.
1616 1383 2207 1475 Darüber er nun, nach inhalt der die
1629 1430 2188 1514 formation an vogt und kilchen,
1622 1466 2212 1550 diener gewisen, und imme darby anzeigt
1631 1501 2202 1580 vorden, die syt dergstalt ansetzenden,
1646 1536 2201 1619 aßer den einen bruff recht vnd ge¬
1630 1565 2195 1661 nugsam verrichten könne, vnd so er dar¬
1629 1605 2181 1706 neben wider den Weibel etwas klegten
1627 1638 2192 1738 geführen, es sie übersitzens, oder
1630 1681 2172 1775 untrüw halb im kornhuß, welicher
1640 1717 2176 1824 tucken er inne durch ein yngelegten
1651 1761 2193 1864 edel sedencke, er dasselb san gebürend
1661 1799 2179 1915 orten, denen es zustadt, thun sölle.
1646 1892 2163 2024 anss vogt schryben, und inne dessen,
1672 1944 1772 1992 ragen.
1800 1971 2176 2059 don einem weibel korns
1667 1984 2180 2090 halb, fürkommen, berichten und wahr¬
1669 2017 2148 2131 nen, die namsung deß verleiders
1643 2083 2094 2242 denlich ein gelegen
1734 2192 2061 2313 slicher einen bes
1682 2213 1973 2324 dirten abermalen
2052 2237 2197 2314 daviel
1961 2283 2006 2306 .
1691 2254 1996 2355 gericht ist den nach
1998 2298 2058 2339 ine
2060 2301 2168 2351 gründ
1693 2288 2169 2433 wesen seinen sein der
1990 2321 2190 2388 vermeint, der
1675 2313 1977 2417 dune rechtlich e
1704 2352 1809 2403 olte
1998 2397 2048 2442 ßt,
1917 2398 1999 2457 wyl
2047 2408 2166 2468 wden
1687 2379 2164 2505 andern in krafft er hern under
1696 2419 2057 2549 Hen einer ersten
2062 2482 2171 2543 synes
1692 2456 2047 2582 sich ein sehen in den
1717 2498 1986 2601 u leichen zu nach
2065 2523 2169 2576 aber
2035 2544 2164 2619 8 die sach
2009 2575 2199 2655 shar geübe
2926 240 3019 326 49.
2262 309 2931 441 vnd brucht worden, daß was alhie
2265 361 2952 471 mitt der mehrern stimm, es sye Urteils
2271 408 2946 516 der spruchs wyß erkent und ußge¬
2279 451 2956 544 brochen wirt, dasselb gätten vnd be¬
2473 490 2958 576 .Es sye dann sach, daß
2277 522 2453 593 tand haben.
2279 526 2965 627 emandt in synem Rechten verkürtzt vnd
2266 570 3004 675 getroffen zu syn vermeinte, derselb in sol¬
2262 610 2942 722 chem fal vmb ein nütt Recht anhalt
2257 658 2935 772 solle vnd möge, Ist er vff selbigs
2262 702 2941 798 end mitt synem begeren an myn h
2258 764 2610 858 schs gewisen worden.
2630 814 2667 874 .
2502 841 2670 929 Twar
2263 894 2983 982 Schryben aulß Emanuel Wetter, wyl und
2273 952 2966 1026 d Samuel Stürlers s wittwen umb
2250 992 2773 1074 Ire schulde ansprach zu bezalen
2428 1047 2713 1139 Registorff
2256 1125 2943 1212 An die E. schryben. Sölle nicht wie
2271 1182 2944 1240 es deß jenigen halb, so ein maß wi¬
2256 1211 2935 1286 tenlicher wyn, die Ihn etwan 10. fl.
2261 1255 2928 1330 anligt, by der vintz umb 6 b uß
2270 1291 2922 1373 ihencken dörffen, beschaffen, wer
2270 1332 2928 1397 imm söliches zugelassen, und geschetzt
2263 1383 2496 1451 habe etc. bericht
2304 1494 2774 1590 Bern. Wynouw.
2262 1584 2936 1669 Madlen Müller, der Köchi Barbel
2282 1642 2936 1705 tochter, vnd Anni Klingler, sind die
2271 1691 2938 1742 sen morgen gfengklich yngesetzt, und
2268 1720 2949 1791 befragt worden, ob sy nit verschinnen
2265 1760 2919 1823 Martins tag zwo nächt ein andern
2268 1799 2935 1868 nach In deß Blandtvogts zu Morser
2274 1835 2912 1906 matten, die jetzt J. Frantz Ludwig
2273 1869 2933 1946 von Erlach admodiations Wyß in hatt
2277 1928 2938 1985 ampt vnd mitt desselben kuter, vnd
2268 1950 2939 2022 einem andern knecht, Syluester ge¬
2274 1995 2952 2057 namset, so letstlichen bÿ St. Jenner
2277 2026 2952 2099 gedienet, mitt essen vnd trincken, spri¬
2273 2067 2940 2137 gen vnd tantzen, unzucht vnd vppigkeit
2280 2108 2972 2180 deren sich die schönen gsellen berumt,
2300 2150 2959 2219 ein Gottloß mutwilligs, vnd er¬
2298 2188 2937 2256 gerlichs wesen vnd leben, Subt vnd
2287 2223 2459 2291 getriben
2279 2268 2932 2335 Item ob nit gemelter Vester die eine
2284 2316 2925 2367 vnder Inen, namlich die Klinglerin, In
2281 2346 2945 2403 einem Weidling nächtlicher wyl über
2282 2379 2954 2440 die Aren gefuhrt, vnd mitt einer zun¬
2303 2416 2958 2479 Gyen geruderet habe, also das sy schier
2293 2451 2955 2532 über die Schwelli hinabkommen weren
2293 2496 2967 2580 Item ob sy nit verschinnen zinstags by ge
2299 2557 2900 2613 melten buben drussen by wyer
2290 2587 2874 2662 mans huß, da der Vester graben
