4032 3024
1345 282 1495 347 226.
1474 314 2089 471 uff Zinnstag den 28. apr 1679
1409 414 2002 522 Ex Senatu hl. Dachselhoffer Indep
1437 480 2091 608 De Ministris herr Dec. schmit herrn Rütimat
1423 534 1853 641 H Conibus her monier
1647 627 1945 726 Langnow
1447 724 2091 844 Nach dem verscheinen frytags wie auch
1433 781 2105 902 daruf ervolgten montags Elsbeth ihm
1441 844 2103 953 ler Jagi Hoffman der ehe halb angesprochen
1433 898 2107 995 und beständig daruff verharret, er aber
1453 950 2105 1041 eter des ein noch andern mahl verkant
1466 1002 2097 1100 lich syn wollen, weder das nicht inne wegen
1459 1054 2104 1142 gantz verdechtiger umbstenden und ver
1459 1112 2123 1218 hörkundschafft, ins pfafflich erkennt, ist
1457 1166 2092 1268 er uff hie bekantlich worden, sy nit
1459 1222 2103 1307 allein bschlaffen, sonder auch zur ehr gnemen
1473 1266 2080 1350 ze haben, hat sich auch kilche recht mit
1457 1315 2077 1404 ira ze thun erppten, sind deßhalb
1451 1368 2104 1453 formbklich zusamen bekent, vndt von
1459 1418 2110 1514 mant sach fürgerlichst abzetryben, solle
1460 1467 2103 1558 er sy des das sy nüt anders als zu recht
1463 1515 2079 1618 gsucht nützit entgelt laßen, das sy
1454 1560 1898 1656 den herren richter glopt
1449 1648 2065 1761 Mittwochen den 29. apr 1679.
1700 1727 1915 1820 ex Senatu.
1434 1768 1638 1875 H. Nemo
1688 1850 1920 1941 x Ministr
1440 1909 2064 2023 he. Decan Schmit, her Rütimeyer.
1637 1978 1848 2094 Ex civibus
1454 2052 1507 2144 h
1546 2042 1995 2146 Monnier schen von Werdt
1356 2120 1524 2207 Höchstete
1508 2134 2106 2232 Peter Rußboum Amman zuo lochsteten
1496 2205 2070 2283 ist zil unter 5 Vrena tag nach sein sehen
1496 2235 2111 2321 andres, welcher Margreth Hagi gschwengert
1495 2286 2114 2363 ira auch die ehr versprochen zestellen vor
1484 2332 2090 2409 und ehe ein ruffbrief wider inne er
1503 2360 2120 2447 gange, sölle dessweg nach im dest eintlich
1503 2418 2130 2507 setzen, volgends beid theil alhar kommen.
2823 284 2916 365 227.
2270 336 2586 463 Hochstetten
2169 394 2886 536 Hanns Ruffmacht hat zwar Catri Pfeller
2204 454 2908 582 der ehe halb, die so imme ufrecht versprochenen
2195 518 2900 627 habe angsprochen, wyl aber sy angeacht ernstliche
2205 557 2901 673 vermanend der warheit zugsamme ze geben
2194 608 2880 739 daß nit gstendig syn wöllen, er sollches auch
2208 658 2886 765 nit verificieren können, ist dise ehransprach
2216 701 2907 807 ngültig erkent, wo jetwederem andrer
2203 752 2896 875 farth sich zeverehelichen erlaupt und der
2199 829 2541 923 kosten weth gestechen.
2368 847 2618 968 Signow.
2208 904 2849 1031 Obglych Peter Glaser ab Elsbeth Baltzen
2202 963 2873 1085 welcher er die ehr versprochen, sy auch genen
2214 1027 2894 1134 chwengeret in ansehen, sy sie erhar sich und
2215 1080 2908 1196 ehrlich gehalten haben solle der schidigung begert,
2198 1110 2931 1227 sy aber doch deß meindert gstendig habend nicht
2216 1182 2915 1266 sich ereineret niemalen über sachen, welche
2200 1228 2926 1323 nit vor der en alda die parthyen kilchgnössig
2208 1277 2874 1369 gräfferet worden, endlich abgesprochen
2191 1319 2869 1422 gehaben, es desseren, wyl sy Elsbeth Baltzli
2208 1363 2922 1459 etwas gschwendigkeit sich erklagt, by disem
2204 1411 2922 1497 handel auch nit anheben, sonder ihre sach zeuer
2217 1469 2911 1548 fechten wider hinder sich wysen wöllen, dess
2209 1513 2892 1616 frey an herrn vogt zu Rynow schryber
2589 1578 2623 1639 d
2390 1587 2670 1701 Kertzertz
2170 1661 2873 1773 Es hat zwar Ulli Tschauen der wirt zuo
2220 1717 2938 1818 Kertzertz Elsbeth lina, das jenig hehrgelt
2247 1781 2892 1859 ungladne gestend söllche, die zu dem mit
2204 1825 2941 1907 ihren stiefftochter menneren ghopfen gspanen, nit
2217 1877 2920 1953 brufft uftriben geworderet, es wollend
2234 1922 2913 2009 ber nicht selbiges, sya uberhapt und des
2216 1970 2915 2058 halb von imme wyl sy imme, die albereit il
2229 2019 2910 2087 moderierten 5. fern erlegt, ledig erkent,
2232 2059 2904 2140 die ungladnen Calatz er imme fürgschlagen
2210 2109 2919 2200 und ein zwifach Urtel gelt uff erlegt
2220 2160 2787 2251 haben, den loß wecht sprechende.
2408 2233 2738 2346 Roggwyl
2225 2310 2939 2408 Ulli Kellerhals ist zwar bekant, das er Elsbeth
2243 2363 2947 2453 Keller geschwengeret, aber nit auret den er
2230 2415 2923 2496 zwa die ehe versprochen, wyl aber etwas kind
2252 2459 2907 2538 schafft darumb vorhanden und dsach sonst ein
2294 2506 2929 2599 als ob etwas daran sye, hat, ist er sey
2253 2548 2933 2647 concuratur zuerheben untz frytag hinab
2248 2586 2396 2655 erkent.
