4032 3024
1361 340 1456 416 348.
1462 426 2023 534 über nit verzychen wöllen, ist die schidi
1452 475 2026 568 ung nach gemeiner form zwüschen inen
1447 512 2011 594 ergangen, vnd der Costen von deß besten
1445 541 2023 650 wegen vffgehept. An den h. Vogt, das
1438 578 2046 697 er sy nach inhalt der satzung in die straf
1436 622 2045 721 züche, vnd ein glychs angemeltem Lehmen,
1435 661 2050 762 so er sich widrumb Ins landt liesse, erstatte
1424 693 2028 798 geschriben, deß kinds halb aber, wyl si
1416 738 2040 831 gemeldet, daß ob schon sy mitt gesagtem
1436 781 2044 873 ehman verfält, ira doch nie zu sinn können
1436 820 2028 912 daß es eines andern, als Ires Ehemans
1442 859 2042 945 sein solte, biß das die nachburen sy darun
1445 898 2050 977 zwort gestelt, da sy vß großem Kumber
1436 942 2044 1028 etwas anzeigt haben möchte, wüsse aber noch
1425 980 2044 1053 maln nitt, daß Ir khind mehrbemeltem
1428 1014 2039 1097 Lehman gehört zeige, Ist die sach Gott dem
1435 1055 1822 1126 herren heimgestelt worden
1817 1073 1851 1109 .
1557 1116 1950 1206 hasle in Wyssland.
1422 1183 2052 1283 Christen Meyer, ein Junger frächer gsell,
1457 1249 2020 1314 vnd Barbara Inveldt, ein 40 järige
1461 1277 2013 1347 hörlen, die zur hußhaltung vnd the
1445 1320 2042 1385 gantz vntugenlich, wyl ire versprechung
1446 1349 2035 1423 ein vngerymte sach, daruß mittler
1434 1390 2035 1454 zyt wenig guts ervolgen würde, sind von
1424 1426 2031 1489 einandern gescheiden, Imme sich ander ver¬
1427 1464 2041 1529 tig zu verehlichen verloupt, vnd zugelassen,
1419 1494 2032 1568 jedoch ins künfftig vernünfftiger ze syn
1424 1543 2035 1595 vnd vmbs zytlichen guts willen sich nit
1412 1572 2033 1640 In unglegenheit ze stürtzen vermahnt, ira
1405 1619 2028 1671 aber die Ehe gentzlichst botten, der
1412 1649 2056 1718 costen, wyl sy zu beiden syten verfält) uf
1418 1683 1624 1742 gehebt worden
1412 1743 1713 1831 An die E. schryben.
1412 1796 2028 1859 Söllint nit allein selbs gemelte thörlei
1424 1847 2021 1895 von der Ehe abhalten, sondern ouch
1416 1870 2022 1933 diejenigen, so sy im pfläg und regierung
1419 1905 2028 1971 haben. Wein glychen ze thun vermahnen,
1409 1938 2018 2009 vnd mitt Inen reden, daß sy sich mitt der
1415 1983 2036 2045 arbeit bscheiden gegen ira erzeigend, vnd
1401 2009 2037 2081 ira nit überthüyind, damitt sy nit, wie
1400 2044 2046 2114 dißmaln beschechen, zur Ehe ein antrib und
1403 2081 2058 2149 Anlaß nemme, Vnd hieneben Erwahr¬
1400 2119 2049 2184 net syn, sich der Ehe vfhebungen, wie hie¬
1399 2149 2046 2213 uor zwüschen gemelter törten vnd Samuel
1400 2198 2040 2253 dietzig geschechen, weliches nicht inen diß
1409 2227 2015 2290 mals vbersechen haben wöllindt, Ins
1404 2260 1727 2327 künfftig ze müßigen
1656 2315 1865 2390 Signouw.
1645 2369 1876 2445 Hochflett.
1409 2430 2033 2515 Wegen Uli Ellenbergs, wyl er vom
1436 2490 2032 2558 Chorgricht zu höchstetten yngelangte
2680 326 2791 402 349
2094 384 2759 527 bericht nit volkommen, an den ze vogt und
2094 443 2722 560 die er zu Signouw schryben, söllindt
2110 468 2749 596 die zwen kundtschafft tregen, so die wortt
2106 517 2753 630 selbs gehört, namlich Haus Meyer zu
2105 560 2753 667 Steinen, deß müller Adelrychs sohn, so di¬
2101 596 2745 708 ser zit ungfar by 28 jaren alt und
2113 628 2799 739 Peter Nüwenschwander in der Böschmatt,
2110 675 2817 773 so by einem jar elter syn sol, wie zuglych
2113 720 2795 817 auch andere personen, so vmb dise sach,
2105 769 2764 853 vnd sonst vmb syn leben vnd wesen ein
2095 796 2769 896 wissenschafft haben möchten, verhören, und
2097 838 2776 936 deß Jenigen, was sy von Ine ußbringend,
2103 904 2287 974 nicht berichten
2283 986 2624 1064 Blumensten
2193 991 2291 1073 1
2116 1041 2807 1141 Hr Hans Völckli der predicant hatt sich deß
2142 1106 2798 1165 vilens halb also versprochen, Als uff ein
2143 1136 2786 1206 it herr stifftschryber Wolff und sincentz sa
2137 1176 2816 1245 tor in deß becken huß gsin, vnd nit allein
2127 1210 2783 1269 nach imme, sondern ouch volgents, als er
2126 1242 2781 1325 zu inen kommen, nach h. Bemühten geschickt
2127 1285 2769 1352 habint y entzwüschen von kurtzwyl wege
2124 1324 2787 1391 ein karten spil genommen, und ein Kritz
2128 1372 2751 1429 gemacht. Ob nun er mitt gespilt, oder
2129 1405 2748 1475 nit, könne er sich nit mehr eigentlich
2113 1450 2782 1509 erinneren. Hierüber er vermahnt, Ins
2117 1479 2817 1539 künfftig sich dessen Zeuberheben, zu bedencken
2130 1527 2807 1596 soliches einem kilchendiener nit anstendig
2117 1571 2821 1626 vnd der Weibel, sampt synes glychen, anders
2122 1611 2820 1670 nüt hiedurch, dann ime syn ansechen zenemmen
2129 1649 2802 1711 suche, vnd sind imme hieneben vnderschiden
2120 1687 2871 1767 liche stuck syn ampt und beruff betreffend
2136 1730 2805 1787 sonderlich daß er die fürbitt für die hoche
2138 1768 2796 1820 Oberkeit flyßiger als biß har In dem
2141 1804 2802 1866 gemeinen Gebätt ynschliessen sölle, für
2138 1834 2387 1903 gehalten worden.
2160 1907 2837 1992 der Weibel Ist zwar vngeacht vß gestand¬
2162 1958 2799 2025 ier gfangenschafft vnd ernstlichen zu¬
2153 1984 2815 2060 prechens by syner obigen entschuldigung
2151 2024 2803 2086 vbliben, Jedoch nach dem Imme deß ge¬
2149 2057 2832 2129 zigten fälers halb ze stahn geben wor¬
2151 2093 2830 2171 den, daß 2 ehrliche Menner, mitt inen
2157 2134 2823 2204 liclaus Anneler, der Jung, vnd Bendicht
2151 2163 2831 2235 Bettler, lut deß zu Castlaus von Win
2153 2200 2849 2290 mis berichts, zugest habind, daß sy sampt
2141 2234 2842 2324 Hansen Strün Inne vor 5 oder Baren
2139 2272 2853 2359 am suchern dorff in einem krachen bysein¬
2139 2319 2837 2395 er gwüssen wybsperson, die sich sider¬
2149 2350 2784 2428 har verehlichet habe, by hälen tag an
2156 2395 2790 2474 offner unküschheit gefunden, hatt er
2145 2428 2800 2527 nit allein zwyfelhafftig geredt, so die
2138 2474 2805 2558 kundtschafft solichen wider Ihn zuget,
