4032 3024
1253 392 1362 472 482.
1316 446 1914 563 teinhouwer knecht, mitt Margret
1332 510 1908 614 Bürgi zu Bümplitz der kilch
1324 542 1588 618 gang erloupt.
1323 623 1499 716 Brugg.
1669 631 1816 724 Bern.
1303 708 1886 809 Barbara Engeler, mitt bystand
1315 773 1903 844 Albrechten von Ortertz, hatt Iren
1318 815 1917 883 Eheman, Christoffel Beütler, an¬
1326 852 1880 921 geklagt, wie das er vor etwas
1325 897 1916 964 zyt, wie sy vernommen zu Solothur
1315 936 1897 1007 vff der Litzi mitt einer gmeinen
1334 983 1911 1051 nütz sich vergangen habe, und uff
1317 1027 1905 1097 syn verneinen, Hans Jacob Schär
1300 1066 1934 1139 den schiffman zur kundtschafft ge¬
1317 1110 1940 1175 stelt, der aber mit anders zuget,
1314 1153 1887 1218 dann es werde den vff Martin
1318 1192 1900 1262 oder Lucia ein jar werden, das er
1309 1241 1890 1305 Ihn an bemeltem ort by einer
1315 1274 1923 1346 wybsperson stehend, aber ob keiner
1318 1315 1552 1387 that, gesechen
1316 1351 1912 1430 Wyter hatt sy ab imme geklagt, das
1309 1416 1888 1468 er nit allein vor etwas zyt, da
1318 1444 1906 1505 y hinden bim schlüssel gewohnet,
1309 1476 1926 1549 ein gwüsse magd, so by der fr Cri
1321 1520 1894 1573 boletin gedienet, Im obern gmach
1326 1561 1874 1628 zeige zwingen wöllen, die sich
1326 1591 1876 1665 aber mitt schryen (daruon die
1312 1627 1879 1708 nachburen edirt bericht zu geben
1315 1676 1882 1751 wüssen, von Imme errettet, son
1310 1715 1903 1788 dern ouch sich mitt einer näyerin,
1308 1751 1909 1824 Schladlen genannt, thätlich vergessen, die
1334 1792 1903 1859 y sambt Maria Metzger von
1300 1812 1925 1904 Weltschen Nüwenburg, die nit nicht
1328 1866 1912 1940 verhanden, vor pfingsten an einem
1320 1907 1902 1986 Zinstag abends hinder der Kuchi
1331 1947 1888 2026 thur an der that funden, also daß
1314 1987 1896 2067 er noch entblöst da gestanden
1334 2027 1903 2105 ge. Weliches er aber mitt
1328 2061 1904 2147 groben worten vneinet, vnd hin¬
1334 2109 1887 2194 gegen sachen ab ira geklagt, die
1327 2145 1917 2230 hierzu nit eigentlich dienend, der¬
1319 2191 1926 2260 wegen vnd diewyl er hieneben ein¬
1322 2229 1912 2303 es mitt einem vnbekanten meitl
1326 2265 1902 2341 lediger wyß begangnen fülers ohne
1328 2309 1897 2376 sondere nötigung bekantlich ist
1333 2353 1914 2424 er biß am frytag hin abgelegt,
1342 2392 1885 2454 vnd gut befunden worden, daß
1327 2429 1865 2496 die Madlen ouch ynzogen, der
1340 2462 1889 2545 R. Triboletin magd aber sambt
1344 2502 1903 2581 den nachburen halbscheiden werden
1355 2556 1461 2617 solle.
2575 369 2660 431 483
2186 406 2388 494 wolen
2017 484 2657 621 Elsbeth Krugler und Hans Stebler der
2022 559 2648 653 knecht habend nochmaln beides die arg
2026 587 2645 691 wönigen vmbstend, als die that handtlich
2011 632 2652 746 zneinet, obschon Hans Sal der meister
2026 677 2637 777 yn letste zugsame, wie ouch daß er sy
2015 716 2659 820 ob dem morgenbrot darumb bescholten
2020 759 2684 855 vmb weliches er sich vff syne huß, vnd werd¬
2016 812 2680 913 lüt berufft, vnd das sy gewehrt habe,
2025 851 2660 939 als er den knecht vff ein Zist erlouben
2018 895 2678 983 wöllen, Inen vnder ougen bestätiget vnd
2029 930 2677 1015 erhalten. Da dann vß vmbstenden vnd
2029 974 2669 1065 hren reden abzunemmen, daß mehr an der
2034 1019 2660 1098 sach, weder sy aber bekantlich syn wollen
2023 1064 2672 1162 chs hatt aber auch deß meisters zugsame
2042 1105 2685 1197 Ire defecten, In dem er zum dritten mal
2046 1144 2682 1238 geredt, aber ein grosse vnglychheit vnd
2045 1182 2683 1274 vnbestendigkeit darinn gebrucht. Deßgly
2047 1239 2686 1311 chen, daß die Clagin sich hochlich beschwärt,
2039 1274 2675 1352 das er vor vnd ich alles das, was er vber
2047 1312 2675 1406 sy zügen wöllen ußgerüfft, und hiemitt
2052 1349 2701 1439 dohren tragne kundtschafft sye, wie wol
2052 1410 2419 1484 er dessen nit bekantlich.
2064 1458 2121 1505 .
2048 1441 2670 1551 Hieruff nun, vnd diewyl der Antwort
2051 1505 2653 1592 sich nochmalen nit ergeben wöllen, vnd
2074 1540 2676 1614 aber sich vnder andern bekindt, das er Im
2078 1584 2689 1650 verschinnen herbst, vnd hiemitt nach dem
2073 1613 2691 1712 das gemelter Sali zum ersten Kundtsch
2093 1655 2682 1734 geredt, welches den 23. Aug. geschechen,
2086 1692 2690 1771 vnd hindern trunck die sach vß geschricken
2082 1729 2706 1822 fleischliche bywohnung by ira rubt, haben
2081 1774 2684 1857 nicht beide partyen, wie ouch den meister
2080 1814 2671 1900 vnd knecht, gfenglich ynsetzen, vnd den
2093 1845 2688 1937 gantzen verlouff anze G. langen lassen
2089 1888 2675 1968 ouch darby andüten wöllen, das deß anth
2090 1923 2687 2015 bruder Michel Rops der schmid, inne nit
2099 1961 2660 2056 wenig in syner widersetzung angewisen
2097 1988 2696 2103 vnd gesterckt, deßglychen das wedermeist
2096 2039 2707 2134 zum anfang, da er drussen beschickt worden.
2106 2088 2684 2168 sonderlich aber als bald nach dem er die
2108 2117 2687 2217 dienst by einandern gfunden, die sach
2104 2161 2699 2256 gebürender massen geoffenbaret, wie
2100 2194 2703 2285 erdann hette thun sollen, soliche grosse
2092 2229 2718 2342 wytleüffigkeit vermitten blyben mögl.
