4032 3024
1360 2060 1416 2108 .
1347 354 1470 422 324.
1452 398 2007 529 sich erlitteret, das er von desselben
1462 474 2002 564 schlimmen hußhaltens wegen eben so
1435 504 1998 600 vol als er begere, das die schidige
1436 537 2011 643 ung zwüschen Elßbeth Spießer syn,
1447 590 2026 694 er tochter und imme Singberg ergangen
1442 635 2013 719 ß die oben p. 252. verzeichnete
1432 665 2012 749 schidigungs Vrteil hinuß geben, vnd
1445 711 2010 797 sich anderfahrt gesehlich erlangt
1443 748 2032 828 ytlichen guts halb sind sy weid für
1448 788 2049 879 Euch die weisenvögt gewisen worden.
1636 851 1788 927 Bern
1415 957 2027 1057 Martin Stäli hatt Anni Busti an
1455 1009 2016 1084 klagt, das sy imme syn tochter nit allein
1440 1043 2024 1124 hieuor etliche mal, sondern ouch Jetz
1442 1082 2026 1152 nach dem sy widerumb von hinnen
1447 1123 2032 1194 heimglassen worden, ynzogen, vnd als
1445 1164 2010 1232 er sy darumb bscholten, sy inne an
1430 1197 2020 1269 ehren Pletzt habe etc. Darüber nun
1426 1240 2013 1300 die frouw, nach irem wytleüffigen
1444 1288 2020 1358 geschliffnen versprechen, von solichem
1442 1320 2013 1395 ynzug ernstig und by betroüwter
1438 1366 2005 1428 gfangensch abgemahnt, die Wort
1429 1406 2013 1469 vnd schelt reden zwüschen Inen beide
1440 1450 2021 1512 yts, keiner ply an ehren schedlich zu¬
1435 1493 2011 1561 yn, vfgehept, vnd het weders wider
1436 1527 1790 1598 heimgewisen worden.
1629 1595 1772 1680 Bern
1441 1664 2005 1749 Joseph Blepp ist syner straff halb
1461 1732 2021 1776 vfschub ertheilt, biß er das Jenig,
1444 1761 2029 1825 was an der Vhr ain zyt glocken thurn
1441 1802 2026 1853 durch den stral berührt worden, will
1434 1842 2011 1903 verbesseret haben, Jedoch sol er das
1456 1875 1719 1940 verch befurden
1635 1932 1759 2013 Bern
1452 2018 1997 2095 der frömbden Soldaten allerhand
1455 2075 2018 2135 insolentzen wegen sol ein fürtrag
1448 2100 2011 2164 gestelt vnd begert, Oden, daß Ir
1452 2141 2036 2204 W. dieselben mitt glimpff fort¬
1455 2173 1754 2239 schaffen wöllint.
2690 315 2798 383 375.
2106 392 2633 578 Jegast 3. Juli 1679.
2320 519 2484 598 ex Sen.
2122 569 2422 674 H. Dochselhoffer
2315 616 2473 688 Minist
2137 644 2677 762 Sr decan Schmid h Rütimeyer.
2328 720 2402 796 div.
2154 748 2813 869 Geörg Roch anstatt H. Fischers s im Jag
2140 824 2600 920 hr munnier. je von Werdt.
2171 912 2585 1010 Lentzburg, Hatzwyl
2144 1009 2803 1101 Obwol Verena Meyer Melcher Stentzen
2158 1069 2778 1137 uff syn fürgeben hin, das er an zytlichem
2157 1107 2788 1180 gut sovil hinder setzt, das er wol mitt
2145 1138 2768 1222 ira hußhalten könne, die Ehe versprochen
2147 1173 2794 1253 vnd Imme daruff gelt abgenommen. Jedoch
2151 1223 2777 1302 wyl söliches mitt dem vorbehalt be¬
2154 1260 2796 1343 chechen, das wann dem nit also sye wie
2149 1293 2817 1362 er ira fürgeben, nüt an der sach syn sölle,
2140 1354 2815 1416 Vnd nun sy es demselben entgegen be¬
2139 1386 2806 1452 funden, deßwegen ouch Imme den Ehe¬
2150 1427 2802 1494 pfennig wider zugschickt und nun weder
2139 1469 2808 1530 sy noch der Vatter mehr willig, ouch
2175 1502 2825 1576 sonst nüt wyters zwüschen inen vergangen
2180 1543 2816 1613 st dise vermeinte Ethe vfgehept, Jedem
2161 1583 2789 1637 sich anderfahrt zuverehlichen erloupt,
2165 1624 2790 1684 Jedoch soliches zu gebür fürzenemmen, vnd
2167 1671 2789 1722 sonderlichen Er, sich solichen vngründt
2176 1699 2824 1760 eumens ze vberheben, vermahnt, vnd
2162 1736 2808 1805 der Costen vons besten wegen compensiert
2171 1769 2265 1832 worden
2328 1842 2533 1926 Wolen
2172 1896 2827 1976 eter Nops, so hieuor den 28. decembris 1624
2185 1965 2838 2019 von synes fälers wegen von Anna Bru¬
2179 1998 2822 2064 in gescheiden worden, hatt, vff ynlag
2181 2034 2815 2087 eines schyns von Chorgricht zu Wolen,
2175 2078 2827 2139 erloupt nit erlanget, sich anderfahrt
2187 2108 2828 2179 zu verehlichen, Jedoch vnder gewohntem
2182 2162 2759 2225 vorbehalt, In solichem fahl brüchlich
2395 2215 2648 2296 Bardonne
2170 2287 2795 2358 George Monron Ist nach vßgestandner
2188 2343 2818 2404 vätterlichen züchtigung der gfangen,
2224 2381 2776 2428 hafft, mitt vßspruch der Vrteil, so
2222 2406 2783 2488 ben p. 322. verzeichnet staht, ledig
2198 2442 2497 2513 glassen worden.
