4032 3024
1448 331 1555 402 502.
1598 373 2056 524 Kunstige die negst
1475 416 2059 579 Wol Niclaus ford, und Annah
1524 498 2071 634 ob sy gleich blos uf ein anderen aber
1514 559 2037 691 doch nit bekantlich sy einiche thaten.
1529 603 2062 723 anderen verrichtet, sich aber sey
1537 662 2044 765 argwonig, ist er wider ins pfa
1491 700 2036 816 und sy inns loch erkent.
1541 766 2047 926 Wynow, Armengen
1491 841 2045 983 Schryben an herrn vogt zu veranderen.
1507 904 2051 1027 er herren und wirtz predigenten z
1454 957 1502 1027 .
1491 952 2053 1057 Seynow wegen wurdersachen sich zu
1501 999 2036 1115 verantwort, uff den 25. diss
1491 1052 1672 1129 her halte
1585 1109 1934 1234 Effordten
1486 1192 2054 1293 Andrie wolle ist wegen sy Anthone
1481 1252 2037 1350 nas ordenlich verruffen laßen
1483 1289 2048 1382 und sie zytt verflossen, ehrlicher beiden
1457 1346 2039 1435 von imme ledig und erkent, das er un
1495 1391 2039 1472 ein land, wo er gebetiert verweiten
1443 1393 1498 1462 D
1432 1437 2038 1550 werden, deßen allso durch landt
1483 1482 1998 1578 vogt berichtet werden sölle.
1345 1536 2048 1667 adeloff nechstkunfftig montag liter
1471 1630 2036 1718 Amman Meier zu Belp weg ver
1477 1679 2051 1760 übter übernutzung gegen stelle
1405 1727 2017 1812 Wyttenbach, deßwegen ex insen em
1444 1775 2036 1867 Bikardts und herren Rüti mein ein
1475 1823 1932 1917 schryben aufferen weibe.
1500 1893 2041 2008 Frytag den 20. novembris 169
1529 1992 1801 2075 C Senatu.
1416 2043 2036 2162 Herrn Bikardt Indes H. Amen.
1594 2120 1894 2212 Ex Ministris.
1410 2163 1974 2276 herren langhans Herrn Rütimier
1601 2246 1869 2342 Embus
1415 2293 1973 2412 D. Monnier H. von werdt,
1424 2366 1705 2459 H Heinberg
2716 412 2828 492 503.
2171 425 2727 556 Bern Rapperswyl.
2117 500 2779 626 uf fehlen langhansen beschechnen anzug, das
2124 562 2806 683 das er sich Manuel von H Jacob Solchen
2119 616 2804 719 pretirenten zu Rappers wyb umb ein
2138 665 2766 757 faß mit wyn nit möge halt werden.
2124 711 2795 822 Ist erkennt den herrn Salchli gschrifftlich erbe
2164 764 2794 851 ant werde, das er den herren fürderliches
2146 811 2782 896 hale oder von mit wol über 8 tag
2143 859 2814 961 sich alhie stelle und nicht bscheidt erwarten,
2172 922 2696 1029 Buren diesbach.
2121 1005 2773 1119 uf Martin Arnd erklagt, in der nicht
2137 1071 2790 1166 zu Buren wegen gast horgrichts mit
2128 1114 2791 1203 für. 2. ritt Jeden 6. tag der schryber
2098 1168 2757 1256 von 3. riten, jeden 4 lb und der
2112 1215 2737 1306 weibel von 2 reiten jedem 2 lb.
2132 1265 2775 1345 retlohn georderet, auch das iro ver des
2128 1312 2769 1397 Chorgrichts 48 b uff imme verschert und
2142 1351 2756 1447 noch 5 lb höüschind ist erkent, das s
2141 1403 2767 1490 aller sydt sollcher verpotner vordrungen
2153 1453 2779 1543 sich überheben, des gordneten gullind
2142 1501 2719 1592 sich vernügen die sacher berurter
2156 1541 2776 1630 welt selbs erleg und sich ins künfftig
2157 1592 2751 1683 scheidner halten söllind, wo aber der nit
2150 1635 2762 1728 gscher und an sich verner erklagen
2134 1679 2764 1765 wurde es zu ge anvermelt werden
2175 1730 2743 1852 Chim Langner Trach
2293 1794 2556 1881 selwalldt
2135 1835 2793 1951 Catrin spiler ist gwisen worden, wyl
2183 1913 2757 2010 von irem man beschulltiget worden
2323 1954 2757 2029 u einem man nit tugen
2149 1982 2219 2036 alls
2217 2001 2775 2091 ss des auch gstendig, desswegen der
2149 2041 2729 2151 man verschidigung begert, das sy
2113 2073 2758 2187 Durch die hebammen besichtiget werden.
2108 2124 2751 2235 damit volgends irem strytt dest
2144 2191 2392 2286 bas zethun her
2135 2202 2741 2331 Entzwüsche aber sol durch den ampte
2135 2262 2740 2357 man zu Trachselwald Bendichten.
2144 2316 2739 2419 Mörcker zu Langnow wegen etwas
2143 2351 2736 2466 huo irem strytt gstürten anlasses
2142 2418 2408 2518 alhar gehalten
