4032 3024
1508 301 1573 385 66
1594 310 2182 423 houpt geschlagen, demnach habend
1603 381 2179 456 y by diser glegenheit zu gmein
1594 416 2180 495 ab imme geklagt, daß er sya die
1595 462 2177 534 Muter vnfründtlich halte, vnd
1585 495 2171 574 nit gestatten wölle, das Irer Kin¬
1575 546 2147 614 dern eins zu ira kommen sölle.
1585 588 2172 660 darüber er sich nun nit allein,
1579 635 2182 714 best er können versprochen, sondern
1579 665 2145 727 Im gegentheil sich eben so häfftig
1591 706 2167 768 ob der muter und den söhnen,
1576 740 2180 816 als sy ab imme, geklagt. Hieruff
1581 788 2174 859 nun bevordrist die elteren, frid¬
1573 821 2149 892 vnd fründtlich mitt ein andern
1591 864 2158 928 Zu leben, vnd den huß Zanck erlaub
1585 903 2171 980 zugeben, ouch bescheidenlich gegen ein¬
1586 940 2174 1015 andern gefahren, vnd beidersezts kin¬
1593 988 2170 1058 der zu Irer pflicht zehalten. Dem¬
1579 1016 2159 1094 nach beide knaben, dem Vatter vor¬
1585 1062 2156 1135 zugeben, vnd gebürenden respect zu¬
1584 1102 2169 1178 erzeigen, und wann sy glych die
1579 1139 2177 1227 muter heimsuchen, sy doch imme dem
1595 1179 2133 1250 Stieffvatter kein vnglegenheit, vil
1591 1228 2141 1302 weniger einiche vnrichtigkeit In
1592 1260 2135 1339 der hußhaltung anrichten söllind
1598 1305 2132 1372 vnd hieneben dann die leugen har
1580 1338 2115 1410 abschnyden Zelassen, vnd etwas
1583 1373 2121 1456 ehrlichs fürzenemmen, ernstlich
1589 1419 1943 1500 vermahnt worden.
1785 1557 2075 1651 Lueracheren.
1599 1619 2112 1739 Andres Schwendiman hatt nach
1611 1680 2117 1769 abbüssten andern fäler, die
1602 1715 2065 1815 gewohnte censur, vnd
1608 1751 2134 1865 mahnung, sich zu besseren, empf
2919 276 2968 346 07
2264 388 2976 514 Mittwuchens. 21. Jan. 1629.
2499 475 2689 539 exsenatu
2306 504 3005 613 E. H. von Werdt. Ind. G. Hochselhofer
2499 568 2681 657 sslinist.
2269 637 2754 766 H Schmid, H. Langhans
2501 729 2605 792 Civ.
2285 759 2919 868 Hr. Sultzer S. Hirtz c. Fischer
2309 926 2796 1026 hasle. Hoffingen.
2282 1047 2945 1124 Michel Schnydern sind wegen einer
2289 1101 2931 1169 an H. Wilhelm Groß, helffer
2288 1142 2959 1218 zu Zoffingen, von zweyen imme verkouff¬
2287 1186 2967 1255 ten stieren har, habenden ansprach,
2290 1226 2963 1300 nachvolgende zwei schryben ertheilt
2287 1272 2398 1340 worden.
2287 1350 2987 1442 an Hr. Schaffner und beid h. predicen
2304 1405 2925 1475 zu Zoffingen, das Hauer gemeltem
2287 1447 2949 1515 s. Grossen an synem zukommen der pfrund
2289 1480 2920 1549 nach vnd nach sovil, als ussert der
2284 1525 2945 1596 hußhaltung müglich, inn behalten, dise
2277 1557 2958 1632 dann söliches hinder sich nemmen, vnd die
2278 1601 2978 1673 ein vnd andere schuld, bevordrist aber
2282 1645 2968 1715 gedachten Meyer daruß bezalen: Vnd
2276 1678 2984 1753 hieneben Inne von dem martzelen, wirts
2270 1719 2951 1809 und wynschencken hüseren abmahnen
2273 1754 2646 1827 und abhalten söllind
2297 1840 2971 1950 An h landtvogt zu Interlarten.
2295 1894 2926 1967 Diewyl myne herren verstandit, wie
2299 1933 2938 1997 dz gemelter h helffer mitt vile gelt¬
2297 1971 2960 2048 schulden beladen, vnd hingegen seyn schwä¬
2299 2018 2977 2081 dher Im Grindelwald guten vermö¬
2289 2047 2936 2121 gens sye, sölle er denselben für sich
2305 2090 2938 2154 forderen, vnd Imme gütlich anhalten
2300 2127 2972 2191 das er disem synem Tochterman die handt
2310 2177 2929 2240 iete, vnd etlicher massen ußschuld
2296 2203 2418 2278 helffe.
2356 2277 2819 2370 Wißwyl, Huttwyl
2324 2367 2982 2447 In h. Daniel Freudenberger, predicant
2307 2422 2943 2480 zu Wißwyl schryben, wie sich ge
2315 2447 2923 2497 laubwürdig fürkommen, wie das er
2311 2492 2958 2551 Babriel Mutach, predicant zu Gutt¬
2314 2524 2939 2607 wyl selig, beide by gesunden lyb,
