4032 3024
1324 350 1438 434 294.
1444 423 1939 525 Maris. Mannidorff
1686 488 1976 575 üricht geprette
1347 526 1961 634 Nach dem Chorgricht Ist durch d
1415 592 1967 665 nd und Decanum, Jacob Wüsten
1405 637 2001 724 einem soldaten ein Tedel bewill¬
1402 673 2002 759 iget worden, das er sich mitt Barbara
1402 717 1982 808 Wettlin zu Bümplitz zusegnen
1384 753 1678 830 lassen möge.
1360 944 1972 1049 Contags 15. junii 1629
1622 1014 1795 1080 Ex Sen.
1405 1030 1726 1125 zu Dachselhoffer.
1624 1100 1778 1156 Plinist
1411 1121 1968 1215 zu der an Schmid, Hr Rütimeyer
1418 1217 1994 1305 zu Fischer. gr. Innhag, Hr. Monnier
1410 1277 1676 1351 H von Werdt.
1501 1357 1927 1450 Heeberg Bolling.
1406 1430 1974 1520 Jurs Buri hatt begert, das man imme
1407 1489 1986 1557 den kilchgang mitt Elßbeth Otterlin,
1419 1528 1968 1598 o von der Statt Bern verwisen, vnd
1398 1564 1978 1634 die gerberen genant Wirts, bewilli
1402 1612 1990 1674 völle, Ist aber mitt glimpff heime
1401 1650 1999 1718 gewisen, vnd dem Chorweibel beuol¬
1409 1687 1996 1755 chen worden, sich hinuß zu verfugen,
1407 1732 2013 1798 als die nit allein zwifacher Ehever¬
1411 1769 2014 1827 prechung, sondern ouch von der E. eines
1408 1812 2006 1877 argwönigen inzugs beschruwen, sampt
1392 1840 1999 1915 der roten näyeren, vnd deß kauwers
1400 1884 2009 1965 tochter, zu behendigen, und gwarsam har¬
1422 1927 1598 1998 gschaffen.
1360 1967 1846 2066 An Amman darumb schryb
1384 2070 1940 2162 Lentzburg. Winterthur
1403 2142 2009 2237 Hans Jacob Frickhart hatt von Regula
1413 2204 1981 2271 Schnyder, mitt deren er albereit
1409 2239 1895 2317 den kilchgang verrichten wöllen.
1890 2249 1946 2311 sy
1409 2279 1989 2346 aber uff dem Weg von Irer kranke
1404 2316 2008 2384 heit der kalten lein angriffen worden
1404 2360 1985 2425 von deren er zuuor nüt gewüßt, der
1427 2398 2008 2471 schidigung begert, wyl imme unmüg
1419 2442 2017 2508 lich syn wurde, sy lenger (damit be¬
1423 2471 2014 2549 schechen, mitt arthey und notwendige
2580 273 2679 364 295.
2054 329 2639 504 sens der ernsteren und es her
2056 401 2646 547 soliches anfenglich verhalten habe. In
2050 442 2639 587 vonsechen welcheßin, vnd daß sy noch
2045 491 2675 642 sein lybs gmeinschafft mitt einandern
2052 533 2669 693 gehebt, sy widrumb von einandern
2066 572 2680 725 gescheiden imme, sich anderfahrt zu ver¬
2073 619 2671 764 zlichen erhaupt, ira aber, als lang sy
2090 671 2675 805 nngh gepiet wohnen, vnd mittt
2073 705 2704 847 emelter Herlybs krankheit behafftet
2077 776 2722 900 in wirt, die Ehe verrotten worden,
2063 819 2683 935 Es sye dann, daß sy dise person, so sy
2063 861 2736 988 Zue Ehe begerte, stelle, vnd wie tra
2081 916 2726 1018 erloupt, Mitt compensation Costens
2063 957 2717 1077 jedoch daß er ira, was sy imme zugesetzt,
2064 1024 2364 1112 restituieren sölle.
2241 1079 2532 1174 Lienacheren.
2079 1142 2748 1255 Andres Schwendiman, so in letst verschinnen
2073 1205 2749 1287 Augsten als die schuldige person von Adel¬
2084 1241 2761 1327 heit Übersold gescheiden worden, ob glych
2081 1291 2743 1377 wol syn wartzil nit verflossen, Je¬
2074 1344 2756 1418 doch In ansechen sowol der E. Zugsame
2083 1381 2753 1449 vnd das er sich etlich har lang mitt Ire
2077 1422 2755 1497 lyden müssen, als ouch das kein versunung
2076 1467 2760 1535 zwüschen Inen zeschoffen, wyl sie ein arbeit
2079 1511 2772 1575 selig mentsch, vnd dahar ira die Ehe ver¬
2087 1550 2761 1619 potten, Ist Imme bewilliget, sich ander¬
2091 1595 2775 1671 fahrt Jedoch mitt gewohntem vorbhalt
2108 1636 2742 1716 everehlichen und 6 lb die uferlegt worden
2117 1740 2407 1821 ouperßwyl.
2076 1820 2760 1907 Christina Nüwshuß hatt wider Gorg
2107 1893 2774 1939 Bläsiman Ire alte clegten mitt mehrer
2095 1922 2776 1985 kundtschafft zu erwisen understanden
2104 1959 2767 2004 vnd darmitt die schidigung zuer¬
2097 1994 2760 2066 werben gesucht. Wyl aber noch
2108 2030 2767 2104 malen darzu kein gnugsamer bewyßen
2106 2080 2779 2153 verhanden gsin, sind sy widerumb zu
2744 2137 2784 2182 .
2125 2126 2752 2188 samen bekent vnd gewisen, ouch ver¬
2129 2162 2772 2233 mahnt worden, nicht urteil nun
2126 2207 2805 2270 mehr zugeleben, sonst werde man dem
2125 2245 2796 2322 ein vnd andern den verdienten lohn geben
2105 2287 2646 2359 daruff sy beidersyts gelopt.
2297 2342 2617 2436 S. Steffan
2126 2414 2766 2499 Christina Kinder hatt Peter Herlen
2135 2477 2809 2541 der Ehe angesprochen, vnd zugewandt
2122 2517 2786 2606 das er sy vermittlist der Ehe verheißung
