4032 3024
1430 314 1505 375 46
1528 330 2124 452 umb abbuht. Siderhar habe Sie
1527 395 2112 477 mitt Claus duner dem Sager
1537 438 2140 529 sich fleischlich vermischt, habe zwar
1531 476 2135 567 ein eheman, wüße aber nit wo
1519 518 1801 583 erzetzend sye.
1803 526 2132 613 des übrigen aber
1566 552 2136 662 Im schryben vermeldet, sonderlich
1582 605 2132 682 y eines daselbst entloffnen
1503 644 2115 733 Müllerknechts schuldig, vnd deß
1545 691 2123 770 wegen, dem Rechten abzutregen,
1525 730 2116 826 flüchtig worden sye, daß ist sy
1528 784 1807 859 nit gestendig
1549 849 2126 928 die Buleren aber Ist nit allein be¬
1555 897 2113 963 schuldiget, sonder auch bekantlich,
1549 931 2109 1010 wey vnehliche Kind geboren, das
1533 973 2087 1046 erst Niclaus Marmit dem
1541 1020 2095 1092 Krämer zu Signoull, das ander
1534 1064 2118 1139 dem Peter Steiner zugeeignet
1532 1105 2094 1182 hänes zu Signouw, dises aber zu
1531 1142 2102 1226 Äschlismatt touffen lassen ze haben
1542 1184 2123 1268 die syen beide gestorben, und habe
1527 1226 2129 1320 allein vmb den ersten fäler buht.
1533 1284 2113 1378 Sieruff erkent, an beide obge¬
1529 1347 2096 1415 melte ort widrumb geschriben
1528 1386 2111 1454 wden sölle, Joseph hundtspergern,
1530 1421 2082 1495 als dem die zügnuß geben wirt,
1518 1465 2112 1540 das er mitt der Buleren nit zu ge¬
1541 1510 2120 1588 ringen verdacht, vff nechsten fry¬
1538 1542 2091 1630 oder von dato über 8 tag, weit
1527 1590 2122 1669 glychen die Jenig, so noch nit abbüst
1540 1625 2112 1711 etten, mitt bericht, ob es der ge¬
1538 1668 2079 1750 dorbnen Kinderen halb recht
1533 1712 1983 1795 zugangen oder nit, hargehalten
1441 1788 1892 1875 Mittwuchens. II. dito.
1545 1854 2087 1958 Felix Stüßi hatt den verlauff
1553 1908 2082 1983 desshandells substantzlich also
1553 1952 2092 2029 erzelt, daß Joseph Hundtsperger
1553 1983 2108 2063 nnes zum Wysen trütz zum trunck
1549 2031 2081 2108 geführt, und als er bim tisch
1535 2071 2104 2149 mitt dem Wäbmeister von All
1539 2110 2103 2188 mendingen, uff desselben anreitzung,
1529 2141 2097 2229 uneins worden, habe Joseph den
1540 2178 2077 2271 selben angriffen, vnd sye er vmb
1568 2223 2089 2324 Vhr heimgangen, bald darnach
1544 2259 2062 2349 yen die 2. Tirnen, sampt dem
1536 2309 2081 2389 sigrist von angnouw, so aller
1530 2349 2074 2434 erst naß zum thor ynkommen, imme
1535 2389 2099 2479 nachgefolget, vnd endtlich vmb die
1554 2429 2110 2533 zyt, als es glütet, yen die mannen
1557 2471 2096 2572 ouch zu synem huß kommen und
1554 2504 2094 2640 inne umb herbrig angesprochen
2285 2052 2348 2107 .
2915 297 3004 372 147.
2372 343 2986 443 uß grund, das es sonst zum Crüt
2375 412 2959 494 ein erstochen leben geben möchte
2325 472 2952 571 Demnach vermeinet Er, das er die
2369 524 2953 600 beid Tirnen in syn huß bescheiden
2373 566 2945 641 habe, dann er jedoch mitt
2374 615 2963 693 etwas variation vermeldet, das er
2365 656 2953 726 nur die eine Im wirtshuß ge¬
2367 699 2939 777 sechen, vnd vnd die eine noch
2362 743 2735 820 ande gekent habe.
2385 787 2988 868 darüber aber beid Tirnen Imme
2382 844 2980 912 die anbietung syner herbrigen
2370 881 2983 951 der augen erhalten und zum wortzeich
2370 920 2996 990 hinzugesetzt, das es zum Wyssen lütz
2367 962 2989 1037 geschechen, als sy ein halb mahlin
2372 1006 3010 1071 truncken und gredt habind, sy mö
2361 1044 2991 1118 gint mit da übernacht seyn, Item das
2369 1084 2970 1152 eremeldet, er wölle etwan
2361 1124 2969 1204 In der warmen stuben uff den bencken
2354 1167 2537 1242 ligen laßen
2374 1238 2986 1316 vnd obwol Er sich mitt dem entschul¬
2376 1293 2996 1347 digen wöllen, es habe Christen Schlat
2375 1331 2984 1397 ter sy hinab in syn huß geführt,
2350 1368 2981 1445 habend y Imme doch dasselb standt¬
2360 1409 2732 1483 hafft widersprochen
2316 1468 2952 1563 Obwol aber Elßi Buler hieuor be¬
2377 1532 2966 1600 kantlich gsin, es sye doch unbe¬
2383 1569 2969 1639 fanter Wyß, vil vnd dies hei¬
2366 1598 2962 1669 ters tags in Stüßis huß yn und
2388 1647 2960 1715 hgangen, hatt es doch soliches den
2376 1684 2955 1754 widerrufft, vnd vermeldet, das es
2366 1724 2945 1797 nit mehr als 2 mal, namlich
2360 1772 2967 1841 an dem Mittwucht, als sy da uf¬
2344 1815 2927 1884 geweckt worden, vnd des ersten
2353 1850 2949 1927 mals grad am zinstag daruon
2346 1891 2959 1972 da gsin sye, us ursach und anlaß,
2358 1938 2961 2011 das die von Signouw gmeinlich Iren
2328 1964 2405 2037 zu
2400 1971 2658 2045 sug, da hab nit
2357 2025 2940 2105 die Schindlerin aber hatt anzeigt, das
2340 2076 2947 2147 sy ussert obgesagtem abend, sonst
2340 2116 2809 2186 nie in Stüßis huß gsin sye
2378 2153 2939 2231 derüber erkent, die beid Tirnen
2383 2207 2935 2259 öllind in erwartung wyteren be¬
2358 2250 2927 2307 richts von beiden sorten wider himmb
2358 2279 2903 2345 gelegt, Stüßi einmal wider
2359 2322 2930 2381 heimgelassen, und wann hundt sperge
2361 2353 2932 2424 erschynt, als dann Christen Bell¬
2346 2396 2932 2472 mund der Wäber von Allmendingen
2353 2434 2840 2510 ouch harbescheiden weden
