4032 3024
1371 370 1494 463 342
1481 420 1996 557 frytags 24. julii 1629
1695 504 1855 577 ex sen.
1471 543 1875 629 zu Dachselhoffer. Ind.
1664 604 1832 660 Minist.
1461 638 2005 758 Gr deran Schmid, H. Rütimeyer.
1666 701 1772 782 Civ.
1460 739 2034 858 s. Koch hr. Im Hag. h. Moniner
1467 804 1689 856 sr von Werdt.
1688 827 1987 956 Blumen sein
1463 920 2060 1028 hristen Ruffiner der Weibel, denne
1459 986 2050 1057 ouch der Wirth daselbst, sind von
1447 1019 2048 1093 der E. vff mith beuelch, mitt wy¬
1456 1054 2050 1137 tern bericht, Ires spilens wegen har
1451 1090 2048 1161 geschickt, vnd ernstig darüber zwar
1457 1134 2066 1204 ten gesetzt worden. Da nun Jäner
1451 1170 2060 1242 zwar bekantlich gsin, mitt Hans Ni¬
1450 1214 2045 1276 sen In der Keigel Kugel, jedoch nit
1448 1257 2056 1319 vor der predig oder dem morgenbrot
1449 1285 2050 1346 sondern erst darnach: In karten ab
1448 1327 2054 1395 mitt niemanden, als mitt Sincentz
1441 1362 2044 1434 Pastor vnd dem predicant selbs ge¬
1451 1400 2052 1469 pilt ze haben. Was dann den zu
1455 1440 2043 1508 zu thun durch Hans Strün verwiß
1450 1478 2049 1536 den fäler betreffe, habe er denselben
1442 1532 2045 1590 nit begangen, die wort aber setzen zu
1433 1562 2050 1621 Thun durch den Schs vnd andere
1432 1607 2039 1672 hingelegt vnd versprüchet worden,
1459 1640 2028 1722 iser hatt sich also versprochen, das
1394 1668 1459 1730 .
1460 1694 2068 1755 sy wol etwan winters zyt vmb
1453 1727 2061 1797 nydlen gespilt, aber sonst wyters nit
1442 1766 2040 1827 die 3 M. Bernen belangend, habe
1442 1803 2056 1867 er einen von Bendicht Schmid Jungen
1442 1841 2041 1900 deß Weibeln, die vbrigen zwen dann
1444 1875 2043 1946 Zumtheil von 3. 8. gelichnen gelts,
1447 1921 2031 1976 zum theil von Zehrung wegen, ein
1454 1961 2051 2021 pfangen. Zuruff nun er¬
1446 1994 2044 2057 kent, Es solle der Weibel hinab
1445 2035 2024 2099 gesetzt, der Wirth aber uffem fri
1443 2075 2053 2135 fuß gelassen, und am montag wider
1439 2115 2057 2178 umb zu erschynen vermahnt, und der
1422 2145 2054 2219 zu predicant von obberuhrter Vrsach
1427 2187 1835 2259 wegen sarcitiert, vnd
1633 2256 1886 2344 Kilchberg
1444 2316 2020 2412 Derena Züricherin Ist vor ver¬
1454 2384 2023 2442 fließung der 3 wuchen nach dem
1449 2412 2038 2478 britt ruff dem Rechten begegnet,
1447 2446 2010 2515 vnd uff Hans Killemans tres
1462 2488 2025 2542 ehr wirth zu ira geführte klag
1459 2523 2035 2603 bekantlich worden, sich by kurtzen
2696 326 2793 402 343
2149 380 2791 502 mitt einem Jungen gsellen, der sider
2138 430 2791 556 har tods verfahren, In Ehebruch ver¬
2141 473 2807 594 gesten, vnd dardurch ein vnehlich kindt
2140 526 2803 628 ersitet ze haben: Jedoch vermeldet, er
2131 566 2773 675 sye dessen selbs die eintzige Vrsach,
2135 611 2764 711 in dem er sy glych von anfang irer
2129 656 2779 751 Ehe verlaßen, vnd ira nie kein guts
2136 697 2791 791 gewisen habe. Wyl nun er dessen vnd
2124 747 2797 844 Ires vmb verzychung pittens vngeacht,
2127 790 2776 863 nit erwinden wöllen, Ist das ehliche
2121 827 2774 906 band zwüschen Inen nach gmeiner form
2117 869 2778 946 beideren wartzils, urloub nemmens, vnd
2127 913 2762 982 derfälbarn pson schynbringens halb,
2127 948 2808 1028 ufgelößt, und wyl er ira zum fäler nit
2127 997 2811 1069 geringe vrsach geben, der Costen vfge¬
2117 1052 2332 1119 hebt worden
2119 1086 2440 1168 Ans sche schryben
2149 1130 2755 1204 Sy nach der ernd nach Inhalt der
2136 1177 2689 1252 Satzung zu die straff zezüchen
2176 1257 2710 1345 Signouw. Hochstetten
2149 1347 2803 1434 Oli Ellenberg verspricht sich 1. synes
2150 1404 2824 1468 vßtritts halb mitt dem, daß imme that
2156 1445 2694 1497 vnd anlaß darzu geben worden
2161 1490 2795 1543 2 der groben Tester worten halb eins
2165 1528 2786 1575 heils mitt der zugend, dann er nit
2152 1553 2803 1621 vil über die 12 jar alt gsin sye, andere
2154 1595 2773 1645 theils mitt der vnwüßenheit, dann
2143 1631 2806 1694 er nüt wüsse, daß die wort ergangen
2155 1667 2824 1744 müße der kundtschafft vertruwen, die
2151 1712 2806 1783 se aber domaln noch Junger als er
2156 1752 2803 1821 und mitt naen nit über 1 jar alt
2156 1802 2815 1863 gsin, begert, man imme in ansechen des
2155 1830 2817 1898 selben ouch syner wyb und kinden gnad
2170 1870 2837 1928 bewysen wölle. Hieruff erkent wor
2168 1911 2836 1982 den, wyl er sich widrumb gestelt, sölle
2170 1947 2828 2026 er hinab gelegt, vnd entzwüschen der E.
2164 1993 2835 2067 zu höchstetten geschriben werden, nicht
2162 2037 2821 2101 grundt, vnd vmbstendtlich zu berichten,
2156 2088 2799 2142 Wie manches Jar es sye, das die wort sich
2155 2114 2830 2195 verlüffen haben söllend, wie die kundtschl
2172 2151 2849 2222 heissind, vnd was sy eigentlich hieruon
2179 2193 2836 2255 fuget vnd geredt. Item wie er sich sonst
2169 2228 2806 2291 vssert disem In gnem leben, handel
2165 2269 2800 2331 vnd wandel erhalten, wie alt er
2168 2303 2806 2377 sye, und zum selben und ein usszug uss
2153 2348 2850 2418 dem Tonsfrodel zeschicken. Ouch was alters
2155 2388 2826 2464 die Jugen domaln gsin syen hernamsen.
2210 2427 2649 2525 Burgdorff. Brugg
2188 2494 2840 2572 Rudolff Lübel der metzger hatt die vn¬
2225 2554 2841 2626 dere gfangenschafft nit volkommen
