4032 3024
1364 348 1469 416 356.
1652 374 1952 496 Oberhoffen
1438 458 2025 573 Wyl Andres frutinger sich eröffnet
1446 524 2027 611 daß er vnd Elßbeth Kernen, die hie
1446 554 2035 644 uor syner Großmuter lyblichen bru¬
1429 582 2037 695 der, mitt namen Jacob Herting selig, zu
1435 632 2030 719 Ehe gehept, einandern die Ehe verspro
1444 675 2048 763 chen vnd gehalten begerindt, wofehr
1436 723 2060 811 es fründtschafft halb, dem wort Gottes
1430 760 2042 837 und der satzung nach syn und zugahn
1436 803 2037 878 möge, soliches aber nit zuläßlich,
1426 837 2048 920 Ist imme ynbunden worden, das sy beide für¬
1427 886 2032 960 derlich, damitt sy förmlich gescheiden
1419 919 2043 998 wdit, harkommen, und entzwüschen
1434 963 2057 1047 sich gegen einandern lyblicher gmeinschl
1441 1001 1732 1068 müßigen Collinde
1663 1075 1952 1169 ferrenbalm
1516 1092 1690 1212 Mort.
1766 1144 1984 1209 Büchslen.
1679 1148 1722 1205 s
1448 1214 2047 1286 Adam jungi hatt uff ein nüws geklagt
1454 1263 2049 1324 das Anna Spack grad deß tags, da
1454 1307 2051 1352 sy von einandern gscheiden worden, imme
1454 1343 2038 1395 zum dritten mal in syn herbrig zum
1454 1364 2048 1431 schumacheren nachgangen, imme und an
1456 1412 2048 1474 honi Wannen macher, synem bystand
1453 1448 2051 1515 meyen gebracht vnd gegeben, ouch Im
1442 1483 2036 1550 vff ein nütts die Ehe versprochen
1441 1523 2043 1586 habe. Darüber sy anders nüt be¬
1437 1558 2047 1628 kantlich syn wellen, dann das sy mitt
1435 1604 2047 1661 Anna Gurni irer basen uff gedachter
1445 1645 2041 1701 gsellschafft gsin sye, ein vierteli Wyn
1437 1680 2045 1741 daze trincken. Hieruff nun der Wirth
1439 1723 2041 1784 zum schumacheren, sampt syner frouwen
1448 1763 2052 1810 vnd schwiger, deßglychen batt Grun¬
1439 1797 2043 1856 ysen und gemelte Anna Hurni in
1442 1837 2057 1901 kundtschafft verhört, aber anders nüt als
1435 1873 2063 1932 die 2 ersten stuck syner Clag, vnd hie¬
1435 1907 2033 1971 mitt kein Ehe versprechung erwisen
1454 1943 2056 2010 deßwegen dise sen nüwe ansprach vf¬
1457 1984 2055 2042 gehept, imme, sich anderfahrt mitt einer
1462 2027 2056 2088 villigeren in gebür zu versorgen erloupt
1447 2060 2049 2122 und demnach ira zugelaßen, daß
1451 2095 2031 2157 so Ire elteren, wie fürgeben, sy mitt
1442 2136 2028 2189 einem andern versprochen, also daß
1426 2164 2052 2239 sy albereit den Thetag halten wöllen
1448 2224 2028 2286 y mitt demselben fürschriffen möge.
1439 2254 2035 2312 Vnd die wyl in diser sach zu beiden sy
1433 2294 2029 2353 verfält, Ist der dahar vfgelüffne
1441 2326 2049 2385 Costen, vnd hiemitt ouch gemelts Wan
1436 2362 2034 2422 nermachert, so vmb den synen dissen
1454 2393 2038 2463 vor Chorgricht protestiert, ufgehebt,
1451 2440 2029 2491 also das die ein andere, vnd dritte
1447 2470 2044 2532 filii den Iren an sich selbs haben, Je¬
1436 2516 2041 2586 doch der tochter Vatter den Chorg
2725 353 2823 416 357.
2113 428 2753 555 Costen zu herrenbalm abtragen, und aber
2124 491 2768 585 fur Jedes Gast Chorgricht wyters nit
2122 526 2748 626 dann ein guldig ußrichten sölle. Im
2118 570 2803 665 übrigen ist ira wegen ires unverschamten
2128 608 2791 702 nachlouffens zue straff vnd wahrnung
2121 670 2494 758 3 lb uferlegt worden.
2307 718 2663 828 Obersibenthal
2139 791 2776 897 Bartlome zwalen ist vmb ein schyn, syn
2131 861 2766 944 fürgeben von syner hußfrouwen zu er¬
2139 907 2577 983 rysen, hinder sich gewisen.
2184 977 2620 1069 Thun. Stäfisburg
2128 1038 2755 1125 an sichs zu thun, und den h. predicant
2129 1099 2742 1174 zu Stäfisburg samenthafft schryben
2132 1146 2784 1206 söllind die gmeind daselbst dahin halten
2120 1176 2785 1241 das sy ire schul wie ins fürkommen) nit
2130 1227 2384 1297 zergahn laßint.
2231 1308 2677 1400 Signouw, höchsten
2131 1408 2783 1469 N. Ellenbergs halb Ist der begerte be¬
2146 1459 2813 1518 richt von Signouw ankommen, uß welich
2136 1492 2795 1547 ein sich befunden vnder andern, daß die
2131 1544 2801 1598 wort vor ungfar 15 oder 16 jaren ge¬
2153 1573 2794 1626 schechen, vnd so es volkommen 16 Jar, der
2149 1616 2802 1668 ein züg 12. der ander 13. vnd Erselbs
2143 1650 2804 1703 lut ußings uß dem Confrodel 15 jar all
2143 1698 2795 1757 gsin were. Wyl nun imme sonst synes
2140 1725 2807 1783 lebens halb ein zimliche zugnuß geben,
2133 1772 2830 1834 Ist syn sach mitt erzellung derselben ver¬
2144 1815 2812 1867 touffs, vnd zuführung etlich vmbstenden
2154 1847 2821 1894 oman erachtet, Imme zu gutem dienen mö¬
2144 1883 2824 1949 gind, für rhat geschlagen und die schryben
2147 1920 2690 1986 dem H. Richter zugestelt worden
2337 1974 2463 2061 Bern
2140 2044 2837 2125 Vff beider Herrn Richteren widerbringen vnd
2152 2092 2823 2162 bericht, belangend deß S. von Kastelen be¬
2153 2132 2817 2191 kleidung, daß er sich der angemuteten en¬
2142 2165 2816 2231 derung nochmalen entschuldige, vnd noch
2152 2200 2794 2262 zu der zyt zur selben nit hoffnung sye,
2154 2232 2815 2299 Ist gut befunden, daß in ansechen gegenwir
2148 2275 2818 2338 tiger kriegs gfahr einmal mit wyters wider
2153 2306 2814 2385 Inne, der vbrigen halb aber der ernst für
2155 2339 2501 2410 genommen wien sölle
2389 2406 2507 2476 Bern
2174 2446 2819 2528 Hans K. Hetzels c. Wittwen, Sohn, vnd
2180 2500 2813 2571 Sönis wyb, sind ires spans halb, so vil
