4032 3024
1392 386 1508 460 536.
1462 445 1998 585 schamter wyß uff Mosern und
1466 518 1990 623 den knecht an ir bett gelegen,
1471 567 2022 674 also daß der selbig wychen müßen,
1455 599 2028 720 vnd nach dem er vfgestanden gsin,
1452 644 2022 751 mitt dem meister, neben einem an¬
1438 688 2028 786 deren, so alda verbliben, vnd hernach
1432 729 2022 821 hierüber kundtschafft geben, die
1452 777 2033 867 hat fürgnon und verbracht, für iren
1434 818 2027 914 schmertzen vnd die schmach nit zu¬
1441 858 2011 945 gesprochen, sondern ernstig darub
1436 911 2039 1002 consuriert. Ir vetter ouch Martz
1427 950 2036 1031 Schnyder, der Wirth, so etwas dar¬
1430 986 2011 1079 uon zebringen, und dem imme druss
1435 1032 2014 1115 vferlegten Costen zu entgahn Er¬
1433 1070 2022 1144 meint, sittenmal die Moserin zu
1423 1108 2022 1187 dem synen ob synen wercken an syn,
1426 1145 2014 1222 ein dienst obgehörter gstalt ge¬
1423 1184 2018 1253 träfflet etc. Wyl aber er durch die
1429 1228 2019 1301 kundtschafft überwisen worden, das
1420 1267 2048 1341 er den gesten das gmach, darinn sonst
1414 1312 2048 1378 der magd bett gestanden, vnd hiemitt
1405 1349 2033 1403 dasselbig auch, vbergeben, vnd die
1423 1387 2037 1460 ach der magd halb nit besser versechen
1410 1431 2035 1500 denn das ein söliche ergnuß mitt zu hör¬
1413 1481 2032 1548 en gespött, vnd gleichter, der übrigen
1435 1520 2040 1577 Im gmach gelegen, angerichtet, Ist
1426 1555 2043 1613 so fehr, das er entschuldiget, das er vil
1435 1602 2025 1654 mehr noch vmb ein Vrteil gelt ge¬
1429 1628 2027 1695 strafft und ins künfftig ein bessere
1432 1675 2014 1741 policii anzestellen, gantz ernstig
1423 1709 2007 1776 und by betröüwter niderlegung
1414 1754 2010 1817 der wirtschafft vermahnt, syn, wie
1422 1798 2008 1859 ouch der übrigen partyen costen
1411 1832 2015 1899 compensiert, vnd mitt diser lü¬
1423 1872 1996 1943 terung und vermehrung die Chorgen
1411 1917 2019 1991 zu Münsingen gefelte Vrteil durch
1409 1941 2046 2030 uß gutgheisen und bestätiget worden.
1628 1997 1894 2114 Kilchberg
1452 2109 1987 2179 Dathrin Bütigkhoffer ist nach
1428 2144 2012 2215 vollendeter citation wider Bart¬
1434 2191 2020 2252 Come ain Iren ehman, vngeacht
1433 2232 2007 2302 y sich verschwätzt, das sy sich albereit
1415 2260 2016 2342 mitt einem andern erlopt, die schidig
1417 2313 2021 2386 ung, sambt zuspruch Costens, ver¬
1404 2361 1550 2431 langet.
1609 2407 1922 2497 Höchstetten
1436 2481 2001 2553 dem h. predicant über syn auch
1442 2516 2038 2597 Rütimeyer abgeben schryben auf
1421 2558 2028 2630 worten, sölle vnd möge mitt wüssen
1419 2611 2004 2682 und zu thun des Chorgrichts zu be¬
2682 395 2788 471 537.
2126 451 2789 594 begengknuß deß H. Abendtmals, so wol
2109 515 2758 632 kilchendieners, vnd subministren, als
2111 539 2794 658 ouch deß gmeinen volcks halb ein söliche
2109 598 2788 706 ordnung ynführen vnd anstellen, die
2115 642 2790 749 nit allein der kilchen und dem ort
2121 674 2785 783 ankomlich: vnd anstendigisten, son¬
2106 718 2775 827 dern ouch anderen Gmein den In Ir gn.
2117 772 2772 864 landtschafft glychförmig sye, sonder
2120 814 2788 905 lich aber den sigrist der darreichung
2123 851 2782 947 deß kelchs entsetzen, Inne allein zur
2117 896 2767 987 kanten vnd zum ynschencken bruchen,
2117 942 2800 1043 den kelch aber zweyen eltisten vnd ehr
2121 984 2741 1066 baren Chorrichteren vertruwen, also
2105 1030 2749 1118 das er hinder denselben abwarten, sey
2121 1079 2796 1151 ouch dem kilchendiener under augen kommen,
2113 1119 2708 1195 vnd das brot empfachen söllint
2285 1185 2679 1282 Schwartzenburg
2117 1280 2739 1366 Rechargs an hr. landtvogt. Diewyl
2164 1329 2779 1406 man sache, das die gütliche Harpietung
2146 1364 2780 1444 an Peter Zwalen vnerschießlich, sölle er
2132 1404 2779 1483 Inne vffen Mittwuchen nochmalen ge¬
2124 1456 2417 1523 warsam har halten
2133 1553 2572 1641 Bümplitz. Bern
2143 1620 2788 1718 In dem handel zwüschen Hans Cyren Wech¬
2152 1683 2755 1748 ter, und hr Jacob Luner, zumari
2136 1714 2749 1795 deshen von Kossan, sind kundtschaffts
2145 1759 2676 1832 ryß gestelt und verhört worden,
2140 1801 2763 1875 S. Bartlome Louw, Andres Herman
2128 1838 2768 1914 Baschi Krattinger, amman und weibel
2140 1870 2781 1945 zu Bümplitz, Hans Scherler, Hans Burt
2131 1910 2756 1988 ner. Durch deren ussag sich sub¬
2142 1963 2446 2031 stantzlich erfunden
2133 1988 2728 2075 daß S. Cunnier content und zufriden
2138 2041 2739 2106 gsin, fründtliche bezalungs mittel an
2129 2067 2789 2145 zenemmen, vnd erstlichen ein brieff vmb
2143 2112 2764 2186 600 lb. vfrichten zelassen, so fehr, by der
2139 2142 2765 2223 vberrest ouch ergentzt werde, In wel¬
2139 2179 2743 2259 chein aber sy nit mögen deß einen
2136 2218 2718 2304 wden. Darnach habe er imme ouch ein
2149 2251 2731 2326 ander mittel antragen lassen, als das
2141 2284 2724 2368 er 800 lb in dryen brieffen nemmen,
2147 2326 2722 2405 die 232 gegen Faßnachts Erben
2143 2358 2735 2440 richtig gemacht, vnd zumselben vndt
2136 2391 2719 2484 nach inen geschickt, und denne durch
2156 2433 2717 2518 Tynen wächter synem erbieten nach
2163 2457 2752 2547 zo 5. hinder Kratting gelegt, vnd
2163 2506 2716 2595 alle, weliches aber nit geschechen
2152 2546 2554 2642 vnd erstattet worden.
