4032 3024
1279 372 1391 449 4
1298 717 1345 787 2
1330 1957 1390 2032 .
1368 440 1920 564 cution vnderlassen worden, vnd v
1387 516 1915 611 vas Vrsachen soliches geschechen
1375 546 1917 654 neben versönlicher harhaltung g
1374 591 1927 685 melts Mattis, nicht widerumb
1374 628 1649 705 bericht zu schicken
1370 690 1934 811 Anh Castlan zu Wimmis
1362 770 1937 860 diewyl die Cleger nit allein fürgeben
1366 811 1932 893 sonder ouch zu erwahren verhoffet, das
1360 847 1924 927 der Cathrin muter schwester ußge
1367 880 1922 955 lassen, sy von derselben gehört,
1359 917 1935 1000 es habe zwar ire tochter das Khind
1351 964 1939 1042 dem Wolffen zugeeignet, aber sy be¬
1374 1007 1936 1072 sorge, es dörffte wol Hans Mattis
1368 1045 1938 1114 yn, als welicher zu deß Khinds er¬
1374 1085 1952 1156 züch, vnd narung mittel suppedi¬
1378 1122 1957 1186 tiere, vnd zur tochter gredt habe, kann
1369 1161 1958 1230 er nun zkriegen züche, sölle sy syn loss
1372 1216 1965 1271 und khu uß dem stall nemmen, damit
1368 1243 1950 1314 si das khind deß baß fürbringen möge,
1366 1296 1942 1351 Sölle Er gemelte wybsperson hier
1374 1329 1942 1397 über verhören, vnd ire ussag nicht
1360 1371 1697 1442 schrifftlich zusenden,
1381 1475 1876 1568 Frutingen. Meythal.
1370 1567 1940 1650 Hans Frondich ein frömbder Murer
1377 1624 1946 1692 wyl er vnserer Religion halb ein
1385 1664 1946 1729 zlichen bscheid geben, das ich daran
1381 1697 1967 1754 kommen, hatt bewilligung erlanget,
1375 1735 1955 1802 sich mitt Elßbeth Rychen, syner Ehe¬
1370 1775 1961 1827 versprochnen, droben ynsegnen zelassen
1377 1810 1974 1874 Jedoch sölle er fürderlich zur annem
1389 1839 1976 1911 mung gewisen, vnd den zmalen mitt
1386 1875 1965 1951 einem fauor schryben begsellet, wei
1380 1947 1959 2017 dem Castlan vnd Chorge soliches zu
1399 2002 1695 2063 antwort meld
1384 2091 1887 2183 Mons. Müllenberg.
1367 2188 1934 2279 Wyl Maria Zaelin Irenscheman
1387 2256 1942 2304 Andres remundt, über vorgehnde
1400 2286 1960 2344 urteil und dert vermahnung, wo
1402 2317 1976 2373 malen kein gut thun wöllen, allein
1380 2345 1981 2423 von deßwegen, daß sy inne noch stäts
1387 2381 1988 2465 für unkrefftig und unvermüglich halten
1401 2433 1969 2503 tet, ob er schon von den h. Doctoren
1398 2462 1978 2539 für verschafft erkent worden, und
1401 2507 1986 2579 dann in disem irem stan söliche un¬
1388 2533 1999 2626 flätige und garstige wort nit allein
2564 375 2639 440 413
1995 432 2612 571 drussen, sondern ouch hie gebrucht, das
2014 466 2648 603 es by Christenlichen ohren nit geringe
2020 520 2640 638 ergernuß gebirt, ist thunlich erachtet
2007 560 2646 668 worden, sy zusamen hinab zu einer
2008 597 2650 736 schüßlen und zu einem löffel zusetzen.
2185 697 2439 806 Bebistorff
2024 762 2655 888 Anh Friderich Füchslin schryben, solle
2035 824 2647 938 Abraham Werlis frouwen vmb Ire
2038 841 2696 955 ansprach, so er sich deren schuldig weiß,
2032 902 2682 1016 ohne fernern ufzug unklagbar mache,
2037 946 2664 1052 oder im widrigen fahl nicht der er¬
2035 983 2619 1100 sachen synes pieigerens berichte
2239 1068 2451 1158 Bümplitz
2059 1131 2702 1235 Hans Meyers vnd Barbli grad wegen
2048 1190 2691 1279 wyl sie noch Vrteil nit nachgangen,
2045 1217 2651 1317 vnd beneben sie schlechten Lümbdens
2046 1259 2656 1355 vnd läbens seyn sol, der E. be¬
2055 1301 2681 1401 uelchen, söllind beide vffen frytag
2043 1341 2694 1437 wo müglich harhalten und obberur¬
2050 1378 2699 1477 terworten halb kundtschafft verhören
2046 1437 2647 1524 volgents deren ussag mitt schicken
2242 1514 2550 1608 Niderscherlin
2056 1571 2716 1695 Anna Gebhart halb, wyl sie bißhan
2086 1636 2704 1713 nit erschinnen, dem fry weibel
2084 1672 2725 1765 zuschryben, das er sy gwarsam har¬
2085 1744 2227 1804 schaffte.
2261 1847 2641 1941 Extraordinarie
2065 1922 2660 2033 Frytags 25. septemb. 1629.
2030 1996 2530 2095 Exhen: G. dachselhofer. Ind
2112 2039 2692 2140 h. Decan Schmid H. Rütimeyer.
2039 2079 2121 2132 sin.
2149 2096 2734 2178 S. Koch. H. Monnier. H. von Werdt
2106 2137 2152 2172 e
2048 2123 2113 2192 iv.
2110 2177 2562 2299 Mons. Müllenberg.
2098 2302 2734 2380 diewyl H. Zufelbeiß sich gegen dem Chor¬
2118 2351 2717 2415 Weibel verluten lassen, er wölte
2126 2383 2673 2463 an Andres Remundt wol etwas
2117 2426 2680 2502 mittlen anwenden, daß er zu e
2125 2457 2716 2526 richtung ehlicher Wercken vermuglich
2118 2499 2749 2577 vnd hiemitt syner frouwen annom¬
