4032 3024
1362 338 1450 416 350
1454 392 2050 521 er nit der wider reden wölle, sonder
1457 446 2037 555 ouch endtlich bekent, daß er ja
1429 486 2039 584 den fäler aber schon vor 4 oder
1454 525 2050 626 fünfzechen jaren) in wärender Ehe
1441 566 2030 660 begangen habe, vnd hieruff zur
1444 611 2021 703 abbüßung dilation begert. Das
1449 656 2039 739 über imme, obwol ers mitt synem
1443 688 2023 778 vneinen nit verdienet, Jedoch wege
1433 733 2046 823 der ernd, 14 tag zil ertheilt:
1443 773 2022 886 vnd dannethin der Badwirth, deß
1442 837 2027 926 rasslens, silens und böser inzügen
1442 877 2052 956 müßig zegahn, vnd andrist nit, dann
1435 920 2052 1007 nirgen ordnung zu laßt und fürschrybt,
1432 961 2044 1050 Zewirten, bÿ betroüwter straff
1440 1000 2042 1080 umb nüths und alts vermahnt, und
1420 1042 2044 1121 one buß (wyl er fürgeben, daß er
1436 1083 2039 1163 vmb das silen da oben vorm Chorge
1432 1120 2037 1204 gestrafft worden sye vnder ver¬
1429 1163 2059 1243 prochner besserung heimglassen worden.
1466 1255 1631 1347 Butet
1685 1221 1914 1358 Ligertz
1431 1339 2039 1432 Antoine Cutot einem Zimmerman ist
1464 1402 2048 1461 vgünstiget, daß er mitt Susanna
1455 1438 2049 1510 Buman, den kilchgang zu Muri etc.
1448 1472 1668 1545 richten möge.
1450 1536 1677 1620 Belpberg.
1753 1538 1921 1625 Brugg
1442 1599 2052 1674 Hans Stüg hatt ein glychen erlanget
1439 1649 2046 1715 mitt Anna Graff vor der Christen,
1442 1687 2056 1753 lichen gmeind zu Müllenberg zu verrich¬
1431 1725 2052 1779 ten. Jedoch wyl er vermeldet, daß
1436 1765 2046 1828 iin Vatter von Straßburg naher ge¬
1429 1800 2051 1859 bürtig und hindernigs mitt keinem
1440 1837 2059 1903 andt recht versechen sye, Ist imme zu bunden
1454 1875 2061 1954 vorgen, in monats frist umb dasselb
1447 1914 1775 1988 by ir M. anzuhalten
1439 1970 1921 2073 Brunegg. Burgdorff
1428 2051 2055 2134 Uff Elßbeth Bärendyßlin begeren ist
1433 2107 2058 2170 an S. Sichs zu Burgdorff geschriben wor¬
1422 2147 2052 2196 den, Samuel Seichti und syn eltern
1418 2179 2035 2250 bruder, Jänen zwar, wyl er sy (wie
1427 2216 2045 2286 oben p. 29 zu finden) verfellt, disen
1430 2255 2055 2317 aber von vß gestoßner ehrrührigen wor¬
1424 2292 1818 2367 ten wegen harzehalten
1684 2348 1798 2423 Bern
1427 2402 2019 2489 Abraham Schnettelis, wegen Andres
1432 2474 2047 2529 Wagners vnd dessen Ehefrouwen ge¬
1442 2493 2017 2571 gebuer bericht hatt substantzlich
2710 342 2805 427 351
2122 394 2762 527 dahin gelutet, daß sy die frantzosen
2141 450 2789 559 ucht gewüssen zeichen nach nit von un¬
2136 493 2765 603 zucht, sondern von lüten durch den
2720 527 2769 585 C
2137 537 2719 644 schweiß oder anderer gstalt, vnd
2125 560 2811 674 mtlich von Irem Man geerbt habe, wyl
2130 620 2813 715 nit allein sy imme in wärender Cur ge¬
2138 660 2794 767 klagt, daß er etliche mal syn ge¬
2137 706 2789 795 wandt vnsuber vnd befleckt heim ge¬
2131 745 2827 844 bracht, sondern ouch er vor einem Jar
2141 790 2811 901 Imme vff syn begeren medicament geben
2136 826 2829 929 habe, sich selbs an heimlichen orten zu¬
2140 904 2240 972 heilen
2161 931 2815 1034 dahar nun nicht abgemen, vnd sonst auch
2152 988 2824 1064 duncken wöllen, das er nit so glaß luter
2148 1014 2841 1114 yn Erde, wie er sich dargestelt, deß¬
2137 1057 2844 1151 wegen Ein Tedel an die 4 geschwornen
2143 1104 2836 1182 verordneten Schouttmeister abgahn laßen
2153 1148 2796 1228 Inne nach aller notturfft zubesichtig
2147 1192 2826 1276 vnd zuersecken, volgents, wie man zue
2140 1236 2671 1323 beschaffen befunden, zu widerbringen
2139 1363 2816 1462 Mittwuchens. 29. julii 1629.
2377 1435 2508 1499 ExSen.
2132 1466 2566 1553 Ehr Venner Bickhart. Ind
2335 1526 2498 1608 Minist.
2168 1566 2722 1652 Er daran Schmid zu Rütimeyer
2347 1633 2431 1714 Civ.
2159 1683 2861 1775 s. Koch so im Hag, Hr. Monnier h. von Werdt
2162 1798 2582 1884 Wiblispurg trey
2329 1868 2509 1926 Milden
2102 1967 2836 2050 H. Norfenot predicant zu Wiblisburg hatt
2177 2028 2829 2087 die über ufrichtung eines Gültbrieffs
2172 2060 2819 2120 uff Sie Crousaz sowol vorm underen
2163 2099 2848 2168 Chorgricht zusrangen, als hernach vorn
2171 2142 2849 2210 33 schaffner zu Setterling ergangne pro
2172 2193 2863 2252 cedur, sampt einem schryben von demselben
2166 2223 2833 2290 so gelutet, das er Inne nit zue confiscate
2167 2261 2826 2322 tryben, noch ouch ledig sprechen, sonder
2164 2302 2814 2361 nicht deß gantzen verkaufs berichten, vnd
2175 2341 2854 2415 sene s feuot uff yn begeren harwissen wollen
2171 2375 2837 2454 überliferet, und uß yngewandten ursachen
2167 2422 2578 2488 vff absolution geschlossen
2582 2434 2839 2499 Die Wyl aber
2182 2468 2863 2538 die sach vor bemeltem Chorg zubrangen an¬
2183 2505 2845 2586 gefangen, dahin die von trey kirchgehörig,
