4032 3024
1388 416 1503 474 530.
1577 466 1929 576 Abricht. Worb
1479 551 2051 673 Hans Bientz hatt vmb syn mitt Els¬
1476 607 2040 716 beth Kauel begangnen ledigen fälen
1466 640 2032 750 die straff ußgestanden, und die ge¬
1446 681 2034 794 wohnte censur und wahrnung empf
1432 781 2075 970 Mittwuchens. Gabri sti
1701 921 1916 997 Exsenatu.
1472 952 1813 1054 S Amman. Int.
1671 1027 1867 1108 Schlinist.
1467 1082 1972 1188 Hr Langhans. S. Rütimeyer.
1706 1169 1789 1233 Ew.
1480 1204 1967 1284 s. Monner. g. von Werdt.
1474 1255 1943 1328 hr Heimberg, Hr Reinhart.
1684 1338 1978 1447 Rappetzwyl.
1464 1434 2043 1510 dem predicanten, uß anlaß valentin
1471 1498 2036 1561 Alders Wittwen gelts ansprach,
1474 1537 2032 1599 schryben, daß er von hütt über 8 t
1475 1570 2025 1640 one fälen und by mydung der ver¬
1477 1612 2033 1677 leidung hie erschynen, sich entzwüschen
1480 1653 2034 1715 yner schulden erinneren, derselben
1465 1679 2042 1743 halb, wie ouch was er für mittel
1468 1717 2017 1785 habe die zu bezalen, ein verzeichnuß
1453 1746 2040 1825 und bericht uflegen und mich urteil
1443 1803 1877 1872 darüber erwarten solle.
1461 1876 1948 1964 monst. Ober spittal.
1441 1969 1998 2053 wyl so wol Maria Jarlin, als der
1459 2023 1993 2084 hußknecht, über an sy gewendte
1463 2062 1983 2126 gfangenschafft uff irem verneinen
1443 2085 2021 2167 bestendig vbliben. Andres Remundt
1453 2136 2007 2205 ir eheman nüt bewysen können, und
1447 2167 1991 2241 also ein ungegründten argt von uff sy
1441 2209 2010 2285 geworffen, Sind beide beschuldigete
1435 2251 2016 2318 ledig erkent, die Ehelüt, mitt ein¬
1435 2292 2016 2355 anderen heimzekehren, vnd der vor¬
1436 2329 2000 2392 gehnden Vrteilgung zethun, der
1438 2365 1996 2437 hußknecht aber, ins künfftig syner
1441 2401 1993 2475 reden behutsamer ze syn vermahnt
1420 2434 2007 2516 und so wol imme, als dem Remundt¬
1417 2480 2002 2557 Jedem ein Vrteil gelt vfferlegt worden
1713 2541 1974 2631 Rubingen
1455 2555 1610 2633 Worb.
1475 2600 2019 2694 Wil Madlen Gfeller wider Peter
1458 2647 2052 2738 hutzi, iren eheman, so uff der wissen
2151 470 2732 579 gedienet, wegen er sich mitt Madlen
2139 530 2701 611 Meyer, ein er Wittwen, so sich zu
2146 567 2765 662 Rubing In dienst enthalten, hat be¬
2141 602 2767 695 bruch vertrabt, vnd sy geschwenget,
2135 654 2754 738 Dahar sy beide von der E. zu Mün¬
2147 699 2756 778 singen alhar in die straff geschickt,
2120 738 2760 824 worden, uff die schidigung getrungen.
2138 776 2751 854 und daruon nit abstahn wöllen,
2147 818 2757 907 sind sy von einandern gescheiden, Jeden
2144 858 2751 939 syn wartzil, nach demselben urloub
2136 898 2764 982 genemmen, sonderlich Ime dennzmalen
2137 943 2782 1026 ein schyn zubringen, uf erlegt, vnd ira der
2137 989 2743 1068 Costen zugesprochen: Demnach beide
2123 1015 2772 1109 fülbare personen vff vßgestandne ge¬
2118 1069 2793 1151 fangenschafft, mitt gewohnter consur
2122 1119 2767 1191 vnd wahrnung ledig glassen, je eins
2131 1160 2784 1227 deß andern sich hinfür gemüssigen, Imme
2133 1208 2755 1255 aber sonderlich, das er ira das Kind
2125 1253 2790 1310 vff ordenliche zueignung abnemmen solle,
2118 1286 2418 1362 ynbunden worden
2319 1349 2548 1435 Oberbalm
2136 1435 2775 1517 Wyl Bendicht Schmid in huer Ehe an¬
2150 1489 2733 1556 sprach an Barbara Mülheim nüt
2149 1524 2748 1599 erwisen, sy ouch keiner Ehezusag ge¬
2154 1569 2719 1630 stendig und gantz nit willig gsin
2149 1584 2767 1666 deßwegen er ouch dest minder daruf
2149 1647 2750 1711 gesetzt, vnd es ich übergeben, Ist so
2152 1677 2752 1743 liche ansprach vngültig erkent, jeden
2150 1712 2750 1792 sich anderfahrt zeschlich erloupt, vnd
2154 1751 2777 1829 Imme der Costen diser Nach vferlegt
2165 1806 2261 1859 worden
2237 1868 2637 1956 Wangen Künitz
2167 1934 2739 2026 zwüschen Uli Marthaler, vnd Verena
2181 1972 2764 2060 Zimmerman syner abgescheidnen, so wol
2177 2016 2761 2097 vff ablesung deß Spruchs, als anhör¬
2181 2041 2786 2135 ung der Sprücheren, namlich Fry weibel
2169 2079 2788 2158 Dietrichs Jacob Zehnders, vnd Hans Burt¬
2164 2118 2782 2206 ners zu Hertzwyl, wie ouch Zielis, der
2159 2152 2771 2231 frouwen gewesnen bystands, mundt¬
2171 2182 2761 2265 licher erlüterung vber beschaffenheit
2184 2222 2744 2305 owol der schulden, als darüber ge¬
2170 2246 2744 2350 stierenden guts, weliches sy gehalbiert
2166 2285 2722 2377 vnd also ira für iren halben theil
2176 2317 2737 2420 500 lb gesprochen, daran 100 lb für
2165 2353 2738 2457 denschidigung kosten abgezogen werden
2168 2384 2752 2496 sollen etc. Erkent, daß gemelter Mar¬
2170 2421 2730 2530 thaler syner abgescheidnen für all
2192 2457 2755 2569 r ansprach 600 lb zu 6 jaren die
2171 2491 2739 2604 erste zalung uff nechstken faßnachten
2171 2534 2752 2626 anzuheben, vnd dafürhin jerlich vff
2729 406 2797 460 531
