4032 3024
1378 325 1483 409 328.
1447 389 1983 515 Glor syn kundtschafft, damitte
1467 449 2019 566 zn fürgeben, dardurch er deß kind
1442 489 2015 596 ledig ze werden sucht, zu erwahren ver
1442 528 2015 638 meint, verhören, und inne nit wyte
1445 561 2033 670 aber das meitli noch 3. tag mitt
1428 594 1980 709 gfangenschafft abstraffen sölle.
1495 667 2019 799 Frienisperg. Ortschwaben
1425 770 2017 855 wüschen Hans Stempffli und dem Meyer
1462 808 2012 900 innamen und als ußgeschoßnen deß
1455 841 2024 923 Chorgrichts, eins. Denne Peter von
1444 879 2034 962 Bern, ander theil, Sind die groben vn¬
1447 915 2033 1000 gerymten wort, so sy wider inne ge¬
1442 955 2025 1035 klagt, als daß er an einem sontag
1435 996 2015 1066 synes theils unberufft in die kilchen
1434 1022 2013 1096 kommen, da sy Chorgt gehalten, vnd
1439 1068 2011 1131 ußbrochen, sy forderint ihm das er
1444 1101 2016 1177 nit schuldig, vnd syend erge, als gysel
1411 1136 2039 1221 Frässer etc. uff vorhergangne erkantnuß
1419 1191 2018 1248 daß so er etwas In einem Zorn wider
1418 1215 2027 1290 s ußgossen, es imme leid sye etc. uffge¬
1415 1254 2032 1326 hern, vnd erkent worden, daß jede partii
1425 1292 2026 1365 hrer ehren wol verwahrt syn, den
1413 1326 2008 1403 hüttigen Costen Zetwädere den Iren
1421 1373 2007 1433 an sich selbs haben. Was aber den ge¬
1412 1406 2001 1470 fangenschafft kosten, vnd anders, iez
1412 1445 2023 1501 Imme Peter drussen verlegt worden, an¬
1404 1480 2022 1540 trifft, Er, dasselb abrichten, vnd alhie
1412 1518 2007 1586 wie dann beschechen) ein Vrteil gelt
1419 1547 1656 1615 erlegen sölle.
1436 1597 2030 1676 Antreffend dann das zächen, dannen¬
1441 1656 2024 1712 har die wort entsprungen, ist gemelt
1423 1684 2027 1750 ußgeschoßnen sonderbar angezeigt,
1433 1732 2012 1787 sich desselben an gmeinen, vnd Gast¬
1424 1773 2012 1821 Chorgrichten hinfür, by mydung der
1431 1802 2043 1859 straff ze müssigen und der satzung nach
1435 1833 2037 1895 uregulieren, und darüber dem lvogt
1436 1874 2019 1931 zu geschriben worden, nit allein selbs
1418 1907 2022 1971 darob gehalten, sondern auch in syner
1421 1947 2014 2008 gantzen Ampts verwaltung derglyc
1415 1982 2031 2042 zächen ze behut, donne gemelts be¬
1418 2008 2050 2063 ters von Bern frouw vnd die Jenige bätt-
1412 2053 2047 2116 lerfrouw, deren sy ir vnzitige tod¬
1425 2090 2025 2153 ie frucht in busen geben, ob und wo
1412 2123 2021 2192 s es vergraben, zu erforschen, vnd so
1421 2166 2021 2227 etwas trugs erfunden wurde, beiden
1411 2207 1965 2268 samen mitt bericht harzeschicken.
1483 2249 2033 2334 Turgoüw Münsind
1425 2322 2026 2406 Hans Grämmingers deß baders Ehe
1431 2379 2031 2436 ansprach an Madlena Huser, sey
1429 2413 2038 2469 er die nit gnugsam erwysen können,
1423 2447 2017 2511 Ist vffgehept, Jedem sich anderfahrt
1413 2484 2025 2542 zeverehlichen erloupt, und wyl sy imme
1415 2519 2062 2589 etwas anlaß geben, ira der von diser
2676 291 2773 358 329.
2099 355 2754 502 procedur wegen ufgelüffne Costen ufer
2107 408 2730 551 legt, vnd darneben erkent worden, das
2110 455 2760 578 y den hieuor mitt Jacob Laderach begang
2104 500 2718 620 rn fäler mitt ußstehung noch dryer
2094 538 2602 671 tag gstl. wollen abbüßen sölle
2286 625 2501 698 dern
2121 654 2293 742 Algouw.
2100 678 2746 802 Thoman Eberli von Nesselwand, einem
2108 740 2756 836 sein houwer gsell, Ist vnder gemeinem
2094 756 2776 868 vorbehalt bewilliget worden, mitt Regula
2101 804 2780 910 ab der Rüti syner versprochnen den kilch¬
2093 862 2464 956 ganz zu Rünitz zu verricht
2130 926 2564 1030 fruting. Stäfisburg
2111 983 2781 1088 Margreth Moser, wider Gilgien Boter,
2112 1049 2747 1129 Iren Eheman, wyl er ußtrett, ein
2107 1086 2724 1168 Rufbrieff an Cantzel zu frutung
2110 1131 2577 1213 nach gmeiner form ertheilt.
2138 1194 2706 1306 Rugnens. S. Saphorin
2119 1290 2751 1365 Obwol Jagueman Eschellen vermeldet
2117 1345 2756 1410 daß sy francois Victet niemalen le¬
2119 1387 2760 1452 dig gesprochen, noch sich, Inne zeehlichen
2120 1413 2785 1493 verschwören habe, Jedoch hatt sy nit ab¬
2124 1457 2773 1527 yn können, denn daß Ire frund ein ver¬
2109 1498 2756 1571 glych, vnd vfhebung gegen imm getroffen
2108 1545 2760 1609 deßwegen vnd diewyl er vß einfalt
2114 1586 2792 1656 als der nun ledig ze syn vermeint, volgentz
2119 1626 2799 1682 einer andern versprochen, Ist er von der
2119 1669 2779 1737 ersten gescheiden, der andern, namlich
2119 1712 2758 1777 Jagueman de lacquis zu bekent, und
2107 1754 2771 1826 hnen der Kilchgang vergünstiget, der
2102 1793 2776 1867 Costen zu allen syten watt gschlagen, und
2108 1842 2809 1914 dem Chorge zu Rugnens gschriben worden,
2113 1891 2824 1957 derglychen privat vnd sonderbare ver¬
2114 1929 2820 1990 lad und ufhebungen, wie diß orts beschechen,
2107 1970 2611 2038 ze verhüten und nit zugestatten
2283 2019 2557 2121 Waleren.
2126 2105 2802 2179 An hr Jacob Studer predicant daselbst schry
2127 2169 2791 2220 be, wyl er synem im dienst vorfahren
2171 2194 2802 2260 Peter Mülheim das korn nit glychnach
2130 2235 2806 2285 hieuor ergangnen Vrteil gefolgen lassen, oder
2142 2267 2795 2333 zugefolgen durch den imme uferlegten zedel
2129 2303 2838 2361 verschaffet, also das er für syn hußhaltung
2134 2345 2823 2407 sich vffem marit versechen mußen, sölle er
2125 2392 2805 2446 nun Imme den abgang ersetz, was vnd sovil
2135 2426 2646 2498 jeder Mr. siderhar abgschlagen
