4032 3024
1316 359 1424 421 402.
1368 413 1943 539 daß er ein gwüsse frouw, die her
1377 473 1946 572 nach by Hauptrauers erschossen wor
1376 496 1940 607 vertschaggiert oder geflückt habe
1370 541 1947 646 veliches er widersprochen, vnd ent¬
1368 580 1935 675 gegen louffen lassen, das H. Valentin
1358 626 1955 723 Imme hierinn schandtlich vnrecht thun
1362 662 1936 751 ufgehept, hin und ab und keint
1359 702 1944 793 vndern an sinen habenden Ehren vnd
1353 749 1951 831 reputation schädlich syn sollinde
1363 785 1949 866 Vnd die wyl nit allein durch zune
1364 827 1937 904 fürgeben, sondern ouch durch Bo
1386 861 1954 939 Vetters bericht vnd sonst erfur
1369 896 1960 985 worden, das herren valentin noch deß das
1381 936 1951 1028 tags, da imme die Citation geschechen,
1386 978 1949 1055 seim gereiset sye, sind nicht darau
1369 1020 1951 1094 kommen, jedoch inne, neben einer fründe
1363 1062 1946 1121 lichen censur, zu mehrer fründtlich
1363 1101 1942 1176 keit, bescheidenheit, vnd behutsam
1370 1138 1944 1216 keit in worten, sonderlich gegen mitt
1367 1188 1951 1252 gepotten oder citationen, nit vns
1370 1215 1676 1285 mahnt gelassen
1346 1339 1881 1423 Montags 14 Sept. 1629
1470 1402 1772 1465 vorm Chorgricht
1379 1443 1938 1521 Ward durch den H. Richter vnd H.
1384 1495 1964 1564 daran mir by dem Chor weibel ent¬
1375 1535 1516 1591 potten
1384 1576 1936 1662 Ein zedel zerfertigen an
1437 1635 1861 1697 hr predicant zu thun.
1375 1695 1930 1772 Frantz verschung den murer von
1378 1752 1937 1814 Holangern zu Frankrych pürtig
1382 1786 1941 1845 mitt Anna Waser von Utzistorf
1372 1832 1941 1884 yner eheversprochnen zuzusegnen.
1366 1860 1942 1922 Jedoch diewyl er ein frömbder, er
1364 1885 1948 1965 den gewohnten anhang fürdlich nach
1351 1937 1849 2006 dem hochgt erstatten sölle
2604 368 2698 434 403.
1984 455 2664 594 Eodem ward Chorgricht gehalten
2128 524 2541 617 bis er doch solch offer. Ind.
2063 564 2164 641 B.
2240 580 2432 656 ex minist.
1999 618 2503 730 S Decan Schmid, H. Rütimeyer
2207 686 2284 756 Civ.
2005 708 2700 839 h. Koch. H. Im Hag. Hr. Monnier. H. vnd werden.
2051 833 2402 927 Oberbalm Hern
2021 932 2685 1027 zu mehrem bericht H. Johans Stürlers Handlung
2017 989 2666 1058 mitt Hans Risen, hatt Simon Brunner, vff
2018 1030 2654 1094 begerte vnd bewilligete vorlesung deß Jenig
2017 1032 2695 1135 so oben p. 392. verzeichnet, gezüget, daß er nach
2019 1099 2671 1170 obberuhrter handlung vom Risen gehört, er
2027 1134 2669 1201 möchte wol wir schen, das er syn weil gschrifft
2014 1170 2688 1254 wider hette, dann er, sonderlich deß wyns halb
2028 1207 2686 1276 nit geringes beduren habe. Zu welichem endt
2031 1243 2698 1325 sy mitt H. Stürler geredt, der aber daryn
2038 1298 2706 1345 nit bewilligen wöllen, sonder vermeldet, er
2028 1324 2676 1394 könne es nit wol thun, wyl er ihn mitt
2035 1371 2689 1436 dem wyn nun übel versunt, jedoch zur ledig.
2040 1402 2698 1473 prechung 60 r. von Imme geforderet, dessen
2017 1447 2694 1515 Risen sich ouch beschwärt, Inmassen sorentz
2040 1489 2661 1551 vffem Rathenberg imme zugsprochen, vnd
2035 1511 2686 1599 fürgebildet, nach verglychungs mittlen ze¬
2046 1562 2683 1635 etrachten, wyl imme nit thunlich mitt einem
2055 1596 2693 1672 ölchen hern zu rechtig, daruff sy endtlich
2038 1639 2687 1707 deß einen worden, vnd Risen sich begeben
2035 1681 2707 1739 den Weyn zu Murten an die handt zenemmen,
2033 1732 2706 1787 hernach aber sich erklagt, daß derselb nit
2619 1760 2663 1821 .
2034 1766 2619 1828 so gut sye, als somme fürgeben worden
2027 1829 2693 1918 Nachwelicher ussag gemelter Hans Risen
2071 1892 2690 1937 abermalen erschinnen, vnd vff syn für ge¬
2065 1934 2728 1973 kendte Vrsachen ein Schryben aus Stür¬
2064 1962 2713 2006 ler erlanget, darinn demselben tag bestimpt
2052 2004 2715 2049 worden, von hütt über 4 wuchen imme al
2065 2037 2681 2095 sie zu begegnen, mitt fürbildung, das es
2048 2065 2715 2125 dem Risen an wachsenden schaden lige, der
2052 2108 2715 2170 von einer schuld wegen, die erben Stürler imme
2056 2149 2707 2211 übergeben, vnd sich aber unrichtig befinde,
2059 2182 2710 2241 zu Costen getriben sonde, welicher endtlich
2062 2219 2692 2280 uff niemand anders als uff ihn fallen
2052 2254 2696 2313 wurde. Hieneben erkent, es sölle Hans
2053 2297 2673 2361 Bachman, so er mitt syner action wider
2053 2328 2688 2399 Ihn der zalung halb fürfahren wölte,
2050 2369 2667 2435 entzwüschen zur gedult vermahnt vnd
2058 2414 2329 2484 uf gehalten werden,
