4032 3024
1242 355 1343 443 230
1396 367 1836 474 frowen Cappellen
1321 448 1986 562 Debius Schüner und Adam forster welchen
1353 502 1989 583 am verschinnen Car frytag trunkner i
1367 553 1978 646 grüwliche schwursteff dem platz usgesten
1371 600 1982 705 sind alles ernsts darvon ins künfftige
1376 653 1966 732 abzestohn und sich der bscheidenheit
1358 694 1979 790 trinken gebeflyssen vermant, sollen
1375 748 1988 833 mit gfangenschafft abgstrafft werden
1361 796 1993 892 deswegen künfftig mit wochens sy gestellen,
1431 883 1957 985 Bern Langener Trachsel
1767 949 1887 1022 wals.
1399 984 1984 1084 ff herren Chor weibels erklagt, das Claus
1387 1047 2007 1131 huner den costen mit syner dirnen alhie
1393 1096 1984 1184 gegen gannt, so wol, als herren forschryben
1374 1147 1994 1231 fgloffen herrley sich weigere, ist er
1384 1193 1985 1282 kent, ein schryben an herr landvogt
1395 1242 2007 1325 us Trachselwald der inne zur zalung
1387 1284 1982 1384 halte oder tag alhie zeerschynen setze
1412 1369 1962 1479 Montag den 4. maii 1679.
1586 1445 1798 1543 ex Senatu.
1514 1528 1768 1606 elhoffer Judex.
1550 1577 1794 1661 Ex Ministris
1405 1620 1943 1730 H Decan Schmit herrn Rütimeyer.
1553 1694 1776 1774 Ex civibus.
1423 1738 1956 1840 . Monnier her Koch hern im Haag
1554 1804 1661 1869 rerdt
1478 1797 1533 1876 von
1562 1873 1844 1980 Sindelbanken.
1508 1878 1561 1972 s
1396 1948 2027 2041 Nach dem Jacob Schumacher Barbara Heß
1426 2000 2027 2087 der ehe, so imme ufrecht selbige zu gsagt an.
1465 2042 2024 2121 rochen, sy imme aber sölliches vermeinet,
1457 2090 2017 2168 imme dochten byschlaff bewilliget ze
1417 2118 2002 2214 hoben bekantlich worden, ist sy zwar
1441 2176 2038 2252 rytags hinunder sich zbsinnen erkent,
1414 2217 2029 2298 wyl sy aber synen gar mit wöllen nit
1434 2265 2020 2335 s ledig von ein anderen erkent, ist
1417 2307 2034 2398 ihnen auch sich andrer farth zeverehele
1437 2345 1983 2439 erlaupt und der costen von des besten
1426 2390 2018 2478 wegen weth gschlagen, söllend beneben
1420 2437 1779 2523 gepürlich abbüssen
2630 265 2708 346 23
2166 344 2472 459 Bor Han
2027 400 2708 587 H. Hans Jacob Tschus ist das recht, synem
2074 425 2738 606 begeren nach gegen der wertin zum Bare
2074 501 2725 663 zu thun wegen eines brieffs sohn hellffen
2090 540 2737 700 dotarius ira hinterlegt und zeuersetz
2091 607 2748 755 gewilliget, wo er erwenten mit dem
2090 645 2716 793 selben fürzefarren erlaupt, wo der sch
2071 706 2749 844 die wirtin an ermelten herren helffer etwas
2079 755 2717 901 gesprechen, sy inne auch erstachen möge.
2089 810 2740 957 beschwer ein schryben an er sche zu
2057 917 2215 1003 thun.
2123 967 2698 1096 Loupersegl Trachselwald.
2069 1049 2731 1169 Schryben an er landvogt zu Brachstler als
2069 1117 2557 1217 und ein er zuo Koupferswyl.
2091 1127 2785 1287 segen vors Bläsiman, welchen syn eefrow
2091 1212 2770 1322 Cristina Nüershuß neben imme verzognen
2099 1257 2768 1350 zweyen nun auch das driten fehlers undt
2099 1306 2773 1402 zugleich ergangner tröw erofften, als das er
2094 1350 2743 1447 ire ein gweise bygen holtz, ob dein haupt
2079 1403 2746 1497 verbrönnen, ein arm vom lyb abhowen
2099 1433 2782 1538 und bis uff den tod hirten wölle angeklagt
2080 1499 2746 1596 wellches briten fehlers er ungeachtet
2110 1542 2791 1650 durch den herr landvogt inde solches vilfaltig
2101 1599 2767 1682 fürghalten worden, auch richster gfangen.
2114 1643 2782 1738 schafft des pfaffenlichs keins wegt worde
2131 1691 2786 1778 wöllen, der worten halb aber also an
2109 1729 2799 1827 zeigt, das zwar er solche in zornigen mut
2134 1789 2788 1867 tgegebnen vilfaltigen anlass und weil
2141 1845 2789 1922 inne mendert ins hus lassen wöllen.
2113 1886 2800 1970 rie, so dan ein ress bschlagens wyl syn sollen.
2124 1932 2800 2020 estoßen haben möchte, so imme aber hertz
2116 1979 2808 2070 lichkeit und beßeren umb verzychung
2126 2028 2798 2118 beten ist erkent, das er die gfangschafft an
2129 2079 2821 2154 niemands herrich dem herren richter angloben
2130 2124 2819 2199 er sich der untruw vppigkeit und trawend
2142 2175 2825 2250 müßigen und ins künfftig ehrlich und bas
2132 2218 2820 2300 halten und deßwegen wyl sy ire anclag bishar
2137 2264 2828 2347 nit gnugsam erwißen zsammen bekent, son sich
2159 2308 2834 2391 vol mit sein andern begahn sy als elegere
2195 2353 2827 2441 roßen er lyden beneben die syner frowen,
2161 2381 2839 2468 bystand Ulrich Stalder zu glegten wort
2200 2447 2815 2540 hept, und imme unverwyßlich sy ein
2151 2483 2315 2563 sordnet.
