4032 3024
1295 337 1425 429 246.
1348 419 1961 522 Bümplitz. Belp frouwen,
1789 505 1962 575 appelen
1360 541 1930 631 Hans Senffer ist wider Elßbeth
1402 603 1952 672 khommen syn ehe frouw ein Put¬
1396 642 1952 703 brieff an Cantzel zu frouwen,
1393 678 1967 752 Cappelen ad forman vergünstiget,
1379 726 1981 801 darneben aber dem Chor Weibel
1388 766 1948 850 beuolchen worden, vff sya zeachten
1394 814 1819 891 und sy gste zuzusetzen.
1396 917 1838 998 Brugg. Buren.
1372 1002 1948 1085 Balthasar Spilman Innamen Se¬
1418 1058 1952 1125 bastian Schmidlis deß Schrybers
1423 1098 1978 1170 anh Joel fry predicant zu Büren
1420 1131 1963 1205 ein Schryben ertheilt, sölle Inne
1423 1179 1956 1244 zu vermydung grossen uf trybenden
1423 1219 1948 1284 Zūern Costens vmb syn ansprach
1418 1258 1957 1319 befridigt, wo nit, daß man imme
1429 1302 1954 1366 in Recht, wie gahn lassen, sich
1406 1331 1571 1403 versicheren
1618 1392 1823 1479 Oberburg
1423 1459 1999 1555 An Ist Wilhelm Herdi, der an Burg¬
1423 1520 1948 1575 dorffer Capituls, vff Ir G. sub
1416 1553 1953 1614 dato 12tig abgangnen Rhats be¬
1434 1587 1924 1651 uelch, schryben, nit allein zu
1440 1624 1975 1691 ynem theil vff nechstkl. Montag
1423 1663 1944 1728 zuerschynen, sondern auch deuch
1432 1702 1965 1760 ammerer, Jurat, vnd predicant zu
1429 1737 1956 1798 Mzenstorff, das sy sambt vnd mitt
1429 1786 1985 1845 imme erschynind, zu entpieten, wegen
1438 1821 1975 1886 oben pag. 243 angeregter vertädig
1438 1861 1987 1926 ung, gebürende censur anzehören.
1442 1935 1902 2044 Signouw Münsing
1405 2021 1951 2109 Wegen Peter Blasers sach habend
1430 2075 1936 2142 Dauid Schallenberger und Jacob
1440 2105 1962 2177 Spilman neben vbergebung eines
1431 2144 1975 2213 antwortlichen schrybens, In wel¬
1437 2186 1993 2259 chem sy für redliche kundtschafft¬
1446 2227 1957 2302 treger gelobt se es by irer
1437 2269 1975 2338 in gschrifft verfahrten zügnuß be
1434 2310 1961 2379 wenden lassen, vnd allein hinzu
1452 2354 1969 2423 gesetzt, daß sy die sei, da Elßbet
1437 2388 1994 2460 Baltzli sich Mosers tochter genammen.
1443 2419 1991 2507 set, für warhafft gehalten, habe
1443 2466 1992 2550 ind aber, ob sy einanderen grad
2066 1513 2125 1585 E
2633 268 2725 348 247
2073 349 2726 501 domalen by der führblatten die Ehe¬
2087 414 2710 539 versprochen, wyl sy heimlich mitt
2103 451 2648 566 einandern geredt nit gehört.
2088 496 2753 611 Wann nun nicht die sach grundtlich er¬
2090 530 2732 654 wogen, vnd erkennen mögen, das in disem
2092 570 2746 692 allein mehr mutwillen, lychtfertig¬
2094 609 2742 737 keit, vnd hurn, als aber ein rechtmeß¬
2107 656 2698 776 ige Ehe gesucht worden, habend sie
2086 698 2707 831 disen Ehehandel vfgehept, vnd beide
2108 748 2711 868 widerumb in die fryheit gesetzt, sich
2099 783 2746 903 anderfahrt irem glück nach Jedoch
2096 834 2751 946 förmlicher als dißmaln zeverehlichen
2090 879 2738 1003 Zienet Imme allen von diser sach wege
2091 930 2721 1044 vom anfang biß zum end ufgelüffnen
2095 974 2732 1086 Costen in zimm, vnd billigkeit vfferlegt
2101 1026 2753 1120 Also das er ouch gemelte Elßbeth alhie
2106 1073 2756 1182 uß der gfangenschafft (In die sy anget
2106 1117 2755 1220 hinabgelegt worden, lösen, vnd mitt
2107 1162 2765 1257 obgedachten zweyen zugen für Iren gang
2108 1205 2791 1305 vnd versumnuß sein willen schaffen sölle,
2119 1254 2753 1333 ieben nit allein 26. vrteil gelt, sonder
2115 1286 2772 1384 ouch 6 lb so imme von nicht müylbe
2114 1356 2497 1436 gen uferlegt worden.
2128 1433 2780 1545 Zittenmal er aber nun vermeint, uß
2161 1499 2756 1575 oben pag. 239. verzeichneter Vrsach
2142 1539 2788 1620 deß dritt fälers ledig ze syn, Ist diser
2153 1577 2766 1658 guncten, mitt gnugsamem bericht, für
2150 1625 2779 1696 Rhat geschlagen, und Ir w fürgebil¬
2149 1668 2797 1741 det worden, wie das nicht es Ires theils
2141 1724 2803 1793 darfür halten, das er In diser gantzen
2170 1760 2773 1819 sach mitt lutern dicken vmbgangen
2146 1803 2788 1870 vnd dahin gespilt, das er erstlich syn 32
2154 1841 2799 1921 fäler mitt der thersprechung bedek
2143 1892 2814 1964 demnach aber sich ouch derselben durch
2163 1938 2784 2010 oben yngeführte mittel ledig mach
2168 1982 2815 2056 und ußrysten möge. Da er anfenge
2170 2021 2815 2094 rlich by imme, durch die thirnen, ange¬
2167 2063 2822 2146 zeigten vmbstand lychtlich ermessen kön¬
2177 2109 2800 2182 nen, ob sy für Mosers. oder vil
2176 2163 2794 2225 mehr ein gmeine Tochter zehalten gsin
2177 2209 2250 2269 ye.
2416 2241 2547 2320 Bern
2195 2314 2811 2396 Abraham Werli vnd syn huß frouw
2202 2369 2826 2438 habend vnderschidenliche klegten ab
2213 2405 2813 2479 einandern geführt, sonderlich aber
2209 2453 2850 2525 y wider Inne, als solle er by einer
2222 2490 2834 2569 alten frouwen, die er beherbriget,
