4032 3024
1360 355 1477 436 496.
1418 437 1996 573 stand sich mitt ein andern Intui
1447 496 1987 622 vergangen, ein andern etlichen
1441 551 1994 652 mögnnt, ist sölicher bscheider
1438 586 1990 691 volget, das es der Satzung stracks
1435 634 1993 735 zu wider, Weliches auch der E.
1446 681 1985 778 zugeschriben, und darby beuolchen
1421 729 1982 818 worden, den Jungen ze vermeldet
1426 773 1960 866 das sy sich aller lybs gmeinscht ge¬
1413 820 1984 911 sein andern vbergebind, Im fal
1425 864 1979 956 aber obgedachter Mannen fürgeben
1442 913 1975 996 entgegen sich befunde, daß die
1413 962 1983 1040 Eheversprechung oder der byschlat
1428 1012 1966 1081 albereit zwüschen Inen ergang
1404 1051 1986 1136 In sölichem fal beid plyen mit
1421 1095 1818 1170 Bericht harzehalten.
1662 1151 1860 1271 Buren
1695 1254 1931 1319 engnouw.
1406 1318 1968 1403 Wyl Anna Vdri nit gestendig,
1399 1376 1963 1439 dem Peter lyb one fürwort
1443 1399 1977 1483 noch anderer gstalt, dann uff
1422 1454 1972 1522 Irer elteren gunst vnd gefallen
1421 1497 1983 1568 hin verheissen ze haben, vnd er
1429 1534 1965 1606 das gegentheil nit bewysen
1417 1566 1971 1645 konnen, die elteren nun auch
1403 1614 1999 1696 Iren Willen nit daryn geben wöllen,
1391 1649 1983 1735 Ist syn ansprach nichtig erkent, und
1398 1703 1976 1766 Jedes widerumb In die fryheit ge¬
1408 1746 1989 1817 setzt, sich anderfahrt zerschlich,
1402 1772 1993 1856 o fehr, das ers ins künfftig uff bes
1412 1818 1976 1895 ere form fürnemme. Costens halb
1387 1841 1996 1929 Ist erkent worden, daß Jede par-
1404 1894 1984 1980 In den Iren an sich selbs haben, vnd
1386 1933 1977 2009 sonderlich denjenig, so der H. Scho
1410 1957 1994 2059 chryber, vnd weibel noch geforden,
1395 2011 1979 2099 ein andern glychlich bezalen helffen
1398 2070 1563 2122 söllindt
1393 2096 1908 2194 An gemelten H. Schs schryben
1397 2146 1957 2224 In demselben alle bscheidenheit
1392 2195 1952 2265 zebruchen, ins künfftig aber an
1397 2221 1969 2307 ordenlichem Wuchen Chorgricht
1398 2271 1962 2346 für syn schytlot und zehrung
1393 2306 1953 2386 nützit zeforderen, sondern sich zu
1383 2343 1962 2427 reformalio gemäß zu verhalten.
1597 2398 1761 2483 Veching
1413 2443 1947 2525 Anna Schür, so Iren vnwille
1416 2494 1944 2564 vnd nächtliches esseren gegen
1401 2538 1960 2605 Hans Grunder Irem Eheman
1405 2567 1956 2650 mitt dem verspricht, das sy allein
2637 358 2751 441 497.
2078 403 2664 571 die fleischliche bywohnung an Ihm
2075 467 2688 616 schüche, vnd Inne in ehlichen werck
2061 515 2711 660 nit erlyden noch dulden möge,
2070 569 2710 690 sol durch die hebammen bsichtiget
2073 605 2671 737 vnd Ire bschaffenheit widerumb
2062 689 2394 806 Ehebracht in den
2082 727 2376 861 idel hierumb.
2228 824 2470 919 angnome
2105 899 2720 1013 athrin Haldiman hatt Michel Rupp
2074 963 2725 1060 Iren meister der Ehe angsprochen, die
2070 1012 2712 1106 erhra in synem dienst verheissen, und
2079 1052 2724 1132 mitt daruf ervolgtem byschlaff be¬
2305 1090 2753 1174 Darüber er zwar
2067 1111 2307 1194 stätiget habe
2089 1142 2680 1219 endtlich nach langen laugnen des
2082 1173 2751 1280 byschlafs bekantlich worden, die Ehe¬
2080 1209 2713 1311 versprechung aber durchuß geneinet.
2076 1264 2722 1346 Vnd diewyl nun sie dieselbe nit be-
2082 1310 2727 1400 wysen konnen. Ist dise ansprach nicht
2082 1354 2688 1434 tig erkent, vnd hiemitt Jedes he
2090 1393 2733 1486 die fryheit anderwertiger Gehlich¬
2089 1450 2730 1534 ung gesetzt, vnd diewyl er sy also
2079 1486 2715 1569 In synem dienst verfelt, sol er Ire
2089 1547 2695 1612 Intim vnd billigkeit den Costen
2097 1554 2742 1643 abtragen, vnd darzu Innert monats
2086 1615 2767 1707 frist Jedoch vnder gmeinem vorbe¬
2076 1662 2776 1745 halt. 30 r für den krantz usrich
2083 1711 2742 1799 ten, vnd diewyl noch ein andere
2096 1753 2729 1836 magt neben zuen ain bett gelegen
2087 1796 2762 1880 Ist Imme von sölicher vnschamhafftig¬
2091 1838 2744 1922 keit wegen 9 lb. zu Woler dienter
2078 1877 2751 1962 straff verlegt, vnd hieneben bei¬
2095 1911 2766 2019 drsamen hinab in die biß erkent
2083 1977 2246 2053 worden
2331 2006 2448 2099 Bern
2197 1951 2282 2112 3
2116 2068 2756 2184 J. Wolffgang von Mülinen hatt nach
2142 2123 2729 2217 abbüssung synes mitt der wirts
2133 2155 2715 2259 magd zun koufflüten begangnen
2131 2199 2730 2287 ledig fälers, die gewohnte consur
2131 2223 2722 2332 vnd vermahnung, auch darneben die
2130 2255 2741 2359 anleitung empfangen, das er den Jenigen
2128 2297 2749 2391 o ouch mitt tra umb glyche zyt etc.
2122 2337 2722 2444 fält haben sol, dem Thorschryber
2142 2365 2739 2481 angeben vnd namhafft nach möge.
2325 2446 2520 2505 Signouw
2144 2470 2723 2570 Martin Baltzli ist abermaln ein
2156 2510 2736 2604 Schryben an den Vogt daselbst er¬
2151 2545 2718 2652 theilt worden, Peter Blaser, so
