4032 3024
1496 361 1567 413 20
1565 426 2185 544 Sonstags. 30. Octobr. 1628.
1634 491 2173 570 ward gast Chorgricht gehalten,
1771 538 1990 615 Ex Senatu.
1591 560 1627 638 .
1663 579 2156 683 H. Venner von Werdt. Ind.
1783 642 1966 716 Minist.
1631 707 2129 788 . der an Schmid Herr Langhans
1823 765 1941 840 ivib.
1611 813 2066 909 Hr. Gultzer. H. Hoch
1809 897 2185 1032 Schwartzenburg.
1636 1055 2213 1125 In spenniger sach zwüschen Jacob Fellen
1627 1110 2218 1158 dem Landtschryber elis, denne Cu¬
1614 1136 2205 1196 Byelers s wittwen, Michel, Jacob
1622 1182 2212 1242 vnd Wilhelm Byeler, dessen bruderen
1623 1217 2224 1271 anders theils, Antreffend den Cösten
1633 1255 2210 1315 so von der worten wegen, da der
1632 1291 2230 1357 andtschriber den Cuni Byeler alhie
1646 1334 2208 1392 in Chorhuß uß bitterin gmut ein
1637 1372 2221 1436 Butschinder genamset, darüber
1637 1417 2223 1470 gangen vnd vfgelüffen, da het wä
1634 1443 2232 1504 der theil vermeinst, vnd dahin ge¬
1647 1487 2229 1546 truckt, es sölle im der enig billich
1633 1526 2240 1582 wüß ersetzt weden, und der Cleger
1648 1557 2242 1609 zwar ses der Vrsach, diewyl er nit
1646 1600 2230 1663 allein synes verhoffens, syn clag
1644 1630 2237 1697 gnugsam erwisen, sondern ouch die
1660 1677 2229 1741 selbe sich noch vmb sovil heiterer
1656 1708 2242 1775 erfunden, In dem die Tirnen vmb die
1661 1751 2224 1816 gegangne blutschand den tod gelitten
1657 1791 2218 1858 habe, die Antworter aber vß
1659 1831 2238 1906 dem grund, daß er syn geführte clag
1652 1870 2240 1933 nit bybracht und erwisen, zu dem
1660 1899 2229 1972 ouch die Tornen iren Eheman vnd
1663 1942 2244 2021 bruder selig an der marter besten
1666 1975 2236 2057 dig entschuldiget, daß er vom bruder
1669 2019 1988 2087 nüt gewüßt habe etc.
2009 2032 2246 2099 Ward zu
1670 2056 2249 2142 Recht, uff beider ptyen vertrucken
1689 2096 2257 2180 und gethane erklärung, daß sy sich
1677 2136 2237 2222 der anzal myner Herren, wyl er
1694 2168 2256 2269 doch von fründtschafft wegen ab
1692 2210 2251 2307 tretten müssen, vernügind) erkent
1701 2251 2257 2347 und gesprochen, diewyl nicht us
1698 2277 2269 2389 ablesung der im vorgehnden Manual
1694 2311 2251 2432 versteichneten umb obberührte clag
1718 2355 2248 2464 gehaltnen procedur befunden, daß
1720 2384 2265 2503 der landtschryber uß deß Byelers und
1716 2423 2277 2555 der hingerichten Tienen eignen much
1722 2453 2260 2592 eben vil, vnd mitt nach dar bewisen
1760 2494 2117 2591 sy es selbs von einandern
1726 2528 2247 2679 und usgeben habind, und dann ouch
2118 2571 2253 2624 geredt
2885 228 2956 293 21
2325 338 2977 469 gmeinlich dahin geschlossen, daß wen
2327 389 2967 517 bruder, die sich mitt eineren in vn¬
2314 433 2973 543 sucht begahnd und glychwol von ein
2315 472 3003 581 andern nüt gewüßt, für Blutschender
2309 513 2974 629 mögnnt geachtet vnd gehalten werden
2307 556 2962 671 Wyl dardurch In der that ein Ant¬
2315 600 2974 717 schand ervolge, wie dann diß orts
2316 649 2959 767 ouch beschechen, vnd der ußgang soli¬
2322 688 2992 794 ches bezüget, In dem die Tirnen Gru
2319 736 2972 842 ber keynen genamt, darumb den Tod
2324 784 2962 879 lyden müssen, ob schon der Byeler
2326 812 2985 925 Wie die bruder yngewandt nit als
2327 878 2961 977 ein Blutschender verurteilet vnd ge
2324 909 2995 1012 strafft, ouch in ir gen Rhats zedel
2338 955 2970 1056 ub dato 18. Sept. 1628 ußtrucken
2322 999 2961 1099 lich gesetzt worden, daß deß Landt¬
2345 1049 2958 1150 hrybers clag uff Byeler sich nit be
2334 1088 2965 1188 finden mögen, wyl die hingerichte
2334 1130 2971 1225 Inne entschuldiget, vnd biß in todt
2330 1168 2980 1258 erhalten, das er von synem bruder nit
2346 1206 2995 1289 gewüst habe, Also daß Ir N. G
2334 1252 2985 1336 supponiert, daß die Jenigen, so von ein¬
2334 1293 3026 1367 andern nüt wüssend, nit für blutschen
2329 1329 3021 1408 der geachten syen, da aber nicht alhie
2325 1379 2756 1455 das gegentheil befindend
2352 1411 2998 1497 so sölle die antwortende party dem Cle¬
2347 1464 2970 1540 ger für alle Vorderung synes diser
2341 1496 2969 1568 sach halb ußgestandnen Costens gutmach
2339 1531 3017 1607 vnd ersetzen 24. Cronen, die söllind zu ver¬
2342 1571 2988 1641 hutung vnterer unrichtigkeit an der summ
2345 1606 2966 1676 die der alt Petter Inen schuldig, abgahn, vnd
2342 1644 2976 1715 er sy da ynzenemmen vnd zu erheben haben
2341 1680 3004 1740 Demnach sölle wort vnd Werck, ouch alle
2341 1715 3016 1788 bitterkeit zwüschen Inen vffgehept syn, kein
2355 1755 2977 1826 theil die alten sachen wideräfferen, by
2353 1792 3008 1859 versatz 20 lb. d. von dem ersten anfenger
2359 1829 2972 1904 zu handen der Insel alhie zu bezüchen.
2348 1876 3009 1952 hieneben die 9 lb so dem Chorgricht wegen
2347 1929 2980 1985 zweyer vorgehnden sprüchen, vnd 3t
2347 1963 2982 2020 dem Chorweibel für deß abgestorbnen
2353 1986 3011 2061 Byelers gfangenschafft kosten gehörig, ouch
2353 2039 3017 2099 uss der obberührten schuld by dem vatter
2347 2064 3000 2142 bezalt und fürderlich hargeschickt in den
2350 2116 2993 2187 Endtlich ist dem Landtschryber 2 lb. vnd
2355 2161 3012 2221 Jedem bruder, wyl sy sich der sach so nich
2348 2197 3016 2258 als theilhafft gemacht, 1 lb für nicht
2351 2237 2748 2302 müy uferlegt worden
2371 2277 3005 2374 den hr. landtvogt dessen substantzlich be¬
2359 2337 3021 2419 richten mitt beuelch, das disem spruch ge¬
2369 2375 3039 2445 äbt Erde (wie dann obgute fryen aller
2362 2407 3043 2485 ytsgelopt ein flyssige ufachtung er haben.
2363 2453 3020 2542 nd darneben den Conset vnd syn frouw
2366 2505 3030 2560 zu erstattung deß hieuor zwüschen inen und
2361 2528 3048 2615 dem Byeler gemachten spruchs, widrigen fals
2353 2569 3027 2639 das sy zu beiden theillen widrumb hie er¬
2353 2603 3043 2675 schynen, vnd ers die Byeler wüssen lassen
2359 2649 2590 2714 sölle, gehalten
