4032 3024
1350 803 1399 892 s
1346 369 1440 439 320.
1449 413 2028 549 chlichen tochter, vff Irer elteren ge¬
1437 473 2030 573 fallen hin lychtfertig fürgenomme
1430 514 2011 603 vnd abgeredte, denselben aber wie
1434 559 2005 642 ouch dem Werckmeister Stäli, nit
1429 592 2029 698 anbillich, gantz widrige Eheversprechn
1426 635 2019 730 ung, entkrefftiget, vnd der Costen
1415 669 2024 780 vfgehept, dem soldaten Inbunden, das
1415 717 2013 808 er vnd andere synes glychen, von we¬
1405 759 2021 836 Gottlose gsellen sich deß wybens
1417 796 2010 887 In mit gl. gepiet gentzlich überheb
1407 839 1996 920 und müssigen söllind, dem meitl
1399 876 2004 963 aber In bysyn deß Vatters so wol
1405 916 2024 997 diser begangnen lychtfertigkeit, als
1400 967 2034 1044 ouch syner von Jugens uf synen elter¬
1399 1007 2024 1086 an erzeigten vngehorsame, vnd mussig
1395 1045 2023 1126 gehnden Lebens halb, gantz ernstig zu¬
1394 1099 2013 1164 gesprochen worden, mittermahnung
1379 1134 2018 1206 das es imme so wol die sitt dem samb
1388 1170 2041 1250 tag vff deß Vatters beschaffen ußgestand,
1396 1208 2026 1284 ne gfangensch, als ouch dise ernstigen
1374 1246 2017 1321 doch vätterlich gemeinte Censur, zur
1384 1293 2026 1364 vahrnung vnd besserung dienen laße
1401 1325 1719 1388 Gott gab gnad etc.
1716 1332 1790 1394 .
1505 1395 2004 1492 Nach ußgestandner straf
1641 1461 1903 1529 censurierte
1729 1541 1859 1612 Bern.
1503 1539 1582 1614 yß
1424 1610 2017 1697 Barbli hinck vmb den andern fäler,
1412 1670 2012 1743 vnd Lucia Torwarten vmb den er¬
1423 1704 1749 1768 ten ledig fäler.
1401 1780 2049 1966 Nottwuchers 1 Julicibus
1648 1938 1791 1994 Ex Sen
1421 1969 2059 2065 H. Venner Bickhart. Ind. Hr. Dachselhofer
1639 2035 1808 2102 Minist.
1429 2076 1484 2150 Gr
1481 2080 1975 2159 deran Schmid, H. Rütimeyer.
1624 2134 1822 2219 Wibus.
1441 2179 1953 2285 Hr Munnier. G. von Werdt¬
1533 2308 1932 2392 Halle zu Wyßland.
1411 2377 1961 2464 Barbel Im Veld, einer fur Ehe vn
1432 2435 2029 2505 tugenlich erkenten tochter halb, so deß
1439 2464 2021 2540 wegen hieuor von Samuel dietzig ge¬
1433 2507 2044 2586 scheiden worden, Jetzunder aber einem
2690 316 2769 384 321
2093 373 2778 522 andern, mitt namen Christen Meyer, die
2106 435 2763 568 ehe versprochen, und denselben uß großer
2102 471 2796 591 torzeit haben wil etc. Antworten, söllind
2096 511 2755 635 beide Eherlopte personen harhalten, vnd
2106 565 2755 671 zuglych berichten, wo vnd wie die vor¬
2101 610 2561 724 gehnde schidigung geschechen sye
2376 707 2504 781 Bern.
2114 740 2216 821 Basel
2095 759 2732 874 Hans Helmer ein beck, von Basel bürtig
2104 810 2715 903 hatt bewilligung ußgebracht, sich mitte
2098 840 2748 955 Elßbeth Raßdorffer syner Ehesproch¬
2108 890 2745 979 nen zu Künitz ynsegnen lassen, jedoch
2101 940 2561 1026 mitt gewohntem vorbehalt
2114 1036 2540 1127 Madißwyl. Rorbach
2105 1107 2784 1196 h Cunrad Bäckli ist uff begerte erlaßung
2115 1155 2790 1230 S. Josten pfläg, oder das man imme fürsechung
2108 1200 2784 1260 vnd gwalt geben wölte, absolute und one zu
2115 1236 2784 1315 trag zu schnen sachen zehandlen, anzeigt worden
2099 1285 2765 1346 Er sölle noch wyter syn best thun, vnd so
2103 1319 2802 1386 etwas wichtigs fürfiele, den amman zu Wy
2102 1357 2769 1424 nigen, syn bruder, oder andere frund, zu
2109 1398 2777 1455 ghilffen nemmen, guter hoffnung, weder H.
2101 1438 2782 1511 Jost noch syn frouw imme hierinn einichen yn
2109 1489 2814 1550 trag thun werde, So aber das je gescheche, sölle
2101 1523 2785 1570 er ich Jederwylen berichten, Imme das
2115 1556 2800 1620 chryben, so imme hierumb in der hend geben.
2103 1602 2817 1670 worden) vorlesen, vnd furbilden, was imme
2108 1644 2785 1704 syner gelt schulden halb vß dem erfolgen
2100 1685 2828 1757 wann ich vnd er handt abziechen Edint
2303 1753 2582 1845 höchstetten
2122 1835 2807 1922 Vli Ellenbergs deß Sagers Vatter sol
2132 1888 2806 1952 anzeigt werden, daß der selbig zu 8 tag
2134 1914 2785 1990 sich versönlich hie stelle, dann syn sach
2119 1954 2800 2033 sonst nit werde mögen geschlichtet we
2107 2001 2806 2063 Wo nun er erschynt, Ist mitt heil, wo nit
2132 2034 2812 2114 sol an den Vogt ein recharge abgahn, inne
2114 2073 2569 2145 wider gfenglich harzehalten
2343 2139 2577 2219 Lentzburg.
2160 2189 2328 2275 Schertz.
2440 2194 2814 2283 Gūndten schwyl
2155 2273 2825 2352 Heinrich Humbels vnd Verena Läßerin
2159 2337 2808 2397 mitt dem geding, das er ira by den 500
2146 2370 2808 2433 guldinen zytlichen guts zubringen vnd
2157 2406 2838 2473 zusetzen könne vnd wie, geschechne Ehe¬
2158 2440 2805 2517 versprechung, wyl sich syn fürgeben nit
2155 2485 2810 2550 erfunden, vnd sy dahar Iren willen ge¬
2168 2522 2827 2603 andert, Er ouch eben nit vil druf seigen
