4032 3024
1316 362 1419 439 280
1440 385 1981 532 imm, und billigkeit abtragen, der
1390 439 1961 577 hr. lvogt vnd daran denselben vf
1387 501 1985 619 sölich und hin modieren, und hiemitt
1381 544 1963 644 Inen Ir verpotten getreid gefolgen
1369 585 1979 691 lassen: Item den helffer dahin halten
1369 629 1978 729 das er vor Inen den h. predicanten
1373 667 1986 783 vmb verzychung pitten, derselb dann
1365 713 1990 825 imme vergeben, vnd sich beidersyts mit
1378 768 1969 861 vnd gegen einandern wider versunen
1362 807 1975 898 vnd reinigen söllindt, hieneben
1377 842 1976 948 verschaffen, daß die vßtheilung
1362 894 1961 985 derstend, vnd das morgenbrot, so
1369 939 1968 1018 man am h. wienachttag nach dem
1369 980 1982 1072 H. Abendmal zeversichten vnd zehalten
1372 1027 1987 1107 bißhar getront gsin, oder doch zum
1377 1067 1956 1148 wenigsten das morgenbrot vff ein
1375 1106 1964 1197 anderen tag angestelt und verschoben
1378 1154 1978 1240 werde: daß H. Samuel synem
1369 1196 1980 1279 erpieten nach ein Cantzelrick macht
1374 1240 1991 1319 lasse. Gebätts halb kein son¬
1362 1286 1985 1375 derbare vnd nüwe form bruche, son¬
1366 1331 1985 1406 der sich den alten Kilchenbrüchen ge¬
1362 1362 1984 1430 mäß verhalte, durch mittel des
1369 1418 1980 1486 Chorgrichts und wider den fahrläßigen
1376 1457 1985 1538 kilchgang gemachter Ordnung verschafft,
1361 1507 1972 1574 das man syne predigen flyßiger besuche,
1351 1543 1969 1618 damitt er nit vnverrichter sach wider
1363 1582 1990 1649 vß der kilchen müße. Item nit gar
1353 1627 1956 1694 zlang predige und insumma, was
1352 1658 1939 1734 vbesserens vonnöten, andere vnd
1342 1702 1536 1762 verbessere.
1355 1745 1961 1830 dem h. Vogt vnd daran söliches zu¬
1400 1798 1497 1865 schryben
1390 1956 1922 2059 Sambstags 6. junii 1629.
1506 2027 1980 2110 Oß sonderbarer erlouptnuß
1405 2101 1979 2184 Einredel an h. preden zu Künitz
1417 2159 2002 2224 expediert, Jacob Gelg den müller,
1395 2196 2000 2276 deß Hansen Sohn, mitt Madlen Bal¬
1406 2240 1748 2314 singer ynzusegnen.
2597 285 2699 364 281
2125 401 2592 544 antags dann 1629.
2031 466 2138 573 I
2234 491 2355 573 Exten
2063 542 2387 657 b. einer Vieharl
2202 600 2360 684 Minist.
2065 622 2641 766 er Veran Schmid, Hr Rütimeyer.
2224 719 2336 812 Civ.
2063 757 2642 888 Se fischer, im Hag Monnern
2078 908 2594 1003 Münsingen Bümplitz.
2068 977 2728 1090 Bendicht Bellmund ist erloupt worden,
2079 1044 2729 1122 mitt Anna Schneitler den kilchgang
2088 1092 2476 1167 zu Bümplitz zerrichten
2087 1168 2656 1274 Brüttelen. Kahnach ins
2082 1254 2749 1346 Jacob Gutman ist wider Elßbeth Brüni
2095 1327 2715 1393 syn Ehewyb, so mitt Jacob Matthys
2093 1358 2718 1433 Irem nachbarn trüwloser wyß fort
2086 1396 2718 1477 uff venedig zu zogen, ein Rufbrieff
2088 1441 2755 1522 an Cantzel zu Inns von 3. zu 3. W.
2082 1497 2332 1565 ertheilt worden
2101 1584 2513 1684 Bern. Wangen.
2069 1661 2737 1756 H. Andres von Bonstetten, als er uff hütt
2108 1735 2742 1789 erschinnen, hatt den Ehebruch mitt ge¬
2114 1763 2722 1832 ena Zimmerman, wirthin zu Mangen,
2103 1802 2723 1859 über alle fürbild, und vermahnung
2107 1844 2721 1911 gentzlich meinet, vnd nit glouben
2104 1884 2734 1954 wollen, daß sy einichen fälers Inue
2408 1925 2751 1986 Die nun anstatt
2101 1922 2413 1998 beschuldigen Erde,
2095 1967 2778 2038 Irer ersten fryen vnd runden bekantnuß
2100 2012 2782 2072 Ire anklag synethalb allengelich wider¬
2113 2061 2779 2127 rüfft und vermeldet, sy imme und ira
2104 2096 2749 2167 darmitt vnrecht gethan habe, Jedoch
2118 2139 2797 2216 keine Vrsachen, so sy darzu bewegt hett
2097 2189 2794 2258 anzuzeigen gewußt. Item der obberur¬
2114 2229 2786 2296 ten vmbstenden, als daß die Thüren bschloßen
2110 2271 2782 2348 der J. vffen bett gsin, vnd was dergly
2120 2313 2794 2387 chen, vnuerschant gelougnet, glychwol
2127 2352 2791 2419 aber wie zuuor bekantlich syn müßen.
2125 2398 2755 2459 das sy selbs die her gewätten, sy nüt
2126 2444 2734 2508 mitt Irem Man anfachen wöllint,
2132 2474 2793 2555 vnd einer vnder Inen das bloße wehr
2122 2519 2507 2596 zuhenden gehept habe.
