4032 3024
1370 352 1481 425 344
1459 408 2027 535 vß gestanden, sondern lieber syn an
1456 475 2045 570 srecherin Madlen Buman by der
1457 508 2042 615 handt nemmen, vnd zkilchen führen
1450 539 2040 642 wöllen, deßwegen imme vff sy
1453 573 2045 670 begeren ein zedel auh. Medicant
1441 612 2026 707 zu Muri zum selben endt ertheilt
1427 661 1557 726 worden.
1523 761 2018 871 Basel, Nüwenburg
1447 804 2001 903 Jacob Tschudi ein schumacher
1462 865 2017 944 hatt ouch bewilligung bekommen
1453 905 2025 983 sich mitt Madlen von stul syner
1449 944 2038 1025 hes sprochnen zu Bümplitz zuseg¬
1447 989 2054 1070 nengelaßen, Jedoch vnd gmeiner condis
1441 1075 1984 1165 Waberen. Sulgenbach.
1418 1148 2035 1244 Bendicht Zehnder ein müllerknecht¬
1464 1208 2050 1279 und Anna Hutmacher, eines müller
1439 1245 2045 1324 Wittwen, sind von Ires argwonigen
1445 1292 2044 1349 zusamen wandels wegen beschickt, vnd
1441 1335 2040 1393 für ein vnd alle mal, sich einandr
1434 1361 2060 1432 gentzlich ze müssigen, gewahrnet, vnd
1422 1404 2059 1470 diewyl sy sölichem nit andrist statt
1432 1447 2053 1507 gethan, dann daß man sy angentz nach
1423 1488 2043 1552 dem Chorgricht unden im gang mitt
1418 1526 2031 1585 ein andern flißnen vnd red halten
1422 1570 2034 1630 funden, sy aber sich angentz fort-
1422 1599 2032 1662 gmacht, ist er eintzig hinab zu die
1419 1639 1952 1717 gfl. zuleggen beuolchen worden,
1679 1713 1803 1793 Bern.
1439 1788 2020 1879 Andres Wagner der gieser, vnd syn
1469 1844 2026 1902 hußfrouw sind gegen einandern er¬
1466 1886 2040 1945 schinnen, vnd hatt er ab ira geklagt,
1434 1898 2032 1977 daß sy mitt der abschüwlichen sucht
1459 1945 2041 2016 der frantzosen behafftet, zwar nit der
1448 1982 2038 2050 intention, Iren allenglich, sonder nur
1453 2025 2040 2085 ein zyt lang vnd biß Irenthalb kein
1451 2053 2046 2128 seytere gfahr zubesorgen, ledig zeerden
1459 2096 2039 2164 dargegen sy inne beschuldiget, er
1435 2133 2031 2197 dessen die einige Vrsach sye, als wel
1438 2167 2040 2215 ches sy von niemandt andern dann von
1448 2203 2038 2267 mne geerbt, wyl sy früsch und gsund
1445 2240 2035 2304 zu imme kommen sye, sonsten habe er
1431 2276 2004 2347 sy ouch bißhar schnöd gehalten, vnd
1439 2304 2038 2385 sy nunzmalen von sich gschlagen, dessen
1440 2352 2039 2421 er Im gegentheil vrsach ze haben ver¬
1436 2392 2044 2455 meint, wyl sy es nit von ihm geerbt
1417 2423 2023 2488 haben könne, sittenmal er von M.
1413 2462 2035 2526 Abraham Brunner vnd Hans Frösch, lut
1424 2496 2053 2575 derselben schyns, den er yngelegt, für
2696 331 2802 398 345.
2097 407 2751 535 rein vnd vnbefleckt erkent worden, ob
2103 459 2758 570 schon er nit ursach habe, sy zu verdencken
2103 497 2755 608 d es ira etwan von zury begegnet sye
2086 535 2772 652 Hieruff ist sy sich noch ein zytlang absun¬
2087 577 2772 690 derlich in einem gmach, vnd von der mentsch
2087 614 2801 726 gesellschafft zuenthalten, vermahnt, vnd
2091 652 2786 763 wyl m Abraham Schnewli nit allein sey.
2097 691 2792 805 sondern ouch Irem fürgeben nach vor disen
2093 736 2780 837 june curiert, Ist gut befunden worden, da
2099 766 2781 879 iruff nechstkünfftig Montag vmb daßelb
2088 821 2790 904 vnd was er Irenthall, wohar ira solches
2085 860 2800 945 begegnet, für conjecturen haben möge, verhört
2079 919 2255 985 senden solle
2296 957 2572 1037 Bern Brugg
2106 1034 2813 1117 Wegen Hans Wyßen des ysenkrämers zugebe
2119 1090 2811 1158 Hans N. Kämpff, daß ein gwüße dienst¬
2112 1126 2811 1190 magd, so letstlich by Ertzenholtz dem Hutmach
2110 1159 2798 1231 gedienet, mitt namen Barbel Meyer, wyl
2106 1200 2807 1274 sy inne zum bystand nemmen wöllen, inne be¬
2114 1243 2800 1300 richtet, das gemelter Wyß einen morgens, nach
2119 1271 2828 1342 yner huß f. seligen hinscheid, Im bloßen hembd
2114 1328 2786 1384 zu Irem bett kommen, sy mitt guten glatt
2118 1359 2817 1415 worten, vnd verströstung, daß es andrist nit
2103 1401 2813 1465 dann zum ehren syn sölle, zu synem fleischlichen
2116 1435 2820 1508 willen gebracht, vnd also in synem dienst ver¬
2121 1479 2820 1546 tellt, ouch ira ein oder zwen röck verehret
2108 1523 2805 1575 habe. Jetz und aber uneine er von den lich
2105 1553 2823 1618 sonderlich von syner frouwen, daß er sy mitt
2108 1600 2803 1652 200 lb. In gelt hinweg gefertiget habe. Vnd
2100 1635 2824 1694 wyl nun er vermeldet, daß sy nit wyt von
2112 1670 2801 1724 hinnen syn solle, Ist imme vfbunden worden,
2117 1713 2799 1762 sich deßen eigentlich zu erkundigen, vnd da
2105 1754 2791 1815 er sy vernommen möge, den Chor weibel
2109 1784 2577 1851 zur nachsetzung ze advisieren
2320 1872 2452 1943 Bern.
2151 1925 2797 1996 die Ala modisten söllend all gmeinlich,
2153 1979 2791 2029 sovil man deren wüssen mag, har¬
2144 2016 2816 2075 bescheiden, noch zum überfluß von irem fröm
2135 2044 2823 2109 den habit abgemahnt, vnd vnder andern
2141 2084 2813 2153 gegen Samuel von Erlach der XII. sil¬
2141 2125 2771 2194 gelt gedacht er den e. vide sup. 206.
