4032 3024
1509 2280 1569 2330 .
1529 219 1607 307 100.
1599 336 1742 421 Bern
1820 245 2065 459 Rig
1589 440 2204 577 Hans Biderman mitt Salome nich
1599 508 2199 622 vnd Jacob Rohr, mitt Margreth
1595 538 2195 646 zußrhat, iren ehe versprochnen, er
1576 581 2209 708 loupt zu Muri kilchenrecht ze thun.
1575 619 2098 750 Redel an pred. daselbst.
1631 790 2164 908 Frytags 16. jan 1629.
1624 862 2124 965 P. H. Venner von Werdt.
1712 920 2142 1001 jud: et relius omnes.
1645 1085 2144 1186 Schyholtz. Ober spittel
1621 1185 2179 1288 Venner obgut referiert von syn
1576 1225 2173 1321 ein Vettern, Lienhart von Werdt,
1559 1284 2180 1349 daß er von dem Vatter Barbli Ruche
1566 1317 2192 1395 vnehlichen Kindts nüt anders wüße,
1571 1359 2166 1434 dann was er uß gmeinem gassen
1568 1394 2160 1456 gschrey, vnd sonderlich von syner
1569 1436 2169 1512 dienstmagd gehört. Uff weliches
1575 1479 2161 1549 gut funden, daß dieselbe vffen
1565 1520 2154 1591 nechsten Montag beschickt, vnd dar¬
1564 1565 2025 1639 über ghört Toden sölle.
1572 1652 2087 1757 Bollingen. Worlouff
1550 1765 2008 1850 An Amman daselbst schryben
1573 1809 2148 1887 Michel Baldenweg durch or¬
1568 1861 2120 1928 denlichs gepott vffen Montag
1569 1899 1803 1967 zuher zehalten
1554 2017 2106 2100 Münsingen Bümplitz
1561 2107 2173 2192 Johanni zur Linden, nüther wölten
1586 2169 2147 2230 predicant zu Jumißwald mitt
1548 2209 2145 2269 Anna Bellmundt, v. Münsingen
1561 2240 2145 2310 Denne Hans Geörg Holtzeüti
1560 2277 2136 2359 einem schumacher knecht, mitt
1559 2322 2150 2395 Regula Morff, von Huttwyl
1557 2364 2160 2437 Vnd Niclaus Zehnder, mitt Mar¬
1565 2405 2143 2477 greth gerig zu Bümplitz der
1549 2445 2012 2521 kilchgang vergünstiget
1613 2496 2161 2595 Cottens. Pampigny. Ger
1549 2570 2182 2652 Andre francois Innamen Gebuari
1567 2618 2166 2692 Bessoris, nach volführtem Ruff¬
2287 329 2956 471 rechten wider loupso Marmillon
2285 404 2962 512 desselben Ehewyb, die schidigung
2283 436 2931 553 vnd erlauffnuß, sich mit allein
2290 475 2954 584 anderfahrt zu verehlichen, sondern
2288 508 2963 629 ouch synes deßhalb erlittnen lö¬
2294 552 2978 655 tens vff vnd ob Irem gut zu re¬
2279 597 2964 704 kommen, deßglychen ein schryben
2289 635 2987 737 aulß landtvogt zu Morssen Irer
2268 682 2875 804 verwysung halb, ertheilt
2312 775 2918 881 Munsingen Villbringen
2280 847 3008 964 Anna Mantzenried hatt von Jacob Lädach
2303 916 3001 1008 hrem Eheman etlicher banden ledig er¬
2287 952 2964 1031 kent zu werden begert, wyl er sich
2300 990 2980 1068 mitt Madten Huser in ehbruch ver¬
2291 1036 2949 1112 tiefft, vnd dieselbe geschwenget habe
2298 1075 2982 1149 Welcheßin er zwar nit absyn können
2288 1117 2967 1192 vnd aber sye, mitt anerbieten der
2294 1155 2962 1224 desserung, vmb verzychung desselben
2287 1196 2990 1273 gepätten. Diewyl aber soliches
2291 1238 2973 1314 wie ouch nicht fürbilden, das sy zue
2283 1284 2982 1355 disem fäler nit die geringste vrsach
2291 1324 2982 1400 geben, in dem sy glych von anfang
2296 1361 2957 1434 von imm gloffen, und imme nie kein
2279 1409 2989 1482 ehliche Pflicht leisten wöllen, by ira vn¬
2288 1453 2974 1531 erheblich gsin, vnd sy sich nit begütige
2280 1500 2989 1585 lassen wöllen, Ist das ehliche bandt
2284 1541 2937 1615 zwüschen Inen vfgelöst, vnd von ge¬
2270 1593 2985 1667 Wüsser Vrsach wegen der Costen Vf¬
2288 1629 3020 1714 gehept worden, mitt pflegung gewohn¬
2283 1676 2971 1756 ten wartzils jetweder person, ad for
2286 1713 2403 1763 man
2498 1719 2967 1804 vnd sol er angentz hie
2288 1751 2444 1818 abbüssen.
2274 1812 2609 1915 An die 2. schryben.
2289 1881 2979 1984 söllind sy ires Erstlichen hab vnd guts
2303 1928 2938 2017 halb in fründe, vnd billigkeit
2290 1963 2975 2060 entscheiden, vnd die Madlen Zuser
2287 2005 2990 2115 nach irer Khind betti alharin die ste
2282 2039 2377 2110 halten
2315 2140 2819 2242 Münsingen offerdt
2306 2197 2941 2318 Theodoria Stuckinen bruder ist ein
2326 2261 2936 2353 schryben ertheilt worden an h
2316 2297 2961 2393 landtvogt zu Ifferdten, sölle Michel
2303 2320 2965 2431 Tanner Irem Theman, so daselbst
2284 2373 2979 2470 Im zusatz, verkünden, wie das sy wü¬
2300 2424 2963 2515 schen vnd vor dem letsten ruff wider
2293 2451 2955 2551 ankommen und ursüttig sye, imme mitt
2301 2506 2961 2609 bscheid zu begegnen, vnd deßwegen imme
2300 2545 2992 2667 gepieten, das er fürderlich hie erschyne
2937 245 3001 321 101
