4032 3024
1229 406 1344 483 448.
1296 483 1877 580 nun die sach der muter nit gefellig,
1298 541 1886 614 vnd die Tochter daher Iren anfeng¬
1309 578 1898 649 rlich erzeigten willen dergstalt geendt
1299 617 1898 692 daß sy gantz nüt zu bereden gsin, da
1305 661 1895 738 ouch keine absolut Cher sprechung be¬
1327 718 1905 777 vissen können, Ist dise vermeinte an¬
1323 748 1921 820 prach vfgehept, beiden, sich ander fart
1325 789 1910 857 jedoch förmlicher als dißmalen zuse
1324 829 1918 903 ehlichen erloupt, vnd im vbrigen erkent
1330 875 1905 941 worden, das sy zue den thaler wider
1329 911 1927 978 geben, vnd Jede partÿ Iren Costen an
1338 956 1714 1031 sich selbs haben sölle.
1542 1035 1782 1120 Kilchberg
1349 1111 1923 1198 Dathrina Bütigkhoffer, wyl
1365 1165 1918 1236 mög mitt gebrachten schrybens) durch
1368 1203 1926 1262 ingenommen und verhörten bericht sich
1359 1241 1946 1308 nit eigentlich erfund, daß Bartlome
1368 1274 1953 1348 Abin Ir Eheman tods Gescheiden sye, ob
1342 1319 1945 1382 wol grosse mutmassungen verhanden,
1360 1351 1939 1429 Ist umb mehrer gwüßheit willen nach
1359 1383 1955 1465 gmeiner form ein Rufbrieff an Cantze
1354 1429 1848 1516 zu Kilchberg ertheilt worden,
1530 1505 1760 1598 Wichtrach.
1366 1567 1940 1666 Wegen Michel furters, so hieuor
1376 1603 1956 1692 lut pag. 187. sich mitt Annahächen
1385 1654 1948 1733 fleischlich vergangen, aber vngeacht
1373 1682 1944 1777 gethaner glüpt sich bißhar der straff
1383 1726 1945 1805 entzogen, vnd jetz nüwlich zu ein
1382 1764 1951 1854 frischen fäler gerhaten, also daß
1382 1801 1970 1889 Qua Schleg so zu herrenbalm genö¬
1387 1840 1970 1919 sen, Inne mitt einem kind begabet,
1379 1890 1973 1967 Der l. antworten, söllind inne ge
1382 1921 1960 2007 warsam und sicherlich herschicken, oder
1369 1963 1943 2050 das söliches gescheche andristwo, da
1380 1996 1964 2092 er hingewichen syn möchte, verschaffen
1413 2084 1903 2181 Kyburg. Oberburg.
1399 2137 1967 2249 Hans Singer, einem müllerknecht,
1410 2188 1955 2282 Ist ein Zedel aus predicant zu
1415 2230 1975 2314 Oberburg, uff yn recommendation hin
1406 2256 1986 2354 ertheilt, das er Inne mitt Margreth
1406 2301 1989 2407 halb syner Ehe verlopten zusegnen
1408 2380 1533 2438 möge.
1608 2378 1731 2455 Belp.
1414 2415 1978 2519 deß Amman Meyers sach, wyl anzogen
1417 2471 1964 2559 worden, daß er nit sicher erschyn
1426 2510 1982 2587 en dörffe, wegen imme fürkommen,
1414 2538 1986 2624 das man inne umb ein schuld (deren
1423 2571 2013 2664 er aber nit gichtig gfenglich zu¬
2529 351 2646 425 449.
2022 397 2595 540 zesetzen begere, sol vmb etwas yn
2029 499 2205 579 gestelt syn.
2021 542 2495 679 Koufdorff Oberbalm
2040 618 2639 744 Hans Bachman hatt ein schryben vß ge¬
2049 678 2663 781 bracht an das Chorgricht zu Oberbalm,
2043 708 2666 826 Hans Risen dahin zehalten, das er Inne
2041 745 2654 863 vmb das, so imme vnlangst alhie zuge¬
2042 786 2656 904 prochen worden. Vnklagbar mache, oder
2044 831 2665 947 doch zum wenigsten imme denjenigen, so von
2047 870 2669 987 eines rosses wegen Costen uff Ihn trybt
2047 907 2669 1024 vnd nit erwinden wil, einmal ab¬
2051 954 2663 1067 nemme, wo nit, sölle zwüschen Inen
2050 1020 2351 1119 gut Recht walte
2227 1108 2345 1181 Bern.
2065 1115 2660 1246 Marx Huber der Wirth zum Kauflich
2088 1183 2656 1288 Ist vmb das verschinner wuchen by Ihm
2081 1223 2639 1318 gubtes nächtliches vnwesen zred
2088 1262 2645 1352 gestossen, vnd wyl er synem eignen
2090 1290 2695 1392 bricht nach über zyt und zil gewirtet,
2083 1338 2665 1429 In dem er etlichen gathali gengeren
2086 1377 2647 1465 In alle nacht hinyn spys und tranck
2090 1416 2664 1505 statt vnd platz geben, nach Inhalt
2083 1452 2653 1543 der ordnung umb 10 lb den gestrafft
2086 1501 2665 1590 Vnd diewyl er angeben, daß Jeroni
2100 1536 2671 1638 mus von Graffenried, so erst nüwlich
2099 1574 2689 1663 heimkommen, den sach vnd das seiten¬
2108 1614 2671 1708 vil angestelt, vnd syner Hochzyterin
2092 1646 2684 1739 ufgespilt habe, erkent worden, der
2108 1691 2696 1785 selb vffn nechsten Ch. tag har bescheid
2106 1764 2318 1836 reden solle.
2258 1816 2547 1904 Bern Brugg
2170 1897 2742 2007 jenigem handel zwüschen Barbel Meyer
2140 1950 2714 2036 und Hans Wyß ist bevordrist der tracta
2154 1991 2705 2072 tion vnd abschaffung nachgeforschet, und
2150 2013 2735 2098 Hans Jacob Mundtwyler, wie ouch andren
2147 2049 2707 2137 Herman, die er zu heimlicher kundtsch
2151 2088 2710 2165 bestelt, verhört worden. Da nun sich
2153 2117 2720 2204 befunden, das gemelter Wyß dise abhand¬
2147 2148 2724 2243 lung angetriben, vnd die magd vff gut
2145 2182 2683 2284 fürgeben hin daryn gewillfahret
2162 2209 2741 2315 d Christoffel Burkhart derhofenlich¬
2156 2253 2745 2337 mer, vnd der zuuerhauß darzu ge¬
2163 2286 2738 2381 holffen, daß die magd zwar anfeng¬
2165 2325 2723 2408 rlich imme Ire Ehe ansprach, als daß er
2158 2355 2781 2452 sy vertröstet, es Ire an ehren nüt schaden,
2174 2381 2785 2480 sölle, fürgehalten, aber uff syn gmeinen
2183 2423 2786 2511 vmb den Crantz, vnd daß sy kein huere
2187 2469 2777 2557 ansprach an Ihn haben solte vnd wölle,
