4032 3024
1506 240 1591 335 94
1579 330 2189 437 zutragen vermöge, und daß Hans
1567 373 2187 481 Springen denselben für sy bezalt
1573 415 2195 533 er von den seigen das gelt darzu
1563 459 2195 563 empfangen habe. Ist aber dessen ab¬
1568 497 2187 603 gewisen, vnd die vorgehnde vn
1564 551 2187 660 teil bestätiget: Auch imme für
1579 595 2162 679 präch ufbunden worden, den
1564 633 2184 741 Schwendiman eigner pson (wyl
1557 673 2187 776 er hie In der Statt hargestellen,
1558 710 2196 826 Weliches nach dem es beschechen, Ist
1548 753 2193 867 demselben nich vrteil eröffnet,
1556 799 2191 895 und das wehr abgemmen worden,
1549 843 2187 943 syn andern mitt obgenanter Wybs
1546 890 2192 1000 pson begangnen Ehebruch abzebüssen.
1664 976 2016 1080 Staffelbach.
1543 1060 2177 1181 Hans Rudolff Krafft, dem müller,
1576 1139 2181 1220 so zwar erst den 10. Martii 1628
1548 1169 2183 1259 von synes begangnen Ehebruchs wegen
1555 1210 2179 1317 von seiner frouwen gescheiden worden
1559 1258 2165 1338 Is In ansechen synes schyns, vnd das
1564 1296 2178 1377 kein versunung zwüschen Inen Te¬
1561 1330 2165 1435 verhoffen, ein erlouptnuß brieff
1561 1379 2171 1461 neben Pflag 5 lb 1) ad formam
1565 1420 2188 1510 vergünstiget worden. Der sol ab
1565 1464 2191 1551 Imme nit zugestelt weden, es sye dan¬
1555 1502 2190 1597 der Thorweibel vmb syn restierende
1553 1554 2195 1653 ansprach gfangensch. Costens befri¬
1540 1600 1665 1674 diget.
1686 1704 1969 1803 Maleren
1532 1778 2141 1881 Die verzeichnuß s Peter Mül
1568 1836 2146 1910 heimis vnd syner hußfrouwen
1550 1889 2156 1968 sach, wie es durch mich In ein für¬
1558 1927 2160 1996 trag verfasset, ist abgelesen, gut-
1558 1964 2172 2045 geheissen, vnd dem h. Richter, samt
1547 2023 2140 2101 den beiden schryben, In die handt zu
1559 2057 2184 2143 geben beuolchen worden, vf das ers
1543 2101 1909 2187 für Rhat trage.
1526 2188 2024 2288 Rienitz Krouw.
1560 2281 2146 2378 Daulus Pieder, ein schnyder knecht,
1559 2352 2161 2415 und Barbli Basler h Hans Lehn,
1553 2383 2132 2456 ders dienstmagd, sind verschinnen
1552 2416 2136 2490 Mittwuchens hinab gelegt, we
1543 2460 2152 2537 gen er sy verschinner tagen abends
1546 2508 2166 2573 umb 8 uhr in synem huß in ein
1547 2550 2158 2629 ein gmach hinder beschlossner
2908 167 2991 251 95.
2316 242 3032 462 sonderen berein der sich
2321 323 2983 489 In dem der schnyder In dem bett vnd
2314 359 2992 524 der decken (doch imme unbethüßt, ob
2301 420 2975 570 er ußzogen gsin oder nit,) gelegen,
2311 461 2990 602 das meitlin aber vor bim fenster
2314 504 3017 660 gstanden, und eben halb angelegt gsin
2314 561 2991 703 zwyfels ohn, damitt es Ime dem
2301 596 2991 743 husherin uff syn anklopffen uff
2330 645 3006 786 hun könne, Inmassen er uff hett
2314 686 2989 822 eytleüffig von Inen züget, Alles
2300 736 2970 868 vnder dem schyn vnd fürgeben, das
2306 782 2971 906 er dem meitlin ein brust gemacht
2315 837 2961 954 gehept, vnd Imme die selben abends
2308 881 2993 985 anmessen wöllen, ob schon sy kein
2302 928 3004 1031 liecht darzu ghan. Wyl aber se
2315 975 2967 1068 seiner Eheansprach, weniger der
2298 1017 3002 1128 gezigten lybs gmeinschafft, bekant¬
2287 1067 2977 1161 lich syn wöllen, sind sy für diß
2291 1114 3014 1205 mal widrumb, mitt ernsthaffter
2303 1166 3032 1247 censur und vermahnung, sich einander
2301 1214 3020 1284 en gemüssigen, wo sy nit ehlüt syn
2300 1262 2879 1350 wöllend, ledig glassen werden
2307 1341 2505 1428 Grouw.
2501 1342 2858 1429 Bremgarten
2317 1423 2938 1516 Baschi Beber, einem Jungen, noc
2326 1491 2770 1558 vnuersumb schuster,
2336 1528 2749 1601 itt Elßbeth Forer
2325 1566 2560 1640 esprochnen, zu
2555 1580 2629 1645 .
2647 1577 2979 1671 Bremgarten den
2314 1611 2656 1681 kilchgang zethun
2498 1706 2644 1783 Bern
2315 1758 3017 1881 Niclaus Kilchberger der Jung, vnd Valen.
2335 1813 3000 1928 ten Rebman, so in nich der Chorrichter
2320 1850 2974 1970 gfangenschafft anzogen worden, wegen sy
2311 1884 2990 2000 der fl. Sara ysenkrämer, deß ersten knabe
2316 1920 2989 2041 muter, in zit irer langwirigen kranck¬
2320 1954 2998 2080 heit vil hußrhat vnd ander sachen ent¬
2321 1999 2971 2119 tragen, hin vnd wider versetzt, oder
2322 2040 2973 2168 umb ein geringen pfennig verkoufft und
2306 2069 2995 2203 das gelt unnütziglich verschwendet etc. sind
2320 2111 2998 2267 vff hütt zum ersten mal, vnd demnach
2316 2154 3011 2299 vff gepflognen hat meines h. sechsen, vnd
2307 2199 3014 2359 vnderschidenliche Rhats zedel die gantze
2305 2236 2985 2396 wuchen uß fürgestelt, nach notturfft
2320 2276 2953 2431 examiniert, gegen denen so Inen die
2311 2314 2964 2478 sachen abgenommen und zu verkouff, und
2297 2357 2968 2528 verschwendung derselben gholffen haben
2333 2390 2979 2571 öllend, confrondiert, vnd volgents
2338 2444 3003 2634 die gantze handlung in ein verzeichnuß
2338 2490 3013 2667 gefasset und fryten 16. hujus für schat
2324 2529 2985 2722 geschlagen worden, wie die vnder dem
2319 2576 3014 2757 gemeinen gschrifften disers guts zu findt
