4032 3024
1447 277 1542 348 162.
1505 362 2179 505 Mittwuchens 25 Feb. 1629.
1586 441 1959 548 S. Ex Senatu
1534 522 2010 626 H. Nachselhoffer. Ind.
1734 603 1937 674 Minist.
1530 644 2040 771 Hr. Schmid Herr Langhauß.
1743 752 1824 829 w.
1518 802 2151 931 h Sultzer Hirtz fischer im tag.
1525 980 2010 1082 Kreuchtal, Basle.
1528 1093 2139 1201 Obwol Hans Möschberger, ein schny¬
1529 1147 2145 1223 der, gegen Anna Kölligker einer
1517 1188 2141 1278 Wittwen der vff Ihn geklagten The¬
1522 1230 2114 1317 versprechung gelougnet, vnd die
1520 1278 2142 1354 schuld deß byschlaffs uff sa werffe
1518 1310 2147 1399 hiemitt sya zu kilchen ze führen sich
1525 1363 2151 1457 nit gutiglich ergeben wollen. Jedoch
1508 1409 2122 1491 und diewyl sy nit allein imme das
1530 1450 2103 1540 jegentheil vnder ougen erhalten,
1517 1501 2127 1581 sondern ouch er gestendig syn müssen,
1507 1534 2133 1619 das er In der nachgehndern nacht (da
1501 1581 2120 1667 der byschlaf geschechen) unberufft
1505 1619 2136 1716 und ungheissen zu ira in ir huß komen
1509 1667 2134 1765 men, vnd alda synen willen mitt ira
1507 1711 2115 1799 vbracht: Item lut zweyer Mans¬
1528 1758 2124 1843 sonen zugnuß geredt, das wann man
1518 1802 2142 1895 mir zum kilchgang nit also genötiget,
1509 1841 2123 1940 er denselben et erstattet, vnd Ira ge¬
1507 1880 2119 1981 halten hette. Item Wyl Er daussen
1500 1918 2108 2027 am Chorgricht (ut desselben berichtschey
1502 1966 2102 2069 bens sachen verneinet, die doch vil
1489 2006 2122 2110 lüt gesechen, vnd dessen ein Chorgricht
1488 2052 2112 2153 gnugsamen bericht gnommen, Also das
1492 2093 2076 2188 er über yn tergi versieren mitt be¬
1496 2132 2078 2243 troüwung der gfangenschafft zur be¬
1498 2171 2082 2282 kautung bracht werden müssen, und
1498 2219 2097 2325 dann ouch lut der e zügung, dise
1495 2250 2113 2352 rybs pson hieuor guten ehrlichen nammt
1509 2303 2101 2410 und unverlümbdet gsin, Als ist er
1505 2339 2101 2456 ra förmlich zu bekent, beide und son
1495 2381 2100 2492 derlich er in glicht geden worden, in
1502 2416 2129 2540 nert 14 tagen kilchenrecht ze thun, ehr
1492 2454 2083 2575 lich hunzehalten, und einandern des ge¬
1504 2492 1572 2561 uchten
1562 2498 2089 2625 rechtens nüt entgelter zu lassen.
1594 2559 2023 2687 dert, solches geschehen
2231 2171 2289 2241 .
2892 311 2981 400 163.
2465 378 2782 473 höchstetten.
2241 468 2958 552 Steffan Moser, ein Jüngling, Niclausen
2292 531 2965 611 zu Mos sohn, ist von der e zu höch
2290 570 2935 642 stetten har geschickt worden, mitt
2297 606 2993 692 bericht, wie das Margreth Ruffenacht
2298 657 2965 731 nit allein hieuor am Chorgricht da¬
2303 700 2958 786 elbst fürgeben, sondern ouch ver¬
2283 747 2937 827 mög der kundtschafft) in irem Todt
2281 795 2970 868 bett Ermeldet, habe, gedachter Steffen
2275 841 2958 922 habe ira die Ehe versprochen, sy be¬
2288 889 2980 963 schlaffen, vnd geschwengeret, dem E
2294 932 2967 1002 deßen (so sy widerumb uf komme.
2288 976 2964 1049 das kind geben. Im gegen theil Er
2291 1022 2925 1097 soliches so wol bÿ Irem leben druf
2288 1069 2948 1133 vor Chorgricht, als ouch setzund alhie
2291 1113 2952 1185 gentzlich vnd standhafft verneinet
2276 1158 2944 1224 Wyl nun nicht vff der einen syten zu
2303 1203 2941 1275 bedencken geführt, das die wybsper¬
2302 1244 2940 1312 son (wie gemeldet, daruff gestorben
2293 1290 2971 1356 vff der anderen syten aber betrachtet,
2297 1330 2956 1401 das sy eines argwönigen Namens vnd
2294 1375 2956 1452 lümbdens, sonderlichen der unflätig
2277 1416 2972 1496 hury uff den Alpen, mariten und
2282 1455 2946 1536 wirtshüseren berüchtiget gewesen.
2285 1514 2930 1577 vnd daß neben syner des Jünglings
2291 1552 2926 1618 bestendigen vneinen, vnd zuge¬
2288 1592 2979 1660 kendtem vfsatz sonderbarer lütz, keine
2302 1636 2978 1705 onde vmbstend, als zusamen wand¬
2284 1688 2969 1752 lung und was derglychen, uff ihn zreüten
2288 1719 2974 1808 halber bishar niemalen erwisen vor
2291 1758 2934 1834 sen, habend wolermelt ich die
2275 1809 2936 1888 sach zwyfelhafftig, vnd In beid weg
2287 1860 2934 1933 bedencklich befunden, deßwegen keine
2285 1900 2928 1976 eytere mittel an Ihn kenden, sonder
2285 1947 2937 2018 dieselb Gott dem Herren, der vber das
2288 1987 2946 2079 oborg richtet, einmal heimstellen.
2276 2029 2923 2112 den beklagten weder schuldig noch vn¬
2299 2081 2944 2144 schuldig erklären, der Ehrbarkeit
2287 2133 2940 2206 ßliches zu schryben, vnd darüber beuel
2283 2173 2916 2238 wöllen, so sy etwas wytern be¬
2285 2216 2948 2280 richts mittler wyl erfahren mög¬
2287 2260 2951 2340 nit, sy dessen nicht daruff versten
2275 2297 2583 2373 digen sollindt
2296 2371 2824 2469 Signouw. Langnouse
2297 2452 2950 2562 Elßbeth Büler hatt nit gestahn wöllen,
2293 2529 2911 2587 daß Joseph Hundt sperger vnd sy sich
2293 2553 2901 2629 hemaln In vnzucht mitt einandern
2300 2601 2944 2684 vergangen, ob schon sy die Thirn vor
