4032 3024
1265 355 1371 432 236
1353 435 1965 541 von diebstälen vnd argwönigen leb¬
1376 497 1974 579 aus wegen alhie in banden, und und
1368 534 1972 617 deß verschmächten dieners handen ge¬
1361 573 1971 654 wwesnen, ouch nunzmal mitt dem
1356 614 1958 689 zu verwisnen ehfrouw, namens
1363 653 1965 733 Elßbeth Spießer, die schidigung ver¬
1355 698 1969 767 langet, wann nicht eigentlichen be¬
1377 750 1974 804 nicht ghan hetten, wie syne sachen, das
1372 774 1975 850 umb er ebenmeßig in der gfangen
1374 814 1978 882 schafft gelegen, abgeloffen, vnd ob er
1366 857 1984 931 vnschuldig erfunden worden. Deßwegen
1365 905 1986 964 sy die sach noch vner biß uff er¬
1367 937 1979 1013 forschung desselben by dem Richtschry
1365 988 1986 1056 ber, so dem Thorweibel anbeuolchen,
1368 1029 1600 1100 yngestelt.
1373 1107 1498 1184 Bern.
1689 1120 1906 1196 Schüpffen.
1376 1197 1965 1280 Peter Pfrunder, der färber, vnd Maria
1376 1257 1968 1312 Wäber, syn ehe frouw, habend vil sachen
1395 1294 1980 1350 ab, vnd wider einandern geklagt, die wyl
1388 1321 1978 1378 aber ich uß Muter Madlen der Hebammen
1388 1362 1973 1422 zugnuß erfahren, daß gemelte frouw
1384 1389 1962 1464 mitt vngebürlichen streichen dergstalten
1386 1439 1975 1498 geschädiget, daß sy besorget, sy wurde
1381 1469 1975 1539 umbs khind kommen, möge ouch nit wüsse
1379 1512 1974 1571 Was noch geschechen werde. Item an Irem
1375 1548 1958 1616 lyb dermassen wust tractiert, das
1364 1580 1971 1645 Wolsobald hernach die keine daruß er¬
1370 1622 1987 1691 volgen möchte, Ist er, als ein vnbescheid¬
1376 1668 1981 1732 ner grober knopff, biß uff montag hin
1386 1705 1962 1763 ab erkent, Vnd diewyl er die er¬
1381 1741 1977 1799 sach Irer huß vnrichtigkeit Mattheus
1376 1787 1968 1855 Müllers tochter eintzig zu schrybt, In
1368 1811 1991 1880 dem syn hußfrouw dieselbe stäts naher
1391 1853 1990 1927 züche, und ira mehr guts thüye, als ihm
1381 1887 1984 1962 Ist gemeltem irem Vatter anzeigt vnd
1366 1924 1997 1999 ynbunden worden, syn tochter daheimen
1384 1960 1974 2045 zubehalten, vnd begeben in synem huß zu
1372 2004 2004 2085 zug ze verhuten, und yn frouw dauon ab¬
1370 2040 1551 2111 zemahnen.
1586 2083 1713 2175 Divis.
1390 2157 1981 2250 vber der Chorrichteren daselbst schrifft,
1391 2211 1983 2297 liche rhats frag zweyer puncten halb
1386 2232 1581 2292 Antworten.
1395 2259 1957 2339 1. Wann sich ein Wittling, oder ouch ein
1400 2308 1955 2378 Jüngling mitt einer Wittwen, deren
1393 2342 1979 2421 Eheman kurtz daruor gestorben, zu ver¬
1402 2370 1973 2462 echlichen vnd ynsegnen Zelassen begert,
1381 2410 1982 2492 der H. Predicant vor der gewohnten
1388 2441 2001 2536 verkündung, ob die wybsperson uß vor¬
1406 2493 2012 2592 gehnderthe schwanger oder ledig flyßige
2611 255 2707 338 237.
2047 335 2673 508 nachforschung halten. Wirt dann ange¬
2047 407 2702 568 zeigt, dieselbe noch schwanger, oder den
2044 441 2709 593 nicht ledigen lybs nit eigentlich vergwüßt,
2060 497 2707 639 ondern deß orts innzwyfel sye, die vol¬
2054 533 2688 672 züchung derselben ehe versprechung mitt
2041 590 2681 734 dem kilchgang, biß nach der genißt, oder
2055 632 2694 768 eigentlichen wüssenschafft, daß sy ledig,
2059 694 2713 817 vffgehalten vnd stillgestelt werden. In¬
2055 735 2726 855 massen soliche personen daruor nit kilchen,
2052 780 2727 892 recht thun, vnd entzwüschen sich aller fleisch¬
2052 839 2737 934 lichen gemeinschafft gegen einandern mus¬
2058 891 2477 988 igen vnd vberheben söllindt
2057 925 2694 1031 derjenigen halb aber, so von vorgehnder
2067 988 2682 1076 ehe nit schwanger und gewillet weren,
2066 1033 2708 1114 zur andern Ehe zugryffen, könne zwar
2069 1077 2717 1167 kein gwüsses zil gesetzt worden, es solle ab
2053 1130 2714 1208 Jedermeniglich vermahnt syn, sich hier¬
2065 1172 2726 1247 inn aller ehrbarkeit vnd anstendigkeit
2054 1219 2534 1299 zuhalten, und ergnuß zu vermyd
2026 1285 2729 1374 2., das wie alhie In der Houpt Statt wider das
2064 1343 2745 1412 vnordenlich vnd zuspat yntretten an hoch¬
2075 1387 2759 1433 syten vnd Kindtstouffenen ein Insechen pub¬
2069 1431 2742 1486 iciert, so in der nüwen Reformation be¬
2069 1456 2751 1520 griffen, also ouch sy demselben sich nachrich¬
2054 1505 2247 1569 ten mögendt.
2230 1554 2501 1647 Hindelbanck.
2061 1620 2731 1719 Jaggi Schumacher ist nach ußgestandnes
2085 1686 2716 1753 fangenschafft hinuff genommen, vnd ge¬
2073 1729 2756 1810 vohnter massen censuriert worden, wegen
2069 1758 2386 1827 synes ersten fälers
2061 1903 2752 2058 Montags 11. May 1629.
2329 2016 2529 2090 Exsenatu.
2070 2042 2746 2160 serer Herrn Bickhart. Ind. Hr. Dachselhofer.
2309 2117 2474 2184 Minist.
2073 2137 2671 2252 h. daran Schmid H. Rütimeyer.
2089 2253 2651 2349 s. Fischer. Im Hag. Munier
2304 2326 2591 2427 zweysimmlen
2083 2408 2810 2546 Jacob Marmet hatt von syner Ehe versprochen
2111 2470 2738 2561 nen Maria Großman, von Grouw
2106 2506 2794 2614 pürtig, wegen sich von ira vor gethanen
