4032 3024
1288 349 1390 437 392.
1375 399 1838 544 Oberbahne, Verne
1357 533 1964 662 In der Wucher sach zwüschen Hans Risen
1378 604 1956 682 Cleger eins und H. Johans Stürler s
1379 633 1981 731 klagten anders theils, sind kundtschaffte
1374 678 1975 763 wyß erschinnen David Gerig huß wirt
1379 715 1973 797 zum Berberen, Corentz Menger, vnd da¬
1377 765 1962 844 nnd Grünig, die habend bezüget, das
1378 799 1980 888 gemelter Risen nach getroffner Hand¬
1380 846 1964 921 lung ein bedurch gehept, In dem er
1365 884 1968 954 den wyn zu Murten reichen vnd sechen
1362 927 1966 1004 mussen, das hr. Stüeler imme denselben
1367 962 1978 1037 nit zugefült, sonderlich aber by den
1381 1009 1984 1066 3000 lb hinder haben müsse. Ob nun wol
1369 1050 1987 1117 der selbig anfenglich für die ledigsprech¬
1360 1091 1986 1155 ung 60 g geforderet, sye doch durch ein
1363 1136 1966 1196 zu Herberen gemachten struch der
1354 1170 1957 1236 halb theil abgeschreitzt worden, gestalt
1352 1209 1969 1275 er vermittliß 30 lb deß tuschs ledig
1369 1249 1966 1308 yn söllen. Darüber aber hr. stür
1355 1286 1966 1346 ler sich erpotten, damitt es bey dem tusch
1366 1331 1980 1395 vblybe, wölle er imme zu dem versprochen
1373 1364 1958 1435 nen tuschgelt noch 30 r gutmachen
1369 1404 1968 1477 vnd ersetzen, Vnd als sy mitt ein¬
1368 1441 1969 1511 andern die sach gerechnet vnd vber¬
1369 1479 1974 1549 schlagen, habe das Jenig, was H. Stür¬
1369 1520 1971 1585 ler sinde umb die beilgschrifft zugeben
1355 1557 1968 1646 versprochen, sich angeloffen 508 octbr.
1392 1623 1982 1715 on dem Wart deß wyns hatt Christe
1382 1688 1970 1758 Balsinger sonderbar bezüget, da¬
1386 1717 1972 1797 er war sampt einem anden, etliche
1380 1740 1996 1841 vaß von gedachtem Risen, Jedes p. 361
1373 1791 1985 1880 bestanden ghan, vnd aber befunden, das
1375 1826 1996 1915 er daran nit bestahn möchte, deßwegen
1366 1870 2012 1952 den kouff widrumb ufgesagt und uf geben.
1378 1938 1995 2062 Of weliches gedachter Risen ein Ledel
1388 2002 2000 2089 ingelegt, vermögen dessen die handlung
1389 2030 1978 2122 also ergangen, daß hr. Stürler imm
1374 2104 1566 2184 versprochen
1386 2107 2002 2222 Erstlich inne gegen H. Vincentz Stür¬
1399 2179 1943 2262 ler synem bruder, wegen einer ab¬
1401 2207 1962 2300 dem gut zu Brünnen verfallner
1377 2258 1695 2344 zalung zu entheben
1795 2245 1920 2351 606.
1512 2301 1690 2376 .
1401 2312 1520 2392 umb
1371 2317 1971 2437 denne noch In einem anden posten
1812 2384 1913 2451 457.
1376 2429 1912 2539 Vnd letstlich noch 900
1857 2486 1930 2544 4
1384 2491 1839 2594 Item angentz zu barem gelt
1791 2535 1931 2582 240
1401 2557 1936 2666 uff Osteren 330
2555 269 2646 373 293.
2022 351 2599 546 diensten den sein
2302 432 2469 525 1658.
2021 527 2130 588 brächte.
2016 472 2534 663 erren seines das
2327 545 2458 611 606.
2270 594 2448 703 1256.
2023 658 2602 814 hieruff erkent, das H. Stürler durch
2038 696 2600 838 ein schryben one namsung warumb
2033 720 2616 887 es zethun, citiert erden sölle, zuert
2033 813 2386 933 stag zu verschienen
2129 864 2558 1034 Hochzogenbuchte.
2056 1025 2660 1130 örg Schwander vnd Elßbeth zugolt habend
2054 1066 2664 1161 vber erlittne gfangenschafft nochmalen
2048 1109 2657 1204 die that, deren h von Vrs sinder Irem
2048 1150 2636 1250 Eheman angeklagt, bestendig verneinet
2052 1195 2642 1291 deß zusamen wandels halb aber sich
2053 1231 2708 1322 mitt dem entschuldiget, doch sie (die frouw
2052 1286 2692 1379 In Ires bruders huß in einem sonderbarn
2060 1326 2662 1420 gmach Ire Wohnung, mitt welichem
2051 1388 2670 1453 er Schwander, wyl sie beid Jeder nur
2050 1420 2701 1492 ein halben zug, vermöget, erbuttung halb
2047 1466 2700 1555 Ires guts ein gmeinschafft angestelt habe
2065 1521 2680 1576 vnd die wyl er deßentwegen mitt hin
2049 1562 2688 1616 da yn, vnd vßwandlen mussen, hette
2056 1603 2636 1674 man ira andristwo statt vnd platz
2052 1640 2725 1711 geben. Ir Eheman aber soliches nit zu¬
2056 1698 2728 1754 laßen vnd gestatten wöllen, umb weliches
2054 1742 2744 1811 gemelter schwander sich uff Rudi Berber
2061 1774 2714 1851 der frouwen bystand, umb kundtsch
2058 1811 2689 1884 berufft der nun bezüget, daß er
2061 1850 2717 1930 uß obberührter vrsach ira syn glegen
2066 1894 2722 1977 heit zu Buchse angebotten, sy aber imme
2059 1932 2702 2028 gmeldet, der Man wölle es nit, wyl
2076 1974 2752 2072 sie mitt der Muter vnd dem bruder noch
2077 2012 2751 2119 In unvertheiltem gut sitze. Hiezuf
2083 2053 2733 2169 nun nicht in dem houpthandel (wyl
2085 2090 2726 2207 sie vngeacht angewandten ernsts nüt
2069 2133 2744 2248 uchbringen können) das milter geglaubt,
2079 2184 2745 2291 vnd deshalben beide Ehementschen wider
2079 2218 2769 2345 umb zusamen bekent, ouch jedes zu siner
2085 2257 2750 2374 pflicht, vnd Insonderheit inne, daß er
2071 2311 2761 2437 Ihra hinfür mehr liebs und guts bewysen
2094 2347 2756 2476 sie eintweders zu ihm nommen und ze huß
2095 2387 2750 2523 setzen, oder aber dahin trachten, daß
2087 2431 2750 2572 er by ira in ires bruders huß wohne
2085 2476 2284 2548 vnd arbeite,
2289 2514 2746 2605 vnd also in den ein oder
2079 2517 2786 2680 anderen weg Irenthalb ein bessere rechnung
2124 2565 2767 2726 adpfachtung haben vnd tragen solle.
