4032 3024
1315 351 1426 440 284
1376 425 2004 577 Mittwuchen s 10. Juny 1629
1637 508 1861 594 Ex Senatu
1417 528 1749 623 Hr. Hochselhoffer
1639 604 1788 671 Minist
1406 641 1972 754 zu der an Schmid, Hr. Rütimeyer.
1651 713 1872 796 M om. 4.
1398 778 1926 889 Compaploz. La Partar
1427 885 1954 993 Daniel fauci, ein Jüngling und
1410 953 1995 1029 Marie clinier, wyl und Abraham
1416 981 1977 1075 Eschaquets Wittwen, sind von der
1417 1024 2000 1119 E hargeschickt worden, von wegen
1423 1082 2000 1157 etwas Eheversprechung, so er, als
1424 1120 1985 1208 y für chorgricht berüft worden, yn
1406 1164 1973 1242 gewendt, wyl er vil zu ira zu Ir
1409 1201 1990 1287 huß gewandlet, sonderlich aber Im
1417 1252 1992 1322 verschinnen hornung ira ein guldinen
1414 1297 1978 1365 ring vff die Ehe hin gegeben, den
1411 1341 1971 1412 y von imme gutwillig empfangen
1417 1380 1984 1450 habe. Das aber sy im gegentheil
1405 1424 1984 1491 dneinet, vnd fürgeben, daß er den
1406 1463 1978 1534 ring mitt list vnd gferden wider
1406 1499 1993 1573 Iren willen vnd vermaßner wyß an
1409 1542 1991 1611 hren fing und hernaher zu iren tragen
1412 1586 1997 1655 geschoben habe, vnd deßwegen vff die
1411 1620 2015 1703 nichtigkeit diser the ansprach getrungen.
1416 1670 2002 1738 Diewyl nun er nüt bewysen könne.
1406 1712 1994 1777 Ist dieselbe vfgehert, Jedem sich ander¬
1401 1747 1992 1818 fahrt nach glück vnd ehr zu ver¬
1400 1782 2002 1855 ehlichen erloupt, vnd der Costen vmb
1399 1827 1999 1897 hrer kundtsame willen compensiert
1387 1870 1519 1935 worden.
1543 1941 1860 2026 Romanostier
1406 2003 1951 2090 der Chesach halb zwüschen Cops
1408 2067 1963 2122 bourgebis, vnd Indich Meylan
1412 2102 1965 2172 weliche von Ir Malhar für Chorge
1426 2134 1966 2203 gewisen worden, vnd in dem be¬
1413 2175 1993 2242 staht, daß so wol das Chorgricht
1419 2200 2001 2282 als der predicant ire verkundung
1429 2243 1955 2314 nit zuläßlich befunden, sondern biß
1416 2279 1985 2357 uff der oberkeit beuelch yngestelt,
1425 2321 1961 2397 vyl es der unzytigen Ehen eine
1423 2355 1970 2422 ye, in dem er keine mittel kein
1411 2387 1981 2462 handtwerck, noch die dexteritet habe
1416 2422 1999 2492 sich vnd die hußhaltung zu ernehmen,
1416 2459 1966 2530 sy aber unbesint, thorhafft und
1415 2492 1998 2580 zueselben anzugenlich sye etc. Dent
2079 1502 2135 1576 2
2610 276 2718 361 285.
2092 355 2711 504 yn landtvogt und dem Chorgricht zu¬
2092 406 2728 550 schryben, söllind nochmalen alles ryf¬
2090 460 2715 597 slich uff die wag legen und fals keine
2087 495 2704 629 andere vrsachen, so die Ehe lut der
2092 540 2690 669 satzung hinderen mögint, verhand
2119 591 2713 716 In irem vorhaben fürschryten lassen
2075 628 2749 758 So aber die tochter gantz vnbesint,
2089 672 2750 794 vnd Irer knunfft dermassen beraubet,
2077 721 2696 843 das sy zur Ehe unfugenlich were, beid
2104 764 2742 888 tyen alsdann, mitt grundtlichem be¬
2098 812 2744 947 richt Jedeßin beschaffenheit, alhar schicken
2217 889 2561 1004 Burtzelen
2095 986 2721 1085 Niclaus Schöntal der Amman und i
2113 1041 2707 1130 Burtner habend zum theil Innamen
2104 1078 2731 1162 der Gmeind, zum theil für sich selbs,
2106 1119 2761 1201 wider H. Cunrad Meyer Iren vorsten¬
2113 1160 2701 1238 der nachvolgende klegten geführt:
2111 1197 2736 1283 daß als die visitation geschechen, vnd
2109 1248 2727 1332 H. Abraham futer der visitator uff
2110 1285 2751 1368 den kilchhoff kommen, er h. Cunrad vnd
2113 1327 2770 1399 andern zu dise wort ußgebrochen. Ein
2125 1367 2778 1435 gantze gmeind habe Ihn schandtlich ver¬
2126 1409 2767 1485 zogen, und wöllen ein falltsche march uf
2122 1463 2233 1521 richten
2148 1477 2779 1569 daß er geredt, die von Ober gurtzelen
2149 1545 2747 1601 habint syn tochter ufgewisen, imme
2141 1574 2774 1641 das syn abzutragen, wie sy dann das
2144 1612 2773 1678 elb im todbett bekent habe. We¬
2136 1655 2773 1717 liches er doch nit wüssen möge, wyl
2144 1695 2779 1762 wr weder by irem hinscheid, noch an irer
2122 1736 2481 1803 begrebnuß gsin sche
2164 1780 2738 1869 daß er gredt, yn erbar zeige nit
2154 1841 2714 1901 ouil mögen galten, als dem h.
2144 1873 2770 1940 Abraham syner, Man bruche miet vnd
2150 1917 2764 1988 gaben, das er nit möge zu synem rechten
2141 1955 2585 2028 und zur warheit kommen
2123 2015 2742 2107 Nach dem er nun das ein vneinet,
2165 2074 2730 2136 das ander, dessen er bekantlich, v.
2170 2111 2728 2173 ein andere form uß gelegt, sonder
2153 2144 2780 2212 lich aber über den 1. puncten geant¬
2154 2185 2770 2249 wortet, das er nit die gantze gmeind
2161 2224 2762 2288 genamset noch gemeint habe, vnd
2149 2258 2784 2325 hingegen wider die beide Cleger Consi
2155 2289 2804 2360 lassen, daß Hauer, als H. Seckelnd
2150 2339 2762 2413 Fellenberg selig vff dem Bugenschyn
2161 2378 2800 2441 gsin, vnd dem span nachgeritten, ein
2169 2418 2816 2486 faltsche march angeben wollen, diser
2174 2456 2779 2519 aber Inne vnderstanden von der
2173 2494 2812 2565 pfrund ze bringen, und dann beidsam
2159 2532 2842 2611 sen imme zehnders gelougnet habine
