4032 3024
1490 354 1570 430 24.
1538 886 1592 939 u
1795 379 1932 463 Bern.
1577 459 2165 547 ein alten rebman in der fl. Schuldt
1600 517 2176 590 heissin von Graffenriedt gutt se
1585 556 2177 617 der Chortreibel anzeigen, daß er
1637 591 2191 666 hußfrauw wegen hieuor ver¬
1584 629 2045 716 seichneter sach harhalte.
1626 800 2152 911 Contags 3. Nov. 1628
1807 885 2029 947 Exsenatu
1708 928 2074 1010 S. Bachselhoffer. Ind
1839 985 1963 1035 Minist
1629 1002 2127 1102 h. der an Schmid, H. Langhaus
1831 1073 1930 1126 ivib
1623 1108 2152 1191 H Gultzer herren Hirtz h Fischer.
1693 1247 2058 1348 dern. Thun.
1645 1345 2212 1423 Volffgang Jost der außwirth zum Zimmer¬
1651 1407 2204 1460 lüten alhie, wyl sich uß eines Mans
1652 1432 2221 1499 und einer wybsper son kundtschafft ung
1645 1472 2223 1529 Berichtschrybens von Thun befunden, daß
1651 1502 2214 1567 die abgestorbne Cathrin Similiger Imme
1646 1534 2228 1601 das Kind in Irem todbett zugeeignet, Ist
1652 1570 2200 1635 bekantlich worden, daß er mitt der
1647 1602 2229 1670 selben lybs gemeinschafft gehept, darueb
1658 1644 2215 1705 aber vermeldet, daß er nit wüssen, ob
1658 1673 2223 1746 sich das khind imme züchen möge, deß
1657 1714 2230 1784 wwegen begert, daß man erforschen
1676 1748 2239 1824 und imme namhafft machen wölle, an wel
1665 1784 2227 1851 chem ort es getoufft worden. Nach dem
1675 1815 2222 1894 aber söliches nit nötig, noch zum geschefft
1669 1860 2237 1929 eigentlich dienend befunden, vnd deß
1672 1887 2216 1975 wegen er, sich zubesinnen, ob er deß
1675 1916 2239 2013 khinds vatter oder nit hinab erkent, auch
1664 1953 2224 2044 ad pten, imme selbs ab Costen zehelffen
1673 1987 2240 2073 vermahnt worden, hatt er sich ergeben, den
1678 2027 2235 2107 knaben für den synen anzenemmen, und
1674 2060 2243 2157 Inskünfftig zu erzüchen, darzu er dann
1679 2090 2243 2200 ermahnt, und den fäler abzebüssen, uff
1689 2133 2242 2237 yne yngethendte Ursachen verschub biß
1684 2171 2241 2281 Martini imme, neben ufflag seines ver
1684 2196 2031 2281 teilgelts, ertheilt worden
1715 2257 2236 2410 Steber Engel. dieser
1732 2348 2251 2493 Vrena Käller hatt der Ehe ange¬
1738 2406 2056 2491 sprochen Cunraden Bad
1724 2440 2240 2560 mitt yntwenden der Eheverheiss
2078 2472 2242 2531 ein saldot
1725 2461 2250 2600 ung und libs gemeinschafft, weliche
1730 2496 2251 2644 beide stuck aber er allengelich gene
1714 2528 2244 2685 eehlige geschen den
2921 257 3010 332 25.
2301 324 2952 459 munds anzeigen vnd erhalten mussen,
2290 397 2967 506 sonderlichen, daß er sy erstlich in sin
2284 411 2992 529 er weid, demnach by Hans Zehl müllers
2284 463 2967 577 huß uffs minst 5 oder mal beschlaffen,
2283 505 2984 607 habe. Wil nun die vmbstend vndt
2288 545 2968 646 Kundtschafft inne schuldig gebend, Ist er
2280 584 2986 703 biß Mittwuchen In die gmeine. Nach
2280 629 2991 743 dem aber er darüber nochmalen by synem
2280 665 2983 772 laugnen, das Meitlin hingegen vff syn
2292 715 2981 810 er anklag verbliben, ist er biß uff fry
2279 769 2976 855 tag in die vndere, vnd es In die gmeine
2279 792 2992 907 gfangenschafft erkent worden, welche
2286 839 2957 935 Ihn sovil erweicht und belegt, daß er
2282 881 2962 985 den byschlaff endtlich bekent, der Worten
2276 922 2977 1013 vnd umbstend ouch, daruß sy die Thes
2285 965 2961 1065 sprechung geschlossen, nit ab syn können,
2290 999 2989 1093 jedoch dieselben nochmaln in ein schimpff
2291 1045 2975 1133 suchen wöllen. Wyl aber er mitt synem
2310 1088 2958 1176 obigen starcken lougnen pursachet, das
2300 1124 2991 1204 man Imme ouch diß orts dest minder glou
2293 1162 2986 1249 ben geben können, sind sy in betrachtung
2287 1202 2978 1282 dessen alles, vnd siner seignen geschwüstert
2302 1248 2984 1330 zügnuß, förmbtlich zusamen bekent, und
2298 1286 2976 1363 beidersyts in glübt uff guen worden, für
2299 1330 2991 1396 derlich und nach Inhalt der Satzung kilchen
2308 1369 2991 1446 recht zethun, neben vermahnung zu eh
2301 1404 2974 1481 licher geflicht, vnd Gott den herrn vmb syn
2305 1451 2619 1526 segen anzeruffen
2299 1491 2944 1564 An die E. zu Lotzwyl söliches schryben,
2318 1530 2974 1593 uff das sy hierüber ein uffsetzen habint
2304 1574 3001 1645 vnd Inne zu erstattung diser Vrteil haltend
2642 1635 2868 1751 Baggwyl
2319 1675 2505 1759 eedorff.
2317 1774 3000 1858 Barbli Mettenmundt, eins. Denne Ru¬
2336 1835 3018 1881 dolff Eggli der müller, so sy verfelt,
2332 1869 3019 1932 anders, und Hans Portenier, Ir Eheman
2343 1898 3024 1967 odesswegen hieuor syn Recht gezogen, drit
2336 1949 3027 2013 ten theils, sind von wegen deß spennigen
2323 1978 3018 2049 Khinds, weliches von ira in der zyt ein
2341 2022 3012 2090 fangen worden, da einer 8 tag nach den
2327 2060 3017 2114 anderen Ire lybsgemeinschafft gehept, er¬
2326 2099 2992 2165 schinnen, vnd habend allersyts vermeldet,
2324 2150 3001 2195 daß sy nit wüssen mögind, welichem
2326 2181 3007 2229 dasselbig eigentlich zugehöre. Desswegen
2324 2218 3019 2286 ouch nicht soliches zwyffelhafft verblyben
2323 2255 3020 2310 lassen, vnd die eigentliche wüssenschafft
2323 2299 3023 2357 Gott dem herren heimgestelt, In hoffnung
2339 2330 3017 2402 Er etwan hernach mittel glychen, daß
2343 2370 2989 2423 söliches gütlicher an tag kommen werde.
2369 2406 3020 2468 nd demnach obgemelte Thelut sich vor
2354 2441 3026 2509 nch. gegen einandern widrumb ver¬
2362 2474 3028 2537 unt und versprochen, widrumb zusame
2356 2509 3040 2575 zekehren, Ist erkent worden, daß sy bei¬
2362 2547 3010 2609 da das Khind zu sich nemmen, vnd mitt
2364 2574 3040 2662 fahl vnd rhat versorgen, hingegen der
