4032 3024
1312 357 1413 429 390.
1567 399 1872 501 Muleren
1399 491 1973 603 Bendicht Schmid, der gewesne Amman
1402 550 1988 651 hatt sich deß kilbewe vns halb er¬
1422 587 1965 676 schuldiget, daß er soliches nit ge¬
1416 622 1970 707 sechen, vnd dißmalen kein sondern
1410 669 1973 745 pflicht trage, daruff zeuchten, oder
1386 706 1972 778 dasselb angegeben, wyl er wieder
1394 765 1974 826 Amman, vf steher, noch sonst ein be¬
1388 795 1984 862 eydeter sie: Ist aber nit dest wein
1400 836 1986 898 ernstig vermahnt worden, so er der¬
1384 870 1990 949 glychen vntvesten ins künfftig sechen
1384 916 1988 992 oder höre, dasselb dem h. Einung
1391 960 1997 1042 zu gebürender abstraffung gesezen,
1387 1019 1993 1098 Bendicht Pfander aber, wyl er der
1419 1072 1996 1128 kirchen ordnung zu wider gehandlet
1417 1113 2008 1176 sölich vnwesen an einem sontag gestatte
1402 1148 1991 1212 vnd darneben aber gantz vnschuldig
1404 1192 2005 1250 yn, vnd keine personen angeben wölle
1401 1223 1988 1283 dann er den minsten theil kenne,
1400 1262 1983 1325 vnd sonsten nüt nütts sye, daß die
1407 1296 2000 1349 schnitter zu den dörfferen zusamen¬
1414 1335 1998 1388 kouffindt vnd sich wegen verrichter
1403 1379 1996 1433 arbeit mitt einandern erfrauwind,
1416 1403 2005 1476 er. sich besser zu bedencken, biß an
1394 1449 1858 1518 Mittwuchen hinab erkent,
1409 1496 1991 1568 Vnd die wyl vermeldet worden, daß
1417 1533 2008 1612 jetziger zyt Peter Hugi und Buri
1414 1573 2002 1655 Eschirren verordnete vfsecher, oder
1422 1612 2011 1694 Getzer syen, ist an Fry weibel hei
1428 1656 2005 1732 gschriben worden, sy uffen Mittwuchen
1414 1706 1631 1776 arzehalten.
1597 1779 1982 1860 Hertzogenbuchse
1435 1870 2017 1938 Jörg Schwander ist zwar bekantlich gsin,
1429 1933 2010 1990 daß er sitt dem letsten ußspruch mitt
1433 1950 2024 2029 ves sinders hußfrouw gessen und truncken
1424 2003 2023 2064 und andere usserliche gemeinschafft, dar
1423 2039 1996 2099 zu aber vrsach gehept, wyl er vnd Ir
1422 2065 2017 2144 bruder by dem sy wohnet) ein Gut
1421 2107 2004 2177 mitt einandern butkint, aber aller
1404 2146 1988 2225 ungebürlichen that geleugnet und syn
1409 2193 1997 2262 gmeinte vnschuld an Gott den Herren
1428 2226 1993 2305 züget, ouch vermeldet, wann er etwas
1414 2269 2020 2338 begangen, er solches nit laugnen wölte.
1423 2294 1999 2375 derwegen nicht es einmal Gott be¬
1429 2338 1985 2411 uelchend, wyl aber er nit ab syn
1441 2368 2015 2437 können, dann das er obberührts Gott
1422 2397 2020 2475 vbersechen, vnd domaln Inen angezeigt
1414 2435 2012 2521 worden, daß Inen vnere gmeinschafft
1414 2461 2038 2546 werde für die hat selbs in der strafen
1441 2505 2022 2601 namlich) gerechnet werden, Ist er
2628 362 2713 425 391
2053 436 2695 562 hinab in die gfangenschafft erkent, so
2061 497 2717 588 aber hinuff auch armysen geendert
2054 535 2722 634 worden, versuchen, ob sy etwas wy
2051 577 2558 672 ters bekennen Wellind
2245 631 2698 716 Abbußte Blumensten
2048 676 2735 788 der Weibel Christen Rufener vnd dauid
2044 772 2221 840 Böter etc.
2035 831 2702 998 HMittwuchen. 2. Septembr. 1629.
2129 961 2493 1045 5. Tachselhoffer. Ind.
2010 985 2095 1052 Exsen.
2136 1006 2689 1083 Er daran Schmid. S. Rütimegen
2095 1022 2133 1097 .
2016 1041 2092 1095 kin.
2138 1061 2534 1141 h. Koch hr. Monnier.
2024 1083 2093 1141 Civ.
2351 1183 2517 1272 pfferdt
2071 1149 2295 1271 Baulmeis
2054 1275 2684 1382 Andria Galle hatt wider Anthomi
2088 1338 2686 1410 praz den Jüngern, Iren vor 140 der 15
2073 1370 2683 1449 Jaren estrettnen Eheman, nach ge¬
2083 1394 2740 1476 meiner form ein Ausbrieff an Cantzel
2080 1457 2479 1528 zu Bauleds, erlanget.
2266 1523 2457 1600 eurburg.
2079 1588 2741 1679 Wegen Hans Gloren dem hr. landtvogt, so
2095 1653 2727 1718 begert, man Imme ein Copi desselben wider
2082 1679 2738 1752 Inne in ußführung deß Ehehandels zwüschen
2080 1729 2699 1782 Ihm und Cathrin hußmann in gethaner
2075 1753 2730 1824 clegten uß dem Manual zuschicken wölte
2082 1792 2720 1865 Antwort, daß gemelter Glor starck
2088 1834 2723 1903 uff bewysung getrung und zu erzeigen sich
2085 1872 2755 1936 vßthan, das andere mehr mitt ira zeschaffen
2085 1913 2758 1966 gehept, vnd er deßwegen vrsach habe, sich deß
2094 1945 2736 2016 khinds zu widrigen, ouch sich rund verlute
2088 1988 2748 2049 lassen, das er albereit vorm vndern Chor
2085 2027 2723 2095 gricht ein glyches begert vnd anerbotten
2082 2061 2740 2128 habe, dahar ich imme herren landtvogt
2073 2097 2752 2164 beuolchen, yn kundtschafft hierüber ze¬
2075 2136 2736 2209 Thören. Wyl aber dessen vnangsechen
2101 2179 2729 2232 lut synes berichts er derselben siderhan
2090 2217 2738 2284 mit nachgesetzt, noch einiche kundtschafft zu¬
2098 2256 2718 2314 stellen vnderstanden, ouch die Warheit
2100 2294 2728 2363 gespart, sölle die sither erlittne ge¬
2098 2330 2738 2406 fangenschafft syn straff und imme ufer¬
2106 2372 2742 2444 legt syn, so er syn gegenpart durch sein
2104 2404 2732 2476 fürgeben vnd nit stellung der Kundtsch
2106 2445 2754 2519 Ihn Costen geworffen, tra denselben ab¬
2236 2476 2785 2551 Im übrigen lassinds nicht durch uf
2116 2496 2228 2552 zetragen
2112 2523 2603 2590 by vorgehnder urteil beilenden etc.
