4032 3024
1527 296 1631 362 104.
1591 372 2187 488 5 tags 19 Jan. 1629
1796 432 2028 508 Ex Senatu
1611 472 2196 587 5 vnd von Werdt Jud. Ste Tachselle
1831 529 1998 606 Schlinist
1597 564 2175 674 h. decan Schmid, Hr. Langhans
1831 641 1929 717 Lit.
1586 680 2168 793 Hr. Sultzer Hirtz, Fischer
1677 841 2172 949 vorlouffen. Bollingen
1577 959 2187 1053 Michel Baldenweg ist nach Inhalt
1619 1019 2179 1098 Rchatzedels fürgehalten worden, das
1598 1056 2159 1134 er von Hans Zubachers hußfrouwen
1589 1086 2182 1175 seligen begrebnuß wegen ein mal
1604 1135 2165 1209 gehalten, vnd by 5 Cronen Costen das
1606 1167 2177 1251 mitt vffgetriben habe. Wyl aber
1609 1203 2165 1286 er sich darüber etlicher massen ent¬
1601 1242 2166 1318 schuldiget, vnd sonderlich dahin dütet,
1592 1286 2142 1365 das nit Er sondern Bendicht Wittschi
1594 1319 2179 1404 als dem das erb zugefallen, deß grobe
1597 1355 2167 1435 mals anzettler, vnd Er allein bura
1589 1395 2151 1470 darfür gsin sye, und dann ouch der herren
1590 1431 2153 1510 predicant demselben beygewohnt
1591 1475 2168 1560 haben sol, Ist erkent, das sy all dry
1591 1502 2160 1591 vff nechstke mittwuchen, zu er¬
1580 1546 2159 1641 fahrung der rechten warheit, hiemitt
1606 1592 2029 1666 einandern erschynen söllint.
1591 1624 2060 1726 An amman darumb schryben.
1776 1723 1903 1808 Belp.
1587 1774 2151 1886 Wyl Verena Kleüw erscheint, die
1603 1830 2149 1924 citation wider Ruff Eschantz iren
1603 1855 2140 1967 Eheman ordenlich verführt ze haben.
1609 1889 2150 2004 vnd er aber nit begegnet, Ist Ic
1602 1921 2139 2047 ein Scheidbrieff, mitt zu spruch Lo¬
1604 1962 2118 2066 stens, ad formam ertheilt, vnd
1594 1996 2144 2118 demnach dem fry weibel, der Ver¬
1622 2043 2155 2167 wysung halb zugeschriben worden.
1763 2137 1959 2222 Dimis.
1660 2194 2137 2330 ein herren Castlan über syn urgieren
1616 2237 2125 2373 umb bescheid, ob einer syner hußst
1621 2268 2118 2396 seligen Schwester Sohnsfrouw zue
1634 2302 1901 2396 de nemmen ungen
1919 2366 2130 2445 entworten,
1645 2341 2139 2480 sölicher casus, denselben eigent¬
1632 2366 2120 2514 verlesen den sachen
1622 2398 2097 2546 dn der als ein ein
1636 2433 1935 2552 de herrlicher
1628 2470 1996 2605 en der etlichen ster
1945 2508 2139 2583 stein Geist.
2013 2563 2159 2641 geschlagen
2920 290 3017 356 105.
2288 368 3016 475 se deßwegen sölle er die Jenigen, so es
2294 424 3007 505 antrifft, vermahnen, das sy einmal
2313 461 2987 539 nit wyter fürschryben, noch sich gegen
2292 504 3015 592 einandern vergryffen, sondern deß
2302 545 2816 643 ußtrags erwarten söllindt
2458 640 2809 729 Ruggisperg.
2308 704 2957 791 Obwol Uli Graffenriedts halb Jarig
2313 749 2978 821 vartzil, sitt dem er von Barbli Haf
2299 783 3005 862 gescheiden worden, noch nit gar ver¬
2306 823 2976 888 flossen, Jedoch, wyl nicht sich dessen, wie¬
2311 866 2973 939 sich hieuor zwüschen Inen verloffen, noch
2303 903 2962 972 guter maßen, zu erinneren gewüßt,
2293 941 2952 1015 vnd kein Versunung zwüschen Inen Ze
2306 985 2948 1057 verhoffen, Ist er nit wister vfgehalten
2295 1020 2979 1095 sondern In die fryheit gesetzt worden,
2298 1062 2976 1139 sich widerumb anderswo zu ver¬
2305 1110 2446 1174 ehlichen.
2526 1155 2980 1243 Bern Ober spittal
2282 1238 2968 1307 G. Lienhardt von Werdts magd hatt er
2298 1302 2971 1350 meldet, sy wüsse von Barbli Ruchs und
2306 1333 2932 1390 ehlichen Kindt anders mit, denn das
2289 1364 2982 1418 der frouwen tochter einsmals, als
2293 1398 2976 1466 man dasselb zum H. Touffe getragen, ab
2302 1447 2982 1500 der gassen heim Ins huß bracht, an
2301 1481 3003 1546 touffe dem Stürler zwey Kindt, habe
2293 1526 2995 1590 aber kein grundt. Vnd die Wyl dann
2286 1558 2963 1621 anzogen worden, das desselben hußfrauw
2288 1594 2953 1665 vff ein gwüsse zyt einem nicht
2286 1641 2972 1709 erzelt, das sy den lagneyen vnd Ire magd
2284 1669 2961 1757 by Sein andern ob der that gefunden
2279 1726 3001 1787 habe etc. Ist erkent, das der gemelten Barb
2315 1766 3003 1837 vffen Mittwuchen wider gepotten, vnd
2276 1774 2963 1880 der ein vnd ander umbstand flyssig
2287 1839 2964 1907 von Ire erforschet weden sölle. Zū¬
2287 1885 2947 1946 sechen, ob es mitt dem Jenigen, so die
2295 1916 2958 1994 fr. Stürleren eröffnet, über ein stim
2300 1948 2776 2029 men vnd zu treffen wölle.
2500 2024 2635 2108 Bern.
2302 2098 2939 2188 dani Commet der Sattler, hatt erstlich son¬
2318 2153 2930 2215 derbar mitt bystand syner muter,
2307 2195 2910 2248 und synes brudern, deß Schrybers
2301 2221 2928 2282 sich ab H. Josue Bruner, dem kilche
2294 2260 2933 2329 meyer, synem Stieffvatter, erklagt,
2296 2294 2925 2359 wie das derselbig Inne, als er vschinner
2312 2342 2905 2395 tagen von etwas gschefften wegen zu
2300 2370 2897 2423 ira, syner muter ins huß kommen
2305 2401 2902 2461 vnd sich hinder den offen gesetzt, nit
2307 2437 2886 2500 allein mitt worten, sondern ouch
2296 2474 2895 2534 mitt streichen dermassen euch ein
2312 2510 2903 2579 pfangen, das er Imme mitt einem dri
2324 2546 2922 2627 ggigen ellstecken ein Wunden Ins
