4032 3024
1478 269 1551 349 76.
1542 336 2155 468 Ouch jedem, wyl sy in einem hab
1551 406 2163 498 sitz und trunck die sach fürgenoßen
1549 445 2162 538 men, zu künfftiger warnung 8 lb
1543 483 1840 557 vferlegt worde
1783 564 2005 648 orcelles.
1771 608 2011 699 Vätterlingen
1763 665 1943 740 Savoy.
1555 742 2111 838 Qua Charbuens hatt wider
1548 811 2141 881 Clande de la Condreaz, Iren The¬
1549 845 2124 921 man, ein Rūfbrieff begert, vnd
1555 880 2130 950 fürgeben, daß er vssem landt
1558 922 2134 1011 geloffen, vnd sy inne, vber flys¬
1564 962 2122 1035 igs nachforschen, nirgents er¬
1548 1003 2124 1086 fragen können. Wyl aber sy
1557 1049 2117 1115 mitt lagen henden dahar kommen
1574 1091 2110 1157 st sy hinder sich an das Chorge
1547 1131 2145 1200 zu Pätterlinge, umb ein gloubwur
1550 1169 1993 1245 digen Schyn gewisen worden,
1979 1252 2051 1322 .
1722 1270 1872 1343 engg.
1561 1361 2161 1464 Hans Marggi Jeman Madlen Trüt,
1564 1413 2129 1480 hardt, einer wittfrouwen, die
1565 1446 2150 1523 wegen sy kindts nähig, nit selbs er¬
1579 1480 2138 1554 schynen können, hatt wider Alexan¬
1564 1518 2126 1598 der zbären klagt, wie daß derselb
1567 1557 2149 1643 vermittlist vorhar gangner Ehever¬
1574 1600 2143 1680 prechung, sy beschlaffen und geschwen
1585 1644 2125 1726 geret, ouch über das, als sy beide
1574 1674 2125 1758 hieuor alhar gewisen, vnd albereit
1598 1722 2132 1800 zweysimmen angelangt waren,
1555 1754 2136 1849 uff deß H. Castlaus vnd der Clegen
1613 1795 2133 1876 ünden zusprechen, und verströsten,
1552 1821 2113 1920 fals er sich ehr, vnd gebürlich zu¬
1573 1861 2106 1962 stellen, ein gantze fründtsche Imme
1560 1905 2151 2018 die handt piet, vnd etwas ze huß
1574 1937 2118 2043 tühr geben wir, uß sölicher be¬
1555 1982 2126 2086 wegnuß sich begeben, und inen hoff¬
1570 2015 2114 2125 nung gemacht, sye zu kilchen ze
1552 2049 2113 2167 fuhren, ja dem H. Castlan soliches
1584 2089 2120 2201 In die handt glößt, widrumb zu
1584 2133 2109 2248 auck kehrt, und den heimweg ge¬
1554 2166 2087 2282 mmen habe, deßwegen vff er¬
1577 2213 2110 2323 tattung sines begebens vnd ver¬
1582 2242 1887 2339 viehens getrungen,
1905 2298 2126 2370 Dargegen
1581 2289 2077 2391 er zwar deß byschlaffs, aber der
1580 2315 2105 2448 anfenglichen Eheverheissung nit be¬
1579 2353 2098 2479 kantlich gsin, und dann fürs anderen
1586 2380 2103 2524 sich entschuldiget, wie das er dem H
1582 2425 2109 2558 astlan, sye zu ehlichen, andrist nit
1604 2459 2076 2604 verlegen ein der rechten
1624 2499 2101 2639 welches den geschehen
2332 312 2989 432 nun aber Imme die fründ selbs als
2333 356 3013 459 weliche nit zugegen gsin syen) nüt
2322 402 3020 503 verheissen, vnd deß orts ouch nüt thun
2332 451 3021 543 wöllen, vnd hiemitt die condition nit
2328 496 3014 594 erfüllt worden sie, um eine Er¬
2336 533 3021 620 tra nüt wyters zehalten schuldig syn,
2324 566 2987 660 völle ouch Iren nüt, es sye dann, daz
2332 606 3010 705 die fründt Imme von Irent wegen et-
2345 649 2994 748 das vor der handt vnd vor allem
2320 689 2982 794 kilchgang ußrichtind. Wyl nun
2325 730 2965 828 er sich gantz eintönig gestelt, Ist
2319 780 2938 862 Er biß monte hinab erkent
2602 894 2883 972 Campelen
2340 896 2567 988 Bargl
2336 994 3021 1076 Benicht Schürer, ein gestandner gsell,
2338 1055 3011 1116 hatt ein 13. järigs töchterlin, Nacus
2323 1105 2998 1159 Barbara Forster, der Ehe angsprochen
2327 1130 3002 1186 vnd vermeint, es imme dahin zuer¬
2322 1176 2984 1229 kent reden sölle, wyl es imme die
2333 1203 2981 1279 selb jüngst verruckten herbsts, mitt
2326 1252 3002 1313 villfahrung der Muter vnd Stieff¬
2324 1297 3013 1350 Vatters, uff syn anweiben hin, verheiss¬
2317 1328 3004 1401 en, vnd ob es schon imme den angebott¬
2321 1372 2994 1442 nen ehepfennig nit abnemmen wöllen
2328 1412 2978 1467 Jedoch denselben siner Muter zugeben
2336 1457 2615 1522 beūolhen habe.
2616 1452 3005 1525 Dargegen Wil¬
2329 1497 2984 1552 helm Böntzlin, dem sy nun In die 10.
2327 1546 2974 1609 jar lang vögtlicher Wyß zu versprechen
2324 1584 2959 1646 gstanden, Ingewandt, das was sich
2322 1624 2984 1694 deß orts zu tragen, imme alles hinder
2329 1669 2982 1739 rucks und ohne syn wüssen und be¬
2322 1716 2961 1781 willigung zugangen, und deß wege
2332 1753 2944 1827 wyl sie noch vnd Jaren, den zur
2339 1798 2965 1870 zethun begert, sich hierumb vff
2334 1843 2963 1913 die satzung beruffende, In ansel¬
2371 1887 3013 1958 velchessin, vnd deß meitlins ver¬
2348 1929 2992 2001 neinung obberührter Clag, dieselb
2328 1970 2980 2040 als vngerymt, vffgehept, vnd beiden
2342 2016 2975 2087 erloupt worden, sich anderfahrt nach
2335 2059 3006 2129 glück zu sehlichen jedoch mitt hinzu¬
2339 2102 3004 2171 gesetzter vermahnung, das ers zuechst
2322 2151 2961 2215 förmlicher vnd mitt einer pson
2346 2184 2973 2254 gnugsamen alters, das meitli aber
2330 2225 2980 2286 ouch one bewilligung und vorwüssen
2341 2265 3007 2335 deß vogts und der fründen nüt für
2335 2308 2953 2372 nemmen, vnd sich zuuor In Inhen
2341 2333 3019 2420 deß heils vnd Ehestands besser vnder¬
2336 2385 3004 2461 richten lassen solle. Was den Costen be¬
2336 2426 3008 2505 trifft, Ist derselb von begangner vn¬
2342 2477 3008 2541 rymligkeit wegen dem Ansprechen,
2353 2513 3007 2580 und darzu imme noch 5 lb deß meit
2355 2551 3008 2608 is muter ab 3 lb den zu wolvendien
2356 2583 3004 2664 ter straff vfferlegt, vnd Im vbrig
