4032 3024
1328 335 1422 414 250.
1401 388 1975 504 Scheidbrieffs, vnd mitt namen die
1419 451 1989 547 erste vff Osteren verfalne bezalun
1404 484 1998 602 ohne wytern verzug, by peen abtrag
1403 530 1998 634 costens erleggen vnd ußrichten, vnd
1382 565 2011 691 der Costen diser Instantz vfgehept sin
1640 642 1755 706 Basel
1650 695 1878 782 oberwangen
1377 730 2003 858 Salome Holtzschuch hatt, neben zulag einer
1419 800 2009 889 schrybens, sich ab Hans Ulrich Kleiner
1402 832 2005 924 erklagt, wie daß er sy vermittliste
1406 874 1989 958 Eheversprechung geschwenget, vnd sie
1400 910 1988 1006 volgents verlassen habe, deßwegen
1400 952 1988 1033 vmb fürsechung gepatten. Darüber
1395 995 2002 1091 dem Chor weibel beuolchen worden, dem
1387 1035 1999 1129 vatter uffen Montag harzu pieten, von
1399 1073 2008 1165 imme zu vernemmen, wo der sohn sye, und
1389 1124 1998 1210 ob er, der Vatter, das Kind, wann es
1395 1160 2011 1249 nun an die Welt geboren, werde annem¬
1400 1199 1594 1269 nen wöllen.
1380 1268 1893 1376 ferrenbalm Liberen.
1384 1368 1949 1468 ß Hans Jacob Tüfelbeißen vnd deßen
1386 1424 1964 1499 Bruchschnyders relation hatt sich der
1402 1464 1966 1537 stucken, so Vrsula Remundt wider
1410 1500 2001 1582 deter Möri Iren Eheman geklagt, keine
1394 1535 1989 1621 erfinden mögen, uß genommen schenckels
1380 1581 1988 1658 halb, der zwar offen, aber wol zu¬
1378 1613 1812 1688 curieren, vnd nit ein Vrsach,
1802 1639 1995 1702 sye, das sy imme
1384 1655 1709 1721 nit bywohnen möge.
1701 1670 1809 1727 .
1815 1676 1987 1737 derhalben
1387 1697 1960 1776 vnd die wyl er ouch beneben fürgeben,
1386 1732 1985 1813 Ire sölichen schaden anfengelich nit ver¬
1382 1763 1989 1853 halten, sonder geoffenbaret ze haben,
1375 1803 1980 1890 sind sy formlich widerumb zusamen
1389 1841 1991 1923 zekent, vnd zu beiden theilen zu schuldig
1381 1883 1999 1970 ehlichen pflicht, sonderlichen sy zu ver¬
1373 1925 1981 2015 lassung alles vnwillens vermahnt, vnd
1365 1970 1982 2056 Im übrigen erkent worden, das die ver¬
1380 2004 1977 2096 loffnen wort (deren die Ehrbarkeit
1381 2046 1969 2136 sich ab ira schrifftlich erklagt, fals
1381 2088 1978 2173 sy mitt einer glüpt in deß richters
1386 2129 1961 2218 handt erkenne, nüt ungebürlichs und
1362 2164 1962 2254 das sy anders nüt gethan, dann was inne
1363 2203 1983 2298 sampts halb zugestanden, ze wüssen, uf¬
1376 2250 1970 2335 gehept, vnd so sy eins oder mehr Gast¬
1380 2296 1972 2377 gricht gehalten, gesagte Vrsel fürze¬
1362 2330 1975 2422 des derselben 2 lb aber wyters nit
1365 2360 1963 2464 den Chorrichteren zu entrichten schuldig
1381 2403 1979 2495 yn, Sie sich darmitt gnugen vnd we
1372 2440 1975 2550 ters nit forden söllint. Wyl aber
2620 289 2707 353 251.
2068 360 2701 512 sy ferner mitt imme huß gehalten nit globen
2067 431 2689 556 sondern ich das landt myden wöllen,
2080 478 2644 594 st sie bis montag hinab erkent.
2254 549 2558 644 Müllenberg
2086 610 2714 738 Hans Hinsinger hatt Elßbeth Saluisperg
2075 675 2682 771 der Ehe angesprochen, vnd fürgeben,
2066 715 2682 814 das sy nit allein den byschlaf mitt imme
2071 755 2671 873 vbracht, sondern ouch die the vfrecht
2078 816 2653 898 vnd redlich verheißen habe, die tochter
2077 849 2704 944 aber neben Meinung derselben, sampt
2078 894 2703 997 den fründen inne verdenckt, das er sy mitt
2068 936 2714 1040 fulen kunsten zu synem Willen gebracht
2091 983 2713 1080 habe. Ob nun glychwol dasselb zwey¬
2083 1033 2719 1131 felhafft, wyl er etwas derglychen ge¬
2088 1083 2714 1166 redt ze haben nit absyn können, hatt er
2078 1128 2759 1219 doch einicher bösen kunsten weder gutiglich,
2077 1184 2763 1262 noch vff ernstiges zusprechen, vnd dar¬
2093 1221 2729 1293 umb sitt dem Mittwuchen erlittne
2095 1273 2719 1350 pfangensch. bekantlich weden wöllen
2083 1320 2749 1391 derhalben zwüschen Inen erkent vnd gesprochen,
2086 1377 2732 1427 diewyl die tochter imme keiner the versprechen
2104 1403 2703 1467 ung gestendig, vnd inne zu ehlichen keins
2095 1447 2727 1511 wegs willig, Er auch dieselbe nit erwisen
2079 1489 2738 1558 Vnd wann die glychwol geschechen were,
2108 1527 2734 1594 öliches doch vnd der gantz handel Irer d
2108 1574 2726 1641 tochter Muter, fründen vnd verwandten
2107 1614 2719 1679 hinderrucks zugangen, die nun imme die
2106 1657 2735 1728 tochter nit lassen, sondern sy der under¬
2102 1700 2734 1770 järigkeit halb (wyl sy erst 16 Jar
2097 1738 2725 1811 all, darnen Zūchen wöllen, daß
2105 1784 2736 1858 deßwegen sy von ein andern gescheiden, vnd
2107 1828 2742 1914 Zetwädernn, sich anderfahrt zu sehlichen
2110 1870 2743 1962 erloupt, Ouch der Costen von deß besten
2105 1920 2756 2002 wegen vfgehept, Imme aber hieby sonder¬
2095 1960 2748 2040 lich yngebunden sein sölle, sich aller gleid
2102 2009 2767 2093 und ynführung gegen ehrlicher lüten kinden
2101 2045 2764 2133 by betroüwter straff zeuber heben, zwa
2103 2094 2771 2181 dann sich zuskünfftig fürsichtiger zehr
2103 2131 2769 2221 halten und nüt one irer muter und se
2105 2172 2779 2280 wandten rhat, wüssen und willen für je¬
2110 2226 2763 2318 nemmen, söllend ouch angentz hie ab¬
2110 2256 2231 2326 büssen
2113 2310 2657 2416 Stengen. Bern. Sedorff.
2104 2391 2767 2481 Hans Geörg Gruner dem gärb ist er-
2122 2454 2767 2515 loupt worden, mitt Margreth Schnell,
2119 2485 2766 2565 H. Berners Wittwen zu Seedorff
2123 2528 2453 2588 kilchenrecht ze thun
2541 2536 2746 2602 Ledel an
2120 2565 2767 2656 hr predict. 11 Margret von Werdt
