4032 3024
1497 318 1562 379 W.
1535 338 2145 434 Rebman, so Madlen Vallig, der
1623 402 2157 495 Manuelin dienstmagd, geech¬
1549 413 2146 512 luchet, habend vmb den Kilchgang
1557 479 2141 566 angehalten. Wyl aber by mich
1545 523 2135 604 deß ein: vnd andern, sonderlich
1549 579 2168 652 der ersten party halb, etwas hin¬
1555 608 2145 683 dernuß fürgefallen, sind
1573 652 2147 737 sy biß uffen frytag remitt
1560 704 2150 790 iert, vnd mir beuolchen worden,
1555 743 2146 822 deß baders sachen vff den Ma¬
1557 788 1936 860 nnalen nachgeschlach
1690 869 2023 968 ferkenbalen
1593 961 1802 1032 Jacob Stöckli
1799 979 2159 1055 Ist uff syn fürgeben,
1571 1023 2137 1076 das er dem Jacob Schwytzer an syner
1569 1056 2152 1131 insprach etwas gelts gewärt habe,
1573 1091 2128 1155 und yngelegten fürtrag anzeigt
1576 1139 2107 1203 worden, daß so er etwas an G
1583 1166 2150 1248 Bawertschi zusprechen, er ihn fründt,
1584 1214 2127 1281 lich darumb ersuchen, So er dann
1573 1249 2114 1328 Imme nit begegnete, alldann hie sich
1579 1288 2153 1376 widrumb anmelden sölle und möge.
1764 1361 1894 1447 dern.
1575 1437 2147 1514 Alsdann H. Amalia von Watten¬
1585 1478 2148 1563 wyl, zu Samuel Tschiffelis Ehewyb,
1568 1515 2097 1591 sowol spilens, ouch in abwesen
1569 1549 2099 1625 desselben Ires Ehemans, als vn
1573 1586 2119 1669 anstendigen verkleidens, verleidet
1585 1628 2091 1709 Ist erstlich verschinnen montags
1580 1654 2091 1738 M. Michel Meyer, der schumach
1584 1693 2107 1787 im undern stübli ires zinßhuses
1583 1731 2119 1823 rohnende, verhört worden, der ab
1582 1762 2125 1861 anders nüt anzeigen wöllen, denn
1579 1800 2089 1897 das zwar vil herren da uß: vnd
1578 1837 2090 1944 yn gangind, wüsse aber vom spilen
1579 1884 1962 1972 noch anderen sachen mit
1584 1924 2084 2054 Hans Weibel, zu lagney, hatt, neben
1583 1961 2075 2079 namsung etlicher psonen, so für
1583 1989 2080 2117 nemmlich ins huß wandlint, ver¬
1578 2025 2085 2132 meldet, es sye nit minder, denn
1573 2054 2083 2181 daß Ir Hans Rudolff von Erlachs
1578 2093 2136 2222 s laquei Namens Ludi Gotspan
1579 2126 2112 2255 mitt der frouwen gespilt, daß
1582 2159 2116 2290 aber sy (wie imme fürgehalten worden,
1584 2200 2127 2327 mitt demselben doublonen verspilt
1585 2245 2135 2370 vnd das Hans Dubach darby, oder sonste
1577 2282 2158 2428 hemalen im huß gsin sye, daruon wüsse
1591 2313 2119 2447 er nüt fürs ander könne er nit
1589 2336 2116 2475 vneinen, denn daß die frouw vnd
1595 2385 2126 2523 die dienstmagd, etwas zyts nach Mar
1606 2413 2117 2567 ielte eine in den se
1587 2445 2142 2614 delte sich eingere
2908 240 2991 293 111.
2324 297 2941 420 8 Vhren also hinüber in Herren
2328 362 2988 456 vnuer von Erlachs huß gangen,
2319 398 2940 503 vnd die tochter, so noch kranck
2326 444 2933 553 gelegen, besucht, vnd das er zuen
2325 498 2754 599 darzu gezündtet habe
2304 533 2932 657 Anni Sandtmeyer vor Lentzburg,
2319 603 2952 688 die dienstmagd ist bekantlich gsin,
2295 643 2926 733 das die frouw deß mehr grün, es
2299 685 2915 766 aber ein brun Kleid, und darzu
2312 722 2944 807 beide Mäntel vnd wehr angelegt,
2296 768 2930 857 vnd Inslicher wyß Ehrngemelts
2297 808 2973 892 G Venners kranck gewesne Tochten
2305 853 2988 935 In Irem gmach besucht habindt. Ent¬
2298 894 3003 982 schuldiget sich aber syns theils, der sol¬
2280 935 2974 1016 sches one der freucken gheiß vnd zu mute
2297 982 2989 1048 nit geschechen were, die imme ouch zu be¬
2300 1018 2978 1101 fürderung disers spils die knöpff
2297 1070 2595 1140 zugethan habe
2296 1095 2936 1183 hin übrigen vermeldet, das keine Mans
2287 1156 2938 1214 sonen da vß vnd ynwandlet, denn
2286 1197 2957 1255 weliche der H. mitt Ihm heimbringe,
2288 1230 2956 1303 vnd Allein, wann er daheimen seye etc
2393 1270 2726 1350 Zieruff erkent
2301 1287 2364 1360 .
2303 1329 2929 1403 Es solle nit allein gemelte Magd
2287 1382 2944 1441 sondern ouch der herr vnd die frouw
2309 1410 2839 1484 vffm frytag citiert wen
2316 1546 2825 1653 Frytags 23. jan 1629.
2295 1618 2628 1704 pt. Ex Senatu
2345 1676 2960 1769 S. S. von Werdt. Ind. G. dachselh.
2479 1737 2668 1813 Minist.
2289 1776 2782 1868 Hr. Schmid H. Langhaus.
2503 1860 2603 1946 Civ.
2324 1916 2976 2008 S Gultzer h. Hirtz, Fischer im tag.
2531 1998 2685 2087 Thun.
2318 2073 2941 2166 Vff S. Cupold Christens, daraus daselbst
2317 2142 2944 2201 und deß Ammans zu dießbach schrifft¬
2300 2167 2928 2236 lich begeren, Inen Innen vnd wegen
2311 2212 2943 2277 S. Andres Schrybers, deß helffers gegen
2313 2242 2965 2314 uch den Geistlichen vmb abnemmung
2301 2297 2967 2340 eines Gültbrieffs zu handen deß Schul¬
2293 2326 2913 2390 seckels zeverhelffen, syne schulden dar
2303 2373 2937 2430 durch ein wenig zu stillen, Ist der Er
2287 2412 2958 2467 Richter angesprochen worden, mitt dem
2309 2443 2953 2512 S. Stifftschaffner und schul deckelnd
2298 2481 2630 2556 hierumb zu reden
