4032 3024
1463 295 1549 366 80
1504 372 2171 492 Sambstags 13 decemb. 1623.
1623 430 1768 515 uß sam
1779 439 2108 528 eig Chor Weibels
1805 490 2074 563 verfertiget
1522 600 2119 717 Ein Tedel an pred zu Bümplic
1525 664 2094 738 Simeon Rismen von Schopffen
1528 705 2132 774 uß der Murggraffsch. Baden
1512 737 2146 842 mitt Anna Berner, ynzuseg,
1521 789 1601 844 nen.
1529 874 2118 972 ind einen anpred. zu Bollingen,
1575 930 2063 1002 Hans Büttenberger vom
1556 970 2140 1029 Ballenburg ein papyrer mitt
1550 1008 2134 1083 athrin Wattli von Arburg, ehlich
1546 1047 1761 1117 zuzusegnen
1514 1090 2122 1186 Beides mitt gewohntem anhang
1558 1154 2119 1231 der annemmung oder fort züch
1552 1181 1970 1262 ung zu Monatsfrist etc.
1520 1308 2118 1446 Montags 15 decembris 1628.
1759 1420 1945 1479 ex senatu.
1576 1435 1989 1536 dachselhoffer. Indes
1537 1481 1956 1566 hr Venner von Werdt.
1731 1531 1898 1622 Schlinist
1552 1570 1860 1663 S. der an Schmid.
1764 1654 1844 1716 iv.
1558 1660 2010 1781 h Sultzer hr. Hirtz
1719 1783 1914 1877 Wimis
1564 1867 2133 1948 u S. Peter Schnells Castlaus da¬
1570 1904 2154 1997 selbst, mundtlich gethane rhats frag,
1573 1941 2119 2030 Ob einer siner Ampts angehörig
1567 1975 2120 2068 syner frouwen schwester Somis
1567 2011 1635 2061 ryb
1646 2020 2115 2108 zur ehe nemmen möge, oder
1558 2049 2114 2145 nit, ist sölicher staffel von dem
1564 2086 2130 2190 einen theil wyl die Jenige pson,
1558 2115 2107 2212 so zur Ehe begert wirt dem be¬
1554 2150 2105 2255 gerenden vnd bessen huß frouwen
1556 2202 2113 2301 mitt keiner bluts verwandt, sonder
1558 2228 2160 2340 allein mitt schwagerschafft zugethan,
1567 2272 2130 2381 für zuläßlich, von dem andern theil
1563 2298 2141 2428 aber für unzuläßlich geachtet, deß¬
1561 2337 2122 2482 wegen, besser uff die mag zu legen
1543 2375 1911 2468 zugestelt worden.
1853 2488 1997 2584 en Haldig
1666 2472 1985 2622 slichen anderen
2930 269 2996 336 81.
2350 356 2995 474 Schwartzenburg. Waleren.
2335 456 2984 562 Hr. Hans Bastian Rychiner landtvogt
2336 514 3003 589 daselbst, hatt mynen Herren fürbracht,
2335 556 3010 622 wie daß S. Peter Mülheim, predicant
2345 595 2994 661 zu Maleren, sich vmb ein brieff, 400 Rth
2347 638 2981 708 zuhaltend, wider die Ordnung bezalt
2344 669 2990 745 gemacht, vnd denne ein Schuldbrieff
2339 719 3003 798 vff den Hächter, vmb 55. R. mitt syn
2336 751 3018 838 ein primitz vnd höüw uffgericht, ob er
2324 799 2987 870 schon Ime das gelt darzelt habe: Vo¬
2335 840 2990 906 velichen beiden stucken, wie ouch syn
2342 877 3003 953 ein vnerloupten wyn verschencken, vnd
2334 918 2987 982 einer sach, so syn h. Peters hußfrouw
2332 963 3003 1032 alhie vor Chorgricht gehept, vnd zwar
2324 1001 2994 1062 alda hingelegt worden, Er Imme die
2323 1041 3005 1105 buß abfordere: Mitt begeren, Ime
2311 1082 3025 1144 soliches by der glegenheit, da man ohne
2314 1122 3004 1195 das mitt imme zu reden, für: vnd inne
2329 1165 3003 1238 zur bezalung gehalten, ouch anzuzeigen,
2308 1212 3011 1287 wo er der ersten zweyen puncten nit
2327 1249 3001 1316 gestendig, Er Inne deren vberwysen
2437 1292 3002 1365 Wyl aber soliches alles
2322 1294 2438 1359 völle
2342 1333 3012 1409 u der sach, darumb es dißmaln zethun,
2328 1377 2983 1451 mit dienet, Ist dasselb an syn ort vnd
2328 1424 2660 1505 zyt verschoben worden.
2532 1504 2699 1590 hanen
2331 1570 2990 1639 Wilhelm Hutzli, mitt bystand Landt¬
2332 1624 2956 1676 amman Joder Galdis, hatt wider
2328 1661 2985 1725 Margreth Tüller syn Ehewyb ynge¬
2349 1703 2998 1761 vendt, wie dz sy imme, vnd anderen
2343 1738 3004 1809 Ehrenlütz geoffenbaret vnd geklagt,
2337 1783 2977 1851 das sy mitt Hans Wini in fleischliche
2339 1816 2977 1894 wercken ze thun gehept, welicher sy
2327 1865 2982 1935 darzu überrungen vnd notzwungen
2328 1896 2428 1959 habe.
2422 1904 2982 1971 Dahar die schidigung wider
2316 1941 3002 2014 Sya gesucht. Dargegen sy der that
2324 1982 2988 2048 nit ab syn können, sich aber nochmaln
2330 2027 2989 2097 mitt für gebnem nit zwang beschönen
2323 2070 2983 2134 völlen, deßwegen vermeint, fra
2326 2104 2963 2157 ßliches vnschädlich, vnd Irem Eheman
2335 2155 2990 2216 urschidigung ungültig syn sölle, umb
2318 2190 2962 2254 ouil mehr, wyl er sy über geoffen
2323 2226 2987 2284 barete that nit allein Im huß geduldet
2315 2278 2979 2317 sondern ouch ira dieselb vzigen, vnd
2322 2309 2763 2370 als ein Eheman darüber
2762 2316 2983 2374 bywohnung
2317 2351 2964 2416 by iren gehept habe. Weliches er
2329 2391 2973 2452 aber dergstalten widersprochen, dz
2327 2423 2995 2490 nach dem sy die that, vff vorhergang.
2321 2465 2995 2530 ne geheime offenbarung allein gegen
2330 2502 3004 2565 Ihm, ouch dem H. Castlan vnd Irem Vatter
2329 2538 3001 2618 mitt weinenen augen klagswyß ent¬
