4032 3024
1369 347 1491 430 362.
1416 437 1997 561 Freytags. 7. augusti 1629.
1715 522 1865 600 Ex sen.
1438 553 1801 636 S. Dachselhofer. Ind
1684 622 1809 681 Minist
1459 658 2029 782 S. decan Schmid S. Rutimeyer.
1686 735 1780 809 Lib.
1466 786 2055 905 s. Koch anstatt s Fischers sy im hag
1460 849 1689 910 Hr. Monnier
1686 853 1797 930 .
1799 872 2038 941 gr. von Werdt.
1672 940 1919 1034 oberhoffen.
1466 1016 2058 1113 Andres Frutinger vnd Elßbeth ver¬
1474 1075 2046 1146 nen sind vorgehnden beuelch gemäß
1478 1111 2060 1187 Sup. p. 356. erschinnen, und wyl man
1465 1146 2033 1221 Ire Eheversprechung nochmalen nit
1463 1176 2030 1263 für zuläßlich, sonder zu nach in die
1457 1229 2049 1309 fründtschafft gesetzt befunden, Ist die¬
1460 1268 2037 1343 selbe, sampt dem Costen, vfgehept, vnd
1463 1305 2049 1382 hnen ynbunden worden, sich aller lybs,
1456 1344 2065 1414 gmeinsch zu überheben, und ins künfftig
1453 1386 2048 1459 vann sy in die Ehe stellen wöllend,
1455 1427 2071 1495 behutsamer ze syn, vnd es also fürzenemmen,
1438 1465 2059 1540 das es hernach nit musse wider ent¬
1457 1504 1746 1575 krefftiget werden
1471 1610 1613 1693 Brugg
1776 1608 1906 1704 Berre.
1364 1696 2023 1785 Barbel Elßbeth Meyer hatt sich vff hutt
1510 1757 2059 1816 ampt Irem Stieffvatter vnd Chri¬
1468 1796 2059 1857 stoffel Seetkag gestelt, vnd eröffnet,
1466 1831 1681 1888 daß Hans Wyß
1682 1842 2058 1893 sy Er synem dienst ver¬
1473 1868 2053 1930 mittlist der Ehe verheissung beschlafen.
1463 1901 2042 1962 volgents aber, da sy die sach recht¬
1460 1939 2016 1998 lich abtryben wöllen, mitt listen
1459 1983 2032 2040 vnd abtroüwen, durch mittel Ca¬
1463 2005 2049 2081 par kouffmans der doch ir bystand
1462 2048 2042 2119 syn sollen) vnd anderer, so miet vnd
1460 2089 2046 2161 gaben empfangen, sy abgeschreckt vnd
1463 2125 2049 2200 zur leugsprechung gebracht, daruff
1450 2174 2044 2243 y mitt 20 r. abgeschaffet, die aber
1450 2203 2062 2281 Ir Vetter der lismer ira abgeschwätzt
1455 2262 2055 2318 und ein schlimme handtschrifft darüber
1453 2287 2057 2353 zugesteltt habe, weliche sy dann vor
1445 2322 2054 2388 nch ufgelegt, die nun erkent, das
1445 2367 2058 2439 gemeltem Wyß, so ein abtritt gengen
1447 2407 2061 2474 so bald er sich wider zu hinlaßt, gerotte
1449 2425 2068 2517 volgents vff yn erschynen yngesetzt, das
1447 2489 2055 2559 meitli dessen, vff das es sich als¬
2706 350 2796 427 363.
2138 403 2802 530 dann widerumb mitt synen frunden stelle,
2140 445 2813 556 verstendiget, der lismer vnd Kouff¬
2141 491 2806 589 männli denzmalen ouch beschickt, und
2136 535 2799 639 die sach entzwüschen in gheim gehalten
2121 602 2328 688 werden sölle.
2343 653 2588 744 Adelboren.
2140 744 2796 839 Margreth dentzer, Peter Furers Ehe¬
2131 794 2764 879 wyb und Hans Senfften der jung, sind
2130 829 2763 926 von der E. hargschickt worden, zu ent¬
2158 873 2763 952 heiden, wenn das kind, dessen sy vor
2143 902 2786 989 etwas zyt schwangen worden, gehören
2148 939 2788 1023 sölle. Dann sy zwar beide alhie
2137 973 2804 1058 vnd droben bekantlich, daß sy sich an einen
2139 1011 2820 1098 sontag znacht, als ir man ancken har¬
2141 1051 2839 1139 gesoumet, mitt einandern vergessen, wirt
2144 1092 2826 1166 aber durch Sya angezeigt, daß Ir eh¬
2131 1130 2839 1201 man ain mittwuchen, darnach heimkom
2139 1171 2816 1250 men, vnd ouch mitt ira geschaffen ge¬
2136 1204 2827 1282 hept habe, by welichem sy (ob er glych
2132 1244 2838 1323 trem anzeigen nach wie ein anderer man
2139 1282 2838 1370 vermüglich, nun in 13. Jaren, als lang
2140 1323 2837 1397 sy mitt einandern huß gehalten, kein kind
2647 1367 2803 1431 nun sy
2531 1370 2626 1425 wyl
2138 1379 2446 1440 erzüget, biß Zetz.
2150 1415 2816 1477 nit anzeigen können, welichen sy In Iren
2142 1452 2811 1515 hertzen für den rechten Vatter halte,
2145 1488 2812 1556 Ist die sach yngestelt vnd gut funden
2151 1533 2796 1599 worden, daß Ir Eheman sambt den
2149 1578 2790 1640 seufften von Montag über 14 tag hie
2147 1608 2829 1680 erschynen solle, die frouw aber we¬
2159 1647 2823 1723 gen Ires kleinen kinds wol anheimbsch
2156 1696 2362 1761 blyben möge.
2150 1729 2783 1820 dem Amptman vnd G. söliches schryb
2158 1899 2307 1979 Bern
2446 1900 2735 1980 Kilchlindach
2179 2005 2823 2096 Peter Bucher hatt wider den h. pred
2185 2070 2782 2125 daselbst ein schryben erlanget, die
2168 2098 2794 2164 derselb inne, vmb den schryberlohn
2174 2134 2839 2196 zweyer Ehebrief, die er synem für¬
2175 2171 2836 2246 geben nach verfertiget und imme zugestelt.
2184 2211 2443 2281 befridigen sölle.
2201 2271 2595 2375 Waltwyl. Wengi
2203 2349 2824 2450 Peter Wyß, nach dem er verschinnen Mitt¬
2213 2417 2803 2481 ruchens zur bekantnuß der Warheit
2204 2448 2827 2514 hinab erkent worden, ist gestendig gsin
2197 2488 2839 2575 daß er Elsbeth Rätzen, Hans Schluppen s
2203 2530 2842 2609 etwas zugemutet, aber nur in einem
