4032 3024
1258 370 1359 434 398.
1372 447 1927 564 fahl von syner beit und borg wege
1357 512 1948 607 denselben nach dem schlag, so den Taur
1354 559 1938 652 nen wirthen gemacht, schetzen und ange¬
1341 604 1929 701 nen volgendts den Gültbrieff nach
1331 641 1915 745 fließung des termins an bezahlung
1321 705 1937 796 men mögen. Und so er ir hierin ein
1338 749 1929 828 haben solte, wurde zu doch der gmeine
1333 793 1937 889 bruch entschuldigen, dann sich erfinden
1325 854 1944 922 werde, das nit nur der ein oder ander bur
1315 891 1946 981 sonder by dem hundert, uf glyche form ge
1295 940 1957 1031 ehandlet, und so es dann ihnen für ein ein
1339 986 1952 1085 genutz und fähler zu rechnen, hett nit
1307 1036 1958 1133 er und dieselben verfält, sonder videnen
1327 1090 1948 1173 daß gsatz, als weliches söliche form zu
1293 1140 1939 1221 nlaßen, und sy darzu yngefürt hette.
1324 1184 1949 1260 Ober weliches nun nicht zu fürsichtig bedenck
1339 1245 1958 1299 gefasset, vnd mir beuolchen, ein fürtrag
1327 1269 1940 1329 zustellen, vnd volgents Inen In gmeiner
1325 1303 1951 1363 versamblung vorzuläsen, in welichem ingl
1331 1340 1945 1405 repsentiert weden sölle nit allein obbe¬
1333 1377 1950 1439 ruhrter deß Landtmans bericht vnd dar¬
1321 1423 1954 1474 über ervolgte antwort, sondern ouch ir be¬
1347 1457 1953 1516 encken, so dise stuck zungehalten. I. ein
1327 1484 1924 1546 heitere contradiction der 13. satzung.
1328 1525 1942 1578 2 die schädliche frücht und effecta, so us
1329 1564 1945 1625 zu lassung der tüschen umb gültben und
1324 1593 1956 1666 Weilgschrifften ervolgend. 3. Ein Illu¬
1336 1637 1941 1699 stration vnd bewysung sowol mitt
1339 1662 1972 1728 Hans Misens, und demnach H. Stürlers,
1345 1707 1983 1769 als ouch sonderlich mitt gegenwirtigen
1336 1738 1978 1808 exempel.  das man mitthin alte ord¬
1328 1774 1985 1838 nungendere, aber nit alle mal beßer
1341 1814 1956 1880 Mitt witt, das Ir G. sich hierüber er¬
1349 1863 1956 1920 lüteren, wie nicht sich gegen zu Jenner
1346 1885 1953 1956 und anderen in derglychen fälen zu verhalten,
1343 1924 1961 1993 ouch obangeregte beide satzungen, und an
1340 1957 1965 2027 dere, so denen glych syn möchten, wendere
1351 1994 1978 2059 vnd verlesseren, Item die hochnotwen¬
1348 2029 1977 2099 dige anordnung thun wöllindt, das dero
1348 2063 1952 2129 jüngst ußgangne Reformation, nach
1340 2103 1975 2169 angedut correction, ouch nur mehr der
1348 2140 1961 2211 malen eins vffen landt gepubliciert
1342 2168 1965 2247 Erde, wyl nit allein durch hr. Jenner¬
1346 2207 1969 2283 anzogen worden, das so wol ir en Amptlich
1364 2250 1971 2322 die er zunamsen wüste, als under¬
1369 2290 1950 2359 hanen zu erkauffung der Gültbue¬
1357 2325 1965 2403 neben pfrybung Irer pfennkkeit ouch
1364 2362 1956 2439 noch darzu den abzug Gantrechtens
1360 2408 1971 2475 bruchen soltind, und man also zu gar
1368 2435 1966 2513 englychem Rechten sitze, sondern auch
1359 2475 1966 2551 vil andere bedenckliche vrsachen, do
1373 2521 1958 2592 ein theil in einem vorgehnden fürtrag
1371 2559 1962 2634 begriffen, soliche publicaon erfordend.
2620 368 2706 433 399.
2198 405 2488 503 hulgenbach.
1993 467 2631 596 Jacob Helg dem müller ist ein Eddel be¬
2019 512 2675 614 williget worden, das er mitt Anna Herren
2007 552 2635 657 von Bottingen, syner Ehe versprochnen, zu
1994 595 2650 707 Bümplitz kilchen recht thun möge, von jetz
1986 667 2360 752 monstag über 8 tag
2185 721 2409 806 Huttwyl
2001 787 2701 894 Thomas Piechters halb habend Hr Doctor
2028 839 2717 937 Küng vnd fabricius ein solichen bericht
2023 886 2692 974 geben, das er ein erkalteter Man, vnd zuer¬
2026 930 2695 1012 liche gepräsen habe, die Inne zu fleisch¬
2022 966 2675 1048 lichen Wercken vntugenlich machendt
2016 1002 2679 1080 ouch imme von synes alters wegen nit
2019 1037 2659 1133 zuhelffen sye. Wyl er nun also be¬
2020 1083 2656 1163 schaffen, vnd hieneben durch Ir bishar ge¬
2017 1123 2714 1213 fuhrte Ehe weder Gott geehret, der nechst
2027 1170 2707 1250 erbessert, noch Ir eigen heil befurderet
2017 1209 2695 1282 worden, habend ich in crafft der satz
2026 1249 2667 1323 ung die schidigung zwüschen imm und
2017 1289 2680 1356 Barbara Schynholtz ergahn laßen, ira
2023 1327 2708 1399 zwar erloupt, das sie sich wol anderfahrt
2022 1369 2707 1440 rehlichen möge, Imme aber die Ehe gentz¬
2034 1406 2715 1476 lich erpotten, es sye dann, das er die Jenige
2033 1445 2717 1513 so mitt Ihm In den Ehestand tretten wölte
2036 1488 2690 1545 alhie stelle, vnd erlouptung erlange,
2043 1527 2696 1590 Vnd dann hieneben den Costen beidersyts
2041 1573 2691 1629 compensiert, vnd zytlichen guts halb
2049 1604 2491 1678 sy für ehrenlüt gewissen.
2281 1704 2449 1783 Bargen
2045 1709 2192 1786 Bern
2039 1795 2713 1872 Beat Jacob von Bonstetten hatt zwar wider
2047 1859 2686 1909 Hr. Calentyn Rebman ein fürsechung be¬
2060 1883 2670 1929 gert, das er von Imme vmb 14 s, die er
2050 1915 2675 1976 von eines imme verkauften Rosses wegen e
2045 1962 2697 2014 rest geforderen, sampt dem Costen, bezalt
2052 1989 2706 2036 wden möge. Wyl aber her Valentin dem
2042 2030 2704 2078 Thorweibel, als er uff erlouptnuß des
2053 2054 2682 2118 hu Richters alhie In der Statt die citation
2050 2095 2714 2162 gegen ihm verrichtet, vermög desselben berichts,
2043 2123 2733 2189 zbscheid geben, das er hie nit erschynen, noch
2074 2173 2689 2229 gnen Cantzel von deß Martenwerchs
2055 2205 2725 2271 wegen versammen und stillstahn laßen wölle,
2058 2240 2716 2310 Ist gemelter von Bonstetten zu mynem
2070 2282 2726 2353 schs umb that und Insechen wider
2067 2323 2654 2392 söliche vngehorsame gewisen worden.
