4032 3024
1509 304 1567 372 26
1608 346 2183 455 Müller inen zu erhaltung dessel
1594 408 2173 484 für diß jar 12 t under zwey
1634 443 2160 532 dlen, namlich uff Martini de
1599 472 2187 569 en und uffm 20ten tag den ander
1606 525 2191 609 halben theil entrichten, vnd darz
1601 565 2185 652 hrasetzt, wyl er obberuhrten
1613 618 2188 697 fel zwüschen inen ertreckt und vo
1614 649 2182 727 ursachet, 3 lb geben. Nachdem
1605 698 2185 765 dann das Jahr verflossen, vnd das
1602 737 2200 817 Khind noch in leben, alsdann wyter
1601 777 2193 859 he nach beschaffenheit der sach gehand
1602 819 2199 907 zit und erkent werden. Hieneb
1590 861 2192 938 aber der Müller, sampt den synen
1606 900 2191 987 gedachte ehelüth in und an dem irigen
1599 938 2183 1015 unbeleidiget, zu friden und rucken
1592 984 1802 1049 lassen solle.
1792 1049 2096 1163 Trachselwald.
1592 1155 2194 1242 Derena Erlach, wegen dem Chor weib
1610 1219 2197 1270 el fürkommen, wie daß es über den
1604 1245 2200 1304 Eid, mitt dem es uß ir er statt und
1594 1278 2184 1351 landt verwisen worden, alhie zu der
1594 1318 2203 1397 Statt und daherumb den Kügeren er¬
1598 1348 2031 1423 gerlich nachstrychen solle,
2025 1369 2199 1434 Ist ver¬
1599 1385 2199 1465 schinner tagen durch inne gfengelich
1600 1425 2194 1508 zugesetzt, und uff hütt an den
1598 1464 2169 1541 H landtvogt beschryben beuolchen
1587 1507 2170 1593 worden umb bericht, was gstalt
1584 1537 2183 1643 und ursachen die verwysung geschechen
1608 1576 2187 1664 ye. Nach dem nun derselb deß
1592 1625 2203 1702 nechsten frytags zugelanget, dardurch
1591 1653 2171 1751 sich befunden, daß sy von begangner
1598 1698 2209 1785 diebstälen vnd huryen wegen uss dem
1605 1737 2204 1829 andt durch inne verwisen. Ist ire
1614 1773 2198 1866 sach, sampt dem bericht für rhat
1614 1808 2107 1905 geschlagen und getragen worden.
1739 1884 1960 2009 Dind
1611 2011 2196 2137 It Abraham Bischoffs syten sind Chri¬
1621 2059 2193 2172 ten Stempffli der Zimmermann, Geörg
1596 2094 2189 2212 Meythaker, Jacob Wagner, wider
1615 2121 2173 2268 kehr der Büchsenschiffter, und Hidler
1592 2164 1871 2238 der Mässerscheid:
1573 2201 2031 2308 Durch Cathrin Grimm syn zu
1626 2239 2056 2348 aber, Adam Wyssen frouwe
2030 2256 2168 2331 frouw
1647 2274 2211 2417 dan der sein sein an ich seit
1641 2322 2196 2451 fyffer ein 16 järiger Becken knab
1621 2340 2175 2490 zur Kundtschafft gestelt, vnd durch
1625 2391 2200 2529 die erst genamten psonen substantzlich
1631 2421 1844 2494 üget worden,
1619 2460 2067 2573 gangner letsten zusamen tädigun
1951 2475 2196 2565 das ich er
1660 2488 2038 2603 solchen und sich erstlichen
2041 2542 2217 2614 und sy von
1687 2529 2018 2628 age nit nicht beschen
2069 2582 2209 2650 wüsse
1662 2560 2183 2678 mitt imme hußgehalten verblyben
2108 2663 2182 2720 ß
2261 1176 2295 1216 .
2914 280 2972 355 27
2301 339 2987 449 sy imme uff ein zyt, da iren etlich mitt
2301 392 2995 477 Ihm zuacht gessen, fürgeworffen, man
2302 425 2958 513 habe sy uß beschlossen, vnd als er sy
2295 456 3002 547 soüffer genamset, sy imme vermeldet.
2295 500 2977 606 er wüsse wol wie er mitt Iren huh
2292 541 2970 641 zeige, vnd dardurch von huß begahn ver¬
2296 582 2959 677 ursache, Imme ouch bösen bscheid geben
2284 620 2943 712 dermassen daß einer vnder zuen
2299 657 2940 749 gredt, daß wann syn frouw ein
2302 690 2976 799 lyches gegen hin thäte, er sich nit ent¬
2293 733 3007 828 halten möchte, ira ein multäschen zugeben.
2287 781 3012 873 Item als er iren In der Nacht ein Suppen
2293 829 2998 919 ebracht, sy vom bett hinab gsprungen,
2281 859 2989 959 vnd geschrucken. Ouch einist also ge¬
2296 897 2994 994 chruwen, als wann man sey morden
2287 974 2456 1044 wöllen.
2299 1030 3003 1108 Adam Wyßen hußfrouw hatt zuget, daß
2299 1077 2972 1149 als sy zu synes vatters huß neben imme
2302 1112 2984 1191 zehus gsin, sy inne an einem pfingst
2309 1156 2944 1229 zinstag gehört, mitt syner magd im
2299 1191 2963 1263 Kämmerlin die that verbringen. Wyl
2300 1235 2991 1301 nun sy eintzig gsin, und deßwegen niemand
2297 1286 2973 1326 drumb habe, wölle Sy Gott den Herren
2288 1316 2964 1369 dessen zum Augen nemmen: Item daß Er
2281 1336 2964 1408 vnd die Magd mitt einandern In der Bi¬
2295 1390 2973 1437 schoffenen huß gessen vnd truncken, vnd dann
2297 1416 2947 1468 wider mitt ein andern heimkden: Item
2288 1464 2943 1518 daß Er der Magd einist ein rock vnd
2294 1483 2972 1556 dlismet strümpff gekoufft, dieselbe auch
2294 1529 2641 1593 stäts vil gelt habe.
2338 1587 2970 1667 Jacob SEyffer, so vmb verschinnen s
2283 1645 2982 1703 Johans Tag by inen für ein Beckenknecht ge¬
2288 1682 2960 1736 dienet, züget, Er der meister thäte der
2276 1717 2967 1773 diensten guts, sy aber hin gegen vertrybe
2285 1757 2980 1811 dieselben mitt wüsten worten. Der magd
2290 1789 2998 1844 halben habe er mit argwönigs gesechen, dan
2283 1827 2997 1885 allein daß sy, wenn er gebachen, einander
2291 1863 3022 1914 vor dem Offen vmbher getrölt, vnd sy imme
2287 1894 2650 1966 vff dem Kopff gluset
2380 1948 2996 2026 syl nun die sach argwönig und
2294 1981 2865 2054 er aber nüt bekantlich syn wöll
2868 2011 3006 2065 Ist er
2288 2044 2992 2088 biß vffn Mittwuchen, vngeacht synes be¬
2294 2079 2987 2131 gerens, Inne ein gang heimzu lassen, zuge¬
2301 2112 2977 2170 legt und gut funden worden, daß ouch
2299 2151 2985 2200 die Magd, vnd demnach Albrecht Hebler
2308 2179 2987 2231 derkouffer, so etwas reden Irenthalb uß
2294 2218 2977 2273 gelassen haben sol, vnd wer sonst etwas
2297 2245 3009 2303 vmb disen argwohn wüssen möchte, wie er
2969 2303 3003 2337 .
2300 2295 2973 2354 dann vmb anleitung zubefragen, harbe
2303 2332 2708 2394 scheiden weden sollindt.
2300 2364 3003 2444 Der Ist nun vffem Mittwuchen erschinnen
2318 2423 2973 2465 vnd hatt vermeldet, daß er nit vor
2312 2450 2982 2500 hrem argwönigen leben gezügen wüsse
2295 2492 2982 2534 dann allein daß beide, der meister vnd die
2306 2515 2959 2571 magd etliche mal mitt einandern gan
2302 2545 2955 2609 Kilchlindach, vnd dadannen widrumb
2313 2576 2996 2643 mitt ein andern heimgangen. Item daß Sie
2322 2612 3009 2669 in sich allen gwalt und wann sy inne
2319 2648 2993 2704 zum morgenbrot berufft, sy die frouw
2311 2678 2762 2752 drussen gelassen habindt
