4032 3024
1529 342 1592 407 14.
1617 389 2217 491 er sich vor etwas abgewissner ta
1629 454 2204 516 mitt Engel wust etlichen ver¬
1614 491 2215 561 lopt und das hochzyt schon albereit
1612 530 2222 622 offentlich verkunden lassen, Nun
1613 580 2216 654 aber erfahren müssen, wie sy von
1609 623 2227 699 einem anderen, namlich Fridli Lind¬
1640 673 2215 740 gger, der Ehe halb angesprochen,
1607 713 2242 799 vnd durch denselben beschuldiget worden
1600 761 2236 835 daß sy imme nit allein die ehe verheissen
1600 818 2238 871 sonders ouch druffhin den byschlafft
1620 845 2232 918 mitt Ihm volbracht habe: Welicher
1609 883 2227 942 beider stucken Sie endtlich gestendig
1622 926 2242 1001 und daruff flüchtig worden und uff
1626 974 1759 1042 gewissen
1764 982 1843 1045 sye.
1837 977 2238 1030 Wyl dann er vor
1631 1010 2237 1089 tra also übel angsetzt vnd betrogen
1619 1065 2252 1123 begere er von Iren ledig erkent zu
1597 1099 2248 1174 werden. In betrachtung nun obberuhet
1663 1137 2242 1207 r Gründen ist Ime syn begeren
1628 1179 2242 1245 bewilliget, vnd hiemitt zugelassen
1627 1216 2239 1276 worden, sich anderfahrt nach glück
1645 1255 2258 1330 uverehlichen, Mitt zuspruch Costens
1640 1297 2256 1375 Wo er dessen ob Irem gut hinder
1641 1337 2176 1412 mniter gehen gewirt ynkommen mag.
1850 1421 2153 1507 Rüngsfeld
1658 1494 2107 1580 An herr Hoffmeister schryben.
1660 1552 2271 1611 sölle vff obgedachte ußgerissne wie¬
1685 1594 2262 1657 tin achten lassen, und das er sybe
1657 1629 2278 1690 hendigen mag, sy nicht gwarsam
1662 1660 2264 1734 überschicken, Vnd so das geschecht, zu¬
1659 1703 2282 1772 glych ouch an das ort, da gemelter
1663 1747 2247 1821 indegger, so sonsten von Rud syn sol
1667 1790 2260 1856 denzmalen wohnete schryben, das
1667 1827 2275 1894 er ouch durch ordenlichs gebotte
1688 1861 2287 1937 argehalten werde, deßglychen sol
1681 1903 2277 1975 ches den fürgesetzten zu Brugg com¬
1676 1951 2280 2017 municieren, vff das sy eben müße
1694 1981 2278 2065 g uff sye achten und ein glyches e
1679 2025 2018 2093 richten lassen wöllint
1699 2082 2132 2206 Burgdorff Hasler
1680 2177 2296 2290 den h. schs verstendigen, was hievor
1711 2241 2294 2331 Uli Ruffe nachs restierend gfangen.
1711 2272 2293 2367 schafft kostens halb synem Ampts vor
1711 2310 2301 2400 fahren doch vergebenlich) zu geschickt
1708 2343 2281 2448 worden, Mitt begeren, dasselb In
1701 2383 2285 2471 würcklichen effect zurichten, und al
1708 2421 2295 2525 so dem Chor Weibel behilfflich zu
1707 2461 2281 2553 yn, das, wo mittel verhanden, er vmb
1720 2500 2310 2585 in ansprach und ußstand bezalt werden
1717 2539 2300 2659 zwo nit nicht bekendtnuß der sach
1731 2570 1945 2645 zuberichten.
2907 285 2992 350 15.
2453 354 2682 474 Herre
2344 450 2981 555 Nach dem mynen herren klags wyß
2358 509 2977 593 fürkommen, wie ungebür und gröblich
2348 548 2980 640 deß alten Rebmans hußfrouw in der
2360 582 3000 669 frouw schuldtheissin von Graffenried
2355 627 2983 724 Rebgut am Altenberg gegen derselben
2345 670 3022 754 vßbrochen vnd vberfahren, sind dar¬
2351 709 3006 785 über nach volgende psonen, so darby ge¬
2351 751 2986 831 sin, beschickt und verhört worden, und
2346 826 2457 883 züget
2346 849 3034 923 Erstlich Anni Beber von Erlenbach, als
2396 907 3029 967 da gholffen läsen, habe sich zu tragen
2359 933 3028 1002 daß die frouw über tisch vermeldet, sy
2365 974 3025 1060 völle ein anzal der Hüpschisten trüb
2357 1021 3006 1093 len nach dem Abenbrot abhouwen, vnd
2364 1058 3039 1133 für krancke lüth ufhencken lassen. Dar¬
2356 1109 3057 1172 über die Nebfrouw sich von Inen geüssert
2358 1142 3053 1196 vnd erst nach langen widerkommen, da
2347 1182 3050 1232 nun die frouw sy gefragt, wo sy siden
2354 1232 3037 1289 gsin sye, were sy ira mitt grober un¬
2353 1264 3031 1322 antwort begegnet, was sy darnach zu
2351 1307 3004 1380 tragen habe, sölle sy vngescheyt lassen
2346 1349 3049 1418 dann sy habe eben so gut, Recht, da als
2354 1390 3055 1458 sy, vnd sye so ehrlich von vatter und mu¬
2366 1433 3049 1497 der als sy, zeige sie ouch zum ander
2364 1475 2972 1538 mal reverenter heissen erschigen.
2369 1512 3031 1580 ouch darzu gsetzt, wann schon sy etwas
2380 1555 3032 1624 genommen, müsse sy die froute es
2391 1594 3032 1665 nit destminder nit wüssen, darumb
2371 1635 2949 1707 dann kundtsch gnug verschanden sye.
2389 1724 2993 1801 li Holtzer der Sigerist zuget ein
2407 1774 3031 1837 lyches, vnd vmb sovil wyter, daß
2382 1820 3014 1880 die rebfrauw gwünscht, sy wölte, das
2372 1855 3052 1916 die frouw sy angriffe, und in solichem
2382 1890 3036 1955 fal troüwt, sy wölte dieselbe auch
2392 1927 3045 2003 herkritzen, vnd von oben biß zu vnders
2377 1971 3066 2043 denberg ab siechen. Habe sy ouch wider
2380 2024 3052 2079 allen respect einzuschen genamset, die
2392 2057 3012 2123 frouw aber ira im gegenteil kein
2396 2099 3030 2163 bösen titul vnd vnant wort geben, ußge
2396 2143 3034 2208 uben allein, da die Rebst ira fürge
2377 2177 3030 2245 worffen, sy mache ire diensten all
2378 2217 3033 2290 zu schelmen und dieben, habe sy darwider
2383 2259 3039 2333 gredt, so gwüß sye sy ein fule här
2397 2329 3002 2416 udith Jacquemin von Nüwenburg
2411 2386 3043 2451 der frouwen dienst, hälet, es habe
2407 2426 3045 2494 gehört, das die Vebfrouw wider die¬
2410 2460 3030 2526 selbe ußgossen, Jäner Gott be¬
2410 2498 3012 2567 wahre vns sölle sy nemmen, aller
2413 2538 3049 2607 ugnerin, und sy habe ein fulen gun¬
2426 2580 3006 2650 ist vnder irem geschlecht
