4032 3024
1445 304 1516 383 36
1516 336 2150 466 das sölicher casus der Satzung nit zu¬
1514 418 2105 492 wider, wyl der fäler lediger
1522 450 2145 541 vyß geschechen, vnd domaln keins
1510 506 2143 588 das ander der Ehe angesprochen,
1532 533 2149 630 vnd also ouch kein schidigung zwü¬
1540 576 2140 672 chen Inen ergangen, deßwegen
1523 630 2134 710 dem herren landtvogt zu Interlacken
1533 669 2123 747 entworten, daß so dem also,
1526 720 2145 789 wie er in synem schryben viel¬
1517 757 2148 839 de, namlich das gedachter Aplanale
1532 801 2118 886 iderhar guten Lümbdens, vndt
1515 849 2109 931 alß ouch mitt ira in zyt freyge
1529 892 2119 980 gärt Ehestands in keinem bösen
1531 938 2146 1026 arg von gsin, imme der kilchganger
1531 978 1930 1061 zugelassen syn sölle.
1627 1079 1883 1167 Deren
1544 1162 2101 1257 Hans Rudolff Müllers halb,
1575 1227 2107 1297 sonst Rubschnitz gut, hatt h
1566 1269 2113 1336 doctor dutig referiert, das ob¬
1572 1307 2111 1377 glychwol er für syn corporanten
1572 1341 2125 1420 gestattiert gnug, sy doch nit be¬
1556 1384 2134 1460 funden können, das es mitt imme für,
1564 1427 2128 1503 gebuer massen Venerischer begirden
1574 1468 2131 1545 vnd männlichen glids halb über¬
1569 1513 2114 1586 trib, sondern von einem wyb
1563 1546 2102 1630 wol zu erdulden sye, Inmassen
1561 1596 2126 1675 der mangel an syner hußfrouwen
1561 1637 2125 1714 ligen müsse. Demnach ob woll
1573 1679 2135 1765 er noch zur zyt zu einem wyber
1575 1720 2103 1802 müglich, sie doch, wyl imme ein
1568 1767 2131 1841 Rad ybern ruggen gangen, synet
1564 1798 2095 1875 halb die sorg, das er etwan da¬
1562 1841 2099 1917 har impotens weden möchte.
1578 1881 2111 1973 darüber syn ehefrouw, elabet
1580 1927 2108 2002 zug, erheueret worden, wie das
1579 1969 2117 2053 sy ire zu fäl und mengel schon
1573 2000 2090 2083 vor diser Ehe wol so bald an
1579 2038 2106 2137 hrem lyb gehept habe, hatt es
1585 2083 2121 2175 vber verneinet, vnd vermeldet,
1569 2120 2118 2221 das es ira allein von disem irem
1584 2162 2115 2258 Nan widerfahren, wyl er ein
1569 2202 2095 2301 gwüssen lyßenbruch habe, der
1581 2237 2084 2338 sich in Rübung etlicher Wercke
1574 2278 1825 2350 hoch uff lasse.
1903 2309 2101 2387 Diewyl
1566 2320 2028 2421 dann aber sich uß 8 dator
1558 2356 2112 2461 hab in frouwen und der Hebammen
1593 2392 2128 2508 elation (die schon verschinnen Mitt¬
1582 2434 2096 2557 wuchens geschechen) befunden,
1578 2478 2101 2608 das sy an Irem lyb dermassen
2923 306 3014 383 137
2345 358 3004 468 geschendt, prästhafft, vnd arbeit,
2346 420 2959 504 selig, das ira ein man zu erdulden
2355 456 2969 546 unmüglich sye, Ist das ehliche
2356 500 3015 581 band, mög der satzung, zwü¬
2363 541 2967 629 chen Inen vfgehert, ira die Ehe
2354 584 2945 668 gentzlich und allerdings, imme
2353 624 2980 706 aber alß verbotten, das er zu¬
2358 668 2956 743 uor erlouptnug nemmen, und
2346 711 2982 792 diejenige pson, so inne zu ehlich
2354 757 3005 850 zegerte, alhar für Chorgricht stel¬
2350 801 2988 886 len sölle, vnd im vbrigen, neben
2342 848 2976 925 vf hebung Costens, Ires Eytlichen
2334 896 3000 979 gütlishalb an ehrenlüt gewisen
2377 950 2467 1018 vord
2491 974 2849 1132 Thun. Bern
2288 1115 2996 1213 Dem hr. Schis über syn und deß Chor
2347 1174 2959 1245 grichts schryben, In welichem z
2342 1225 2944 1294 Rudolff von Wattenwyl gantz
2348 1268 2958 1331 fuhrlässigen kilchgangs, vnd dar¬
2335 1303 2937 1375 über er volgten weigerens, vor
2335 1345 2935 1427 inen zu erschynen, anklagt wirt
2323 1385 2923 1466 mitt Ermelden, das er sich alhie
2326 1432 2966 1508 vor nicht zu verantwort begere,
2322 1478 2928 1559 Antworten, sölle Inne durch
2328 1525 2926 1601 ordenliche Citation vff von hutt
2326 1559 2738 1647 über 8 tag herhalten
2347 1685 2961 1790 Burgdorff Röttschmund
2535 1749 2778 1818 Bomont
2324 1805 2953 1897 Madlen Schlatter ist ein Intercessio
2344 1866 2928 1933 schryben an hr. Gubernator zu
2326 1905 2938 1978 Bomont ertheilt worden, Peter
2329 1947 2914 2009 Walthard dahin zehalten, das er
2333 1985 2923 2051 y vmb die 108. lut nicht zwü
2327 2020 2917 2081 schen Inen ergangner Vrteil vn¬
2327 2058 2932 2127 klagbar mache, imme selbs vor wy
2338 2105 2923 2171 serm Costen vnd personlicher ci¬
2332 2137 2517 2207 tation sye.
2335 2205 2723 2302 Milden offerdt
2349 2290 2947 2373 landan du Tritt Ist wider Albert
2306 2355 2905 2416 Rreptorens, Iren Eheman, so nun In
2375 2392 2895 2454 aren vnderschidenliche mal von
2323 2442 2896 2496 Irnzogen, ein citation von 3 zu
2323 2467 2942 2537 3. Wuchen, an den Cantzel zu Mil¬
2319 2508 2944 2580 den nach gmeiner form ertheilt worden
