<?xml version="1.0" encoding="UTF-8" standalone="yes"?>
<PcGts xmlns="http://schema.primaresearch.org/PAGE/gts/pagecontent/2013-07-15" xmlns:xsi="http://www.w3.org/2001/XMLSchema-instance" xsi:schemaLocation="http://schema.primaresearch.org/PAGE/gts/pagecontent/2013-07-15 http://schema.primaresearch.org/PAGE/gts/pagecontent/2013-07-15/pagecontent.xsd">
    <Metadata>
        <Creator>prov=University of Rostock/Institute of Mathematics/CITlab|PLANET AI GmbH/Gundram Leifert/gundram.leifert@planet-ai.de:name=German_Kurrent_XVI-XVIII_M5.2(htr_id=38305)::::v=2.6.7
prov=University of Rostock/Institute of Mathematics/CITlab|PLANET AI GmbH/Tobias Gruening/tobias.gruening@planet-ai.de:name=de.uros.citlab.module.baseline2polygon.B2PSeamMultiOriented:v=2.6.7
prov=University of Rostock/Institute of Mathematics/CITlab|PLANET AI GmbH/Tobias Gruening/tobias.gruening@planet-ai.de:name=/net_tf/LA73_249_0mod360.pb:de.uros.citlab.segmentation.CITlab_LA_ML:v=2.6.7
prov=University of Rostock/Institute of Mathematics/CITlab|PLANET AI GmbH/Tobias Gruening/tobias.gruening@planet-ai.de:name=/net_tf/LA73_249_0mod360.pb:de.uros.citlab.segmentation.CITlab_LA_ML:v=2.6.7
Transkribus</Creator>
        <Created>2021-11-02T15:16:51.755+01:00</Created>
        <LastChange>2021-12-02T14:54:55.029+01:00</LastChange>
        <TranskribusMetadata docId="822509" pageId="30664695" pageNr="195" tsid="69004383" status="IN_PROGRESS" userId="101547" imgUrl="https://files.transkribus.eu/Get?id=QREFHCNZDGHRGRQAKUQELPXL&amp;fileType=view" xmlUrl="https://files.transkribus.eu/Get?id=HIOXUTYNNWFQGJMCOAPTZSNC" imageId="24124354"/>
    </Metadata>
    <Page imageFilename="Foto 27.10.21, 3 52 58 PM.jpg" imageWidth="4032" imageHeight="3024">
        <ReadingOrder>
            <OrderedGroup id="ro_1687514253435" caption="Regions reading order">
                <RegionRefIndexed index="0" regionRef="r1"/>
                <RegionRefIndexed index="1" regionRef="r2"/>
                <RegionRefIndexed index="2" regionRef="r3"/>
            </OrderedGroup>
        </ReadingOrder>
        <TextRegion orientation="0.0" id="r1" custom="readingOrder {index:0;}">
            <Coords points="1389,296 1389,446 1476,446 1476,296"/>
            <TextLine id="r1l1" custom="readingOrder {index:0;}">
                <Coords points="1380,419 1404,415 1408,419 1434,419 1442,423 1460,405 1468,413 1486,413 1486,361 1476,361 1462,353 1446,337 1418,337 1400,353 1380,357"/>
                <Baseline points="1389,396 1418,396 1447,396 1476,396"/>
                <TextEquiv>
                    <Unicode>380</Unicode>
                </TextEquiv>
            </TextLine>
            <TextEquiv>
                <Unicode>380</Unicode>
            </TextEquiv>
        </TextRegion>
        <TextRegion orientation="0.0" id="r2" custom="readingOrder {index:1;}">
            <Coords points="1410,502 1410,2565 2034,2565 2034,502"/>
            <TextLine id="r2l1" custom="readingOrder {index:0;}">
                <Coords points="1586,555 1662,562 1696,531 1722,527 1794,548 1791,376 1741,397 1679,380 1653,394 1631,385 1597,401 1583,398"/>
                <Baseline points="1595,533 1622,527 1649,524 1676,522 1703,522 1730,523 1757,525 1784,528"/>
                <TextEquiv>
                    <Unicode>Barne</Unicode>
                </TextEquiv>
            </TextLine>
            <TextLine id="r2l2" custom="readingOrder {index:1;}">
                <Coords points="1473,605 1564,626 1646,600 1686,621 1854,625 1873,610 2014,661 2021,559 1921,566 1735,532 1668,569 1615,553 1556,569 1480,519"/>
                <Baseline points="1485,591 1511,593 1537,593 1563,593 1589,593 1615,593 1641,594 1667,594 1693,594 1719,596 1745,597 1771,598 1797,600 1823,602 1849,606 1875,609 1901,614 1927,618 1953,623 1979,630 2006,638"/>
                <TextEquiv>
                    <Unicode>segen Hanß Cunrad Schumacher</Unicode>
                </TextEquiv>
            </TextLine>
            <TextLine id="r2l3" custom="readingOrder {index:2;}">
                <Coords points="1486,644 1511,662 1539,642 1580,644 1621,665 1734,650 1830,680 1889,665 1955,674 2010,707 2014,661 1944,631 1898,636 1874,610 1854,626 1830,612 1687,620 1642,601 1616,623 1570,601 1542,621 1490,598"/>
                <Baseline points="1497,638 1522,639 1547,639 1572,641 1597,642 1623,643 1648,644 1673,645 1698,645 1723,647 1749,649 1774,650 1799,651 1824,654 1849,657 1875,660 1900,664 1925,668 1950,673 1975,679 2001,686"/>
                <TextEquiv>
                    <Unicode>ynzug, sind nachvolgende zügen,</Unicode>
                </TextEquiv>
            </TextLine>
            <TextLine id="r2l4" custom="readingOrder {index:3;}">
                <Coords points="1482,714 1601,703 1658,721 1752,715 1804,743 1868,727 1925,741 1942,726 1981,742 1999,738 2002,694 1888,666 1831,679 1734,650 1679,667 1543,642 1511,664 1486,648"/>
                <Baseline points="1494,692 1520,692 1546,692 1572,690 1598,692 1624,692 1650,692 1676,694 1702,695 1728,696 1754,698 1780,700 1806,701 1832,705 1858,707 1884,710 1910,713 1936,717 1962,721 1989,725"/>
                <TextEquiv>
                    <Unicode>hr den Rats bevelch verhört worden,</Unicode>
                </TextEquiv>
            </TextLine>
            <TextLine id="r2l5" custom="readingOrder {index:4;}">
                <Coords points="1460,773 1834,771 1876,800 1929,789 1997,822 2021,813 2024,773 1947,726 1823,753 1738,713 1600,704 1512,737 1463,718"/>
                <Baseline points="1470,759 1497,761 1524,761 1551,762 1578,762 1605,762 1632,764 1659,764 1686,765 1713,765 1741,767 1768,768 1795,770 1822,772 1849,774 1876,777 1903,781 1930,784 1957,789 1984,794 2012,801"/>
                <TextEquiv>
                    <Unicode>Jacob Gummier der schryber zug</Unicode>
                </TextEquiv>
            </TextLine>
            <TextLine id="r2l6" custom="readingOrder {index:5;}">
                <Coords points="1464,806 1598,808 1635,827 1682,807 1733,833 1770,813 1791,834 1840,821 1960,855 2016,846 2018,814 1997,803 1926,787 1877,800 1835,771 1466,776"/>
                <Baseline points="1475,801 1501,801 1528,801 1554,801 1581,802 1608,803 1634,803 1661,804 1687,805 1714,806 1741,807 1767,809 1794,811 1820,813 1847,815 1874,818 1900,820 1927,825 1953,828 1980,832 2007,836"/>
                <TextEquiv>
                    <Unicode>daß die ehementschen uf ein zyth und</Unicode>
                </TextEquiv>
            </TextLine>
            <TextLine id="r2l7" custom="readingOrder {index:6;}">
                <Coords points="1449,859 1532,870 1574,845 1654,874 1749,851 1832,880 1944,869 2009,889 2028,850 1789,832 1770,813 1725,828 1682,807 1637,827 1598,808 1452,810"/>
                <Baseline points="1460,846 1487,845 1515,843 1543,842 1571,842 1599,842 1626,842 1654,842 1682,843 1710,845 1738,846 1765,848 1793,850 1821,854 1849,856 1877,859 1904,863 1932,866 1960,869 1988,874 2016,878"/>
                <TextEquiv>
                    <Unicode>s Jacobs tag diensten ynzogen, die in</Unicode>
                </TextEquiv>
            </TextLine>
            <TextLine id="r2l8" custom="readingOrder {index:7;}">
                <Coords points="1456,891 1510,882 1648,913 1812,892 1846,920 1883,902 1948,926 1979,909 2021,933 2024,890 1863,861 1765,868 1748,851 1675,869 1570,843 1547,862 1522,844 1457,859"/>
                <Baseline points="1466,882 1493,882 1520,882 1547,882 1575,882 1602,884 1629,884 1657,884 1684,885 1711,886 1739,888 1766,889 1793,890 1820,892 1848,894 1875,897 1902,899 1930,902 1957,906 1984,910 2012,914"/>
                <TextEquiv>
                    <Unicode>wesen in dem hinderen gmach ghan he</Unicode>
                </TextEquiv>
            </TextLine>
            <TextLine id="r2l9" custom="readingOrder {index:8;}">
                <Coords points="1441,925 1598,948 1637,925 1671,955 1752,944 1823,971 1967,949 2016,971 2018,931 1973,909 1952,925 1806,892 1691,910 1508,882 1442,893"/>
                <Baseline points="1451,927 1478,927 1506,927 1534,926 1562,926 1590,926 1617,926 1645,926 1673,927 1701,927 1729,928 1756,929 1784,930 1812,932 1840,933 1868,937 1895,939 1923,942 1951,945 1979,949 2007,953"/>
                <TextEquiv>
                    <Unicode>bindt, demnach etliche ergöünder die</Unicode>
                </TextEquiv>
            </TextLine>
            <TextLine id="r2l10" custom="readingOrder {index:9;}">
                <Coords points="1447,975 1475,967 1523,981 1543,969 1569,969 1601,981 1629,973 1663,987 1681,985 1681,939 1657,945 1639,927 1625,927 1599,945 1559,933 1537,945 1523,937 1487,945 1447,931"/>
                <Baseline points="1458,965 1484,968 1511,968 1537,968 1564,966 1591,966 1617,965 1644,967 1671,971"/>
                <TextEquiv>
                    <Unicode>da truncken,</Unicode>
                </TextEquiv>
            </TextLine>
            <TextLine id="r2l11" custom="readingOrder {index:10;}">
                <Coords points="1440,1026 1663,1030 1726,1010 1753,1037 1852,1016 2004,1048 2029,1042 2031,975 1756,955 1711,992 1559,968 1441,976"/>
                <Baseline points="1451,1008 1479,1008 1507,1010 1536,1010 1564,1010 1592,1011 1621,1011 1649,1011 1677,1011 1706,1011 1734,1013 1762,1013 1791,1014 1819,1016 1847,1016 1876,1019 1904,1020 1932,1022 1961,1025 1989,1028 2018,1032"/>
                <TextEquiv>
                    <Unicode>Furs drit dem Eggli von Krouwen</Unicode>
                </TextEquiv>
            </TextLine>
            <TextLine id="r2l12" custom="readingOrder {index:11;}">
                <Coords points="1441,1066 1781,1057 1796,1074 1823,1051 1890,1085 1920,1070 2001,1087 2038,1080 2039,1052 1818,1015 1745,1032 1724,1009 1646,1033 1606,1017 1442,1026"/>
                <Baseline points="1451,1050 1479,1049 1508,1049 1537,1047 1566,1047 1595,1047 1624,1047 1652,1047 1681,1047 1710,1047 1739,1049 1768,1050 1797,1052 1826,1053 1854,1055 1883,1056 1912,1059 1941,1061 1970,1063 1999,1067 2028,1070"/>
                <TextEquiv>
                    <Unicode>licher lang mit ira gesprochet, und als</Unicode>
                </TextEquiv>
            </TextLine>
            <TextLine id="r2l13" custom="readingOrder {index:12;}">
                <Coords points="1462,1107 1840,1092 1879,1119 1930,1104 2019,1128 2020,1084 1848,1072 1823,1050 1799,1071 1659,1054 1615,1069 1579,1052 1463,1067"/>
                <Baseline points="1472,1089 1498,1089 1525,1089 1552,1088 1579,1088 1606,1088 1633,1088 1660,1088 1687,1088 1714,1089 1741,1089 1767,1089 1794,1091 1821,1091 1848,1092 1875,1094 1902,1095 1929,1097 1956,1099 1983,1101 2010,1103"/>
                <TextEquiv>
                    <Unicode>er gezüg wider aben kan, habe man</Unicode>
                </TextEquiv>
            </TextLine>
            <TextLine id="r2l14" custom="readingOrder {index:13;}">
                <Coords points="1451,1145 1528,1128 1625,1157 1661,1135 1719,1159 1795,1159 1831,1133 1887,1159 1973,1139 2015,1150 2015,1128 1966,1109 1878,1117 1838,1092 1718,1091 1694,1114 1660,1095 1542,1113 1453,1097"/>
                <Baseline points="1461,1130 1488,1130 1515,1130 1542,1130 1569,1129 1596,1128 1623,1128 1651,1128 1678,1130 1705,1130 1732,1130 1759,1131 1786,1131 1813,1133 1841,1133 1868,1134 1895,1136 1922,1137 1949,1140 1976,1142 2004,1145"/>
                <TextEquiv>
                    <Unicode>im anzeigt, er sye mit ira in die</Unicode>
                </TextEquiv>
            </TextLine>
            <TextLine id="r2l15" custom="readingOrder {index:14;}">
                <Coords points="1448,1186 1544,1179 1572,1201 1638,1174 1674,1197 1840,1181 1891,1199 1932,1180 2005,1187 2006,1153 1974,1139 1950,1156 1850,1153 1830,1135 1802,1154 1716,1155 1579,1129 1449,1144"/>
                <Baseline points="1458,1170 1484,1170 1511,1170 1538,1170 1565,1170 1592,1170 1619,1170 1645,1170 1672,1170 1699,1170 1726,1170 1753,1170 1780,1170 1807,1172 1833,1172 1860,1173 1887,1173 1914,1175 1941,1176 1968,1177 1995,1179"/>
                <TextEquiv>
                    <Unicode>stuben hinufgangen, da er wider</Unicode>
                </TextEquiv>
            </TextLine>
            <TextLine id="r2l16" custom="readingOrder {index:15;}">
                <Coords points="1436,1226 1596,1219 1640,1241 1848,1213 1993,1246 2019,1238 2020,1196 1960,1202 1888,1175 1766,1192 1716,1174 1688,1192 1630,1173 1582,1195 1437,1180"/>
                <Baseline points="1446,1214 1474,1214 1502,1214 1530,1214 1558,1212 1587,1212 1615,1212 1643,1211 1671,1211 1699,1211 1728,1211 1756,1211 1784,1211 1812,1211 1840,1212 1869,1213 1897,1214 1925,1215 1953,1217 1981,1220 2010,1223"/>
                <TextEquiv>
                    <Unicode>a umb mit ira red gehalten, und als sy</Unicode>
                </TextEquiv>
            </TextLine>
            <TextLine id="r2l17" custom="readingOrder {index:16;}">
                <Coords points="1460,1265 1576,1276 1652,1259 1672,1277 1700,1257 1758,1271 1816,1256 1882,1280 1904,1264 1932,1289 1964,1263 2037,1283 2038,1235 1966,1241 1922,1219 1820,1214 1784,1232 1736,1215 1708,1235 1631,1216 1461,1221"/>
                <Baseline points="1470,1254 1497,1254 1525,1254 1553,1254 1581,1254 1609,1254 1637,1254 1665,1253 1693,1253 1721,1253 1749,1253 1776,1253 1804,1253 1832,1254 1860,1254 1888,1254 1916,1256 1944,1256 1972,1257 2000,1259 2028,1262"/>
                <TextEquiv>
                    <Unicode>die lüth ersuchen, sich nebent sich gemacht,</Unicode>
                </TextEquiv>
            </TextLine>
            <TextLine id="r2l18" custom="readingOrder {index:17;}">
                <Coords points="1466,1313 1512,1327 1556,1303 1582,1327 1676,1312 1694,1328 1742,1308 1814,1332 1878,1309 1981,1335 2019,1318 2020,1280 1966,1261 1880,1279 1814,1255 1758,1272 1698,1258 1672,1276 1600,1259 1572,1281 1536,1259 1467,1263"/>
                <Baseline points="1476,1298 1502,1299 1529,1300 1555,1301 1582,1301 1609,1301 1635,1301 1662,1301 1689,1301 1715,1300 1742,1299 1769,1299 1795,1299 1822,1299 1849,1299 1875,1299 1902,1300 1929,1301 1955,1303 1982,1306 2009,1308"/>
                <TextEquiv>
                    <Unicode>sonsten sye sy also beschaffen, daß sy die</Unicode>
                </TextEquiv>
            </TextLine>
            <TextLine id="r2l19" custom="readingOrder {index:18;}">
                <Coords points="1454,1362 1504,1348 1528,1368 1558,1354 1664,1368 1706,1348 1731,1372 1769,1360 1823,1379 1961,1355 2037,1373 2037,1321 2003,1309 1935,1327 1899,1307 1833,1321 1807,1305 1767,1325 1740,1309 1694,1328 1580,1324 1556,1302 1508,1326 1454,1306"/>
                <Baseline points="1463,1344 1491,1344 1519,1345 1547,1346 1575,1346 1604,1346 1632,1344 1660,1344 1688,1344 1716,1344 1745,1344 1773,1343 1801,1343 1829,1343 1857,1343 1886,1344 1914,1344 1942,1345 1970,1346 1998,1347 2027,1350"/>
                <TextEquiv>
                    <Unicode>dienst in der nachbarschafft gmeinlich</Unicode>
                </TextEquiv>
            </TextLine>
            <TextLine id="r2l20" custom="readingOrder {index:19;}">
                <Coords points="1466,1412 1490,1408 1508,1416 1530,1412 1534,1416 1558,1416 1576,1398 1600,1402 1600,1364 1588,1366 1576,1354 1542,1356 1534,1364 1526,1364 1514,1354 1508,1358 1500,1350 1486,1348 1476,1358 1466,1358"/>
                <Baseline points="1475,1385 1503,1385 1532,1385 1561,1385 1590,1385"/>
                <TextEquiv>
                    <Unicode>ufwyse.</Unicode>
                </TextEquiv>
            </TextLine>
            <TextLine id="r2l21" custom="readingOrder {index:20;}">
                <Coords points="1439,1459 1523,1479 1641,1459 1675,1480 1755,1456 1824,1488 1888,1458 1922,1486 1948,1464 2026,1476 2026,1394 1968,1416 1910,1394 1848,1428 1818,1408 1788,1434 1725,1403 1669,1431 1439,1409"/>
                <Baseline points="1449,1464 1477,1461 1505,1460 1534,1458 1562,1458 1590,1457 1619,1455 1647,1455 1675,1455 1704,1455 1732,1455 1760,1455 1789,1455 1817,1455 1845,1457 1874,1457 1902,1458 1930,1458 1959,1460 1987,1460 2016,1461"/>
                <TextEquiv>
                    <Unicode>Hans Rudolff Zigerli züget, daß er</Unicode>
                </TextEquiv>
            </TextLine>
            <TextLine id="r2l22" custom="readingOrder {index:21;}">
                <Coords points="1435,1516 1637,1497 1691,1519 1805,1497 1842,1519 1968,1501 2010,1515 2010,1479 1962,1459 1906,1477 1888,1459 1860,1475 1841,1459 1687,1475 1637,1459 1541,1479 1435,1459"/>
                <Baseline points="1445,1503 1472,1501 1500,1499 1528,1497 1556,1496 1583,1496 1611,1494 1639,1494 1667,1494 1694,1494 1722,1494 1750,1494 1778,1496 1805,1496 1833,1497 1861,1497 1889,1497 1916,1499 1944,1499 1972,1499 2000,1499"/>
                <TextEquiv>
                    <Unicode>zn gmein knecht und mögt, da gsetzen</Unicode>
                </TextEquiv>
            </TextLine>
            <TextLine id="r2l23" custom="readingOrder {index:22;}">
                <Coords points="1445,1551 1529,1557 1557,1541 1610,1559 1646,1531 1940,1551 2020,1543 2020,1507 1838,1517 1810,1497 1778,1511 1678,1495 1445,1513"/>
                <Baseline points="1455,1541 1482,1538 1510,1536 1538,1533 1565,1532 1593,1532 1621,1530 1648,1530 1676,1530 1704,1530 1732,1530 1759,1531 1787,1532 1815,1532 1842,1533 1870,1533 1898,1534 1925,1535 1953,1535 1981,1535 2009,1535"/>
                <TextEquiv>
                    <Unicode>yn und ußwandlen, demnach habint</Unicode>
                </TextEquiv>
            </TextLine>
            <TextLine id="r2l24" custom="readingOrder {index:23;}">
                <Coords points="1448,1598 1699,1568 1801,1594 1833,1570 1873,1595 1909,1570 2011,1580 2010,1544 1978,1537 1648,1531 1595,1555 1556,1541 1447,1556"/>
                <Baseline points="1457,1583 1484,1580 1511,1578 1538,1575 1565,1574 1592,1572 1619,1571 1647,1569 1674,1569 1701,1568 1728,1566 1755,1566 1782,1566 1809,1566 1837,1566 1864,1566 1891,1568 1918,1568 1945,1569 1972,1569 2000,1571"/>
                <TextEquiv>
                    <Unicode>y vor einem jar ein wybs personen möge</Unicode>
                </TextEquiv>
            </TextLine>
            <TextLine id="r2l25" custom="readingOrder {index:24;}">
                <Coords points="1435,1623 1557,1631 1601,1614 1645,1639 1716,1611 1830,1607 1923,1629 1964,1606 2016,1619 2015,1579 1932,1587 1907,1571 1876,1588 1831,1571 1814,1587 1702,1567 1634,1591 1552,1577 1434,1597"/>
                <Baseline points="1445,1616 1473,1616 1501,1614 1529,1614 1557,1614 1585,1613 1613,1613 1641,1611 1669,1611 1697,1610 1725,1610 1753,1609 1781,1608 1809,1608 1837,1608 1865,1607 1893,1607 1921,1605 1949,1605 1977,1605 2006,1604"/>
                <TextEquiv>
                    <Unicode>nit wüßen, ob sy imme oder ira verwant,</Unicode>
                </TextEquiv>
            </TextLine>
            <TextLine id="r2l26" custom="readingOrder {index:25;}">
                <Coords points="1434,1660 1691,1672 1771,1650 1797,1670 1821,1650 1861,1667 1933,1648 2045,1676 2044,1612 1433,1626"/>
                <Baseline points="1443,1650 1472,1650 1502,1652 1531,1652 1561,1652 1590,1652 1620,1652 1649,1652 1679,1650 1708,1650 1738,1649 1768,1649 1797,1647 1827,1647 1856,1646 1886,1646 1915,1644 1945,1644 1974,1644 2004,1644 2034,1644"/>
                <TextEquiv>
                    <Unicode>lange zyth ufenthalten, behuset und behoffet,</Unicode>
                </TextEquiv>
            </TextLine>
            <TextLine id="r2l27" custom="readingOrder {index:26;}">
                <Coords points="1420,1700 1476,1713 1514,1692 1594,1715 1652,1690 1775,1689 1876,1709 1929,1688 1985,1714 2019,1703 2019,1657 1957,1670 1933,1648 1869,1667 1771,1651 1659,1672 1619,1655 1490,1673 1419,1656"/>
                <Baseline points="1430,1691 1460,1691 1490,1691 1521,1691 1551,1691 1582,1689 1612,1689 1643,1688 1673,1688 1704,1686 1734,1685 1765,1685 1795,1684 1826,1683 1856,1683 1887,1683 1917,1685 1948,1685 1978,1686 2009,1688"/>
                <TextEquiv>
                    <Unicode>die nit ein guten namen haben sollen, sye</Unicode>
                </TextEquiv>
            </TextLine>
            <TextLine id="r2l28" custom="readingOrder {index:27;}">
                <Coords points="1418,1732 2035,1736 2034,1704 1938,1689 1417,1704"/>
                <Baseline points="1428,1728 1457,1728 1487,1728 1517,1727 1547,1727 1577,1727 1606,1727 1636,1727 1666,1725 1696,1725 1726,1725 1755,1725 1785,1724 1815,1724 1845,1724 1875,1722 1904,1722 1934,1722 1964,1722 1994,1722 2024,1721"/>
                <TextEquiv>
                    <Unicode>von frouw, Ob aber die ein und anderen</Unicode>
                </TextEquiv>
            </TextLine>
            <TextLine id="r2l29" custom="readingOrder {index:28;}">
                <Coords points="1417,1786 1485,1773 1515,1790 1562,1770 1623,1785 1660,1766 1746,1787 1836,1768 2026,1773 2025,1735 1999,1732 1772,1743 1660,1721 1610,1745 1534,1730 1494,1751 1416,1732"/>
                <Baseline points="1427,1772 1456,1770 1485,1769 1515,1769 1544,1768 1574,1767 1603,1767 1632,1766 1662,1766 1691,1764 1721,1764 1750,1764 1779,1763 1809,1763 1838,1763 1868,1763 1897,1763 1926,1763 1956,1763 1985,1763 2015,1764"/>
                <TextEquiv>
                    <Unicode>da gesen und truncken, oder etwas un¬</Unicode>
                </TextEquiv>
            </TextLine>
            <TextLine id="r2l30" custom="readingOrder {index:29;}">
                <Coords points="1409,1827 1725,1806 1779,1831 1992,1806 2025,1825 2036,1781 1982,1764 1900,1783 1796,1769 1744,1786 1694,1766 1409,1783"/>
                <Baseline points="1419,1812 1449,1811 1479,1811 1510,1810 1540,1809 1571,1808 1601,1808 1631,1808 1662,1806 1692,1806 1723,1805 1753,1805 1783,1805 1814,1804 1844,1803 1875,1803 1905,1803 1935,1803 1966,1803 1996,1803 2027,1803"/>
                <TextEquiv>
                    <Unicode>u gebürlichs verübt, möge er nit wüssen.</Unicode>
                </TextEquiv>
            </TextLine>
            <TextLine id="r2l31" custom="readingOrder {index:30;}">
                <Coords points="1460,1880 1506,1889 1546,1877 1604,1896 1650,1879 1748,1892 1802,1876 1830,1890 1859,1871 1887,1878 1886,1832 1800,1817 1778,1829 1692,1808 1658,1824 1458,1822"/>
                <Baseline points="1470,1869 1495,1868 1520,1868 1546,1866 1571,1866 1597,1865 1622,1864 1648,1863 1673,1863 1698,1862 1724,1860 1749,1860 1775,1860 1800,1859 1826,1859 1851,1859 1877,1859"/>
                <TextEquiv>
                    <Unicode>St. Jacob Fischer züget</Unicode>
                </TextEquiv>
            </TextLine>
            <TextLine id="r2l32" custom="readingOrder {index:31;}">
                <Coords points="1439,1968 1474,1949 1504,1965 1632,1960 1740,1937 1984,1953 2009,1944 2008,1896 1851,1906 1804,1875 1760,1891 1728,1877 1639,1905 1609,1892 1561,1923 1479,1891 1437,1896"/>
                <Baseline points="1449,1949 1476,1946 1504,1945 1531,1944 1559,1943 1586,1941 1614,1941 1641,1940 1669,1940 1696,1938 1724,1938 1752,1938 1779,1937 1807,1937 1834,1937 1862,1935 1889,1935 1917,1935 1944,1934 1972,1934 2000,1932"/>
                <TextEquiv>
                    <Unicode>daß er von anderlichen berichtet, daß sy</Unicode>
                </TextEquiv>
            </TextLine>
            <TextLine id="r2l33" custom="readingOrder {index:32;}">
                <Coords points="1412,2001 1532,1984 1692,1998 1719,1975 1762,1992 1907,1970 2005,1987 2003,1933 1979,1930 1912,1952 1758,1938 1631,1961 1445,1965 1410,1947"/>
                <Baseline points="1421,1988 1449,1986 1478,1985 1506,1983 1535,1982 1564,1980 1592,1979 1621,1977 1650,1976 1678,1975 1707,1974 1736,1973 1764,1973 1793,1971 1822,1971 1850,1970 1879,1969 1908,1968 1936,1968 1965,1967 1994,1967"/>
                <TextEquiv>
                    <Unicode>In zwey oder deyen jaren ein yning</Unicode>
                </TextEquiv>
            </TextLine>
            <TextLine id="r2l34" custom="readingOrder {index:33;}">
                <Coords points="1405,2025 1559,2036 1626,2014 1665,2042 1692,2015 1791,2034 1820,2011 2014,2009 2012,1973 1963,1986 1908,1970 1761,1991 1719,1976 1654,1999 1533,1983 1404,1997"/>
                <Baseline points="1415,2019 1444,2019 1473,2019 1503,2019 1532,2018 1562,2018 1591,2017 1620,2016 1650,2015 1679,2015 1709,2013 1738,2012 1767,2010 1797,2009 1826,2009 1856,2007 1885,2006 1914,2004 1944,2003 1973,2003 2003,2001"/>
                <TextEquiv>
                    <Unicode>von mögten gehept, tag und nacht nit</Unicode>
                </TextEquiv>
            </TextLine>
            <TextLine id="r2l35" custom="readingOrder {index:34;}">
                <Coords points="1401,2085 1552,2057 1699,2071 1724,2054 2002,2047 2001,2021 1963,2008 1781,2011 1761,2029 1691,2015 1650,2034 1629,2015 1560,2035 1525,2019 1400,2029"/>
                <Baseline points="1410,2052 1439,2052 1468,2054 1497,2054 1526,2054 1555,2054 1584,2052 1613,2052 1642,2052 1671,2051 1700,2050 1729,2049 1758,2048 1787,2046 1816,2046 1845,2045 1874,2043 1903,2042 1932,2042 1961,2040 1991,2040"/>
                <TextEquiv>
                    <Unicode>leppigem wesen effen und trinken ver</Unicode>
                </TextEquiv>
            </TextLine>
            <TextLine id="r2l36" custom="readingOrder {index:35;}">
                <Coords points="1405,2125 1461,2125 1486,2099 1587,2115 1628,2095 1892,2100 1915,2077 1970,2103 1997,2075 2035,2076 2033,2034 1802,2069 1768,2052 1489,2075 1402,2059"/>
                <Baseline points="1415,2102 1445,2099 1475,2097 1506,2096 1536,2094 1567,2093 1597,2092 1628,2091 1658,2090 1689,2090 1719,2088 1749,2087 1780,2086 1810,2085 1841,2083 1871,2082 1902,2080 1932,2077 1963,2074 1993,2070 2024,2067"/>
                <TextEquiv>
                    <Unicode>gehrt habint, sonderlich aber deß schnyders</Unicode>
                </TextEquiv>
            </TextLine>
            <TextLine id="r2l37" custom="readingOrder {index:36;}">
                <Coords points="1423,2163 1491,2163 1534,2135 1746,2148 1787,2122 1842,2138 1943,2118 2004,2133 2039,2128 2037,2076 1850,2102 1794,2086 1753,2108 1626,2095 1587,2115 1552,2096 1452,2098 1421,2117"/>
                <Baseline points="1433,2138 1462,2136 1492,2135 1522,2135 1552,2133 1581,2132 1611,2132 1641,2130 1671,2129 1700,2128 1730,2127 1760,2126 1790,2124 1819,2123 1849,2122 1879,2120 1909,2118 1938,2117 1968,2116 1998,2114 2028,2112"/>
                <TextEquiv>
                    <Unicode>hußfrouw, wie dann imme als fürgschön</Unicode>
                </TextEquiv>
            </TextLine>
            <TextLine id="r2l38" custom="readingOrder {index:37;}">
                <Coords points="1959,2183 1969,2182 1976,2174 1992,2167 2001,2158 2009,2161 2023,2160 2021,2124 2009,2125 2007,2123 2003,2126 1992,2116 1987,2123 1981,2121 1977,2124 1964,2118 1954,2119"/>
                <Baseline points="1968,2157 2013,2154"/>
                <TextEquiv>
                    <Unicode>seyen</Unicode>
                </TextEquiv>
            </TextLine>
            <TextLine id="r2l39" custom="readingOrder {index:38;}">
                <Coords points="1406,2187 1451,2197 1506,2176 1652,2182 1847,2160 1906,2180 1927,2161 1963,2165 1961,2131 1943,2124 1840,2137 1787,2121 1644,2148 1534,2135 1463,2157 1404,2141"/>
                <Baseline points="1415,2180 1441,2178 1468,2178 1495,2177 1522,2175 1549,2174 1576,2172 1603,2171 1630,2169 1657,2168 1684,2166 1710,2165 1737,2163 1764,2162 1791,2162 1818,2160 1845,2159 1872,2159 1899,2157 1926,2157 1953,2157"/>
                <TextEquiv>
                    <Unicode>wer klagt worden, die klegten</Unicode>
                </TextEquiv>
            </TextLine>
            <TextLine id="r2l40" custom="readingOrder {index:39;}">
                <Coords points="1415,2233 1510,2212 1547,2231 1638,2208 1669,2229 1757,2203 1794,2223 1817,2198 1924,2223 1963,2198 2033,2202 2031,2157 1413,2183"/>
                <Baseline points="1424,2217 1453,2216 1483,2213 1513,2211 1543,2211 1573,2210 1603,2208 1633,2207 1663,2205 1693,2205 1723,2204 1752,2202 1782,2201 1812,2199 1842,2198 1872,2196 1902,2195 1932,2194 1962,2192 1992,2190 2022,2187"/>
                <TextEquiv>
                    <Unicode>im fürkommen von dem hr. stattschlosser</Unicode>
                </TextEquiv>
            </TextLine>
            <TextLine id="r2l41" custom="readingOrder {index:40;}">
                <Coords points="1424,2265 1482,2256 1525,2282 1592,2255 1629,2278 1654,2254 1778,2265 1823,2243 1896,2263 2023,2237 2022,2209 1963,2196 1886,2220 1817,2199 1792,2224 1761,2203 1423,2233"/>
                <Baseline points="1434,2256 1462,2255 1491,2254 1520,2253 1549,2252 1578,2252 1607,2250 1636,2249 1665,2248 1694,2247 1723,2246 1751,2244 1780,2243 1809,2241 1838,2240 1867,2238 1896,2237 1925,2235 1954,2233 1983,2230 2012,2228"/>
                <TextEquiv>
                    <Unicode>und syner hußfrouwen, auch von etlichen</Unicode>
                </TextEquiv>
            </TextLine>
            <TextLine id="r2l42" custom="readingOrder {index:41;}">
                <Coords points="1430,2304 1570,2299 1602,2318 1685,2292 1728,2308 1793,2285 1832,2301 1982,2276 2023,2288 2020,2238 2002,2235 1900,2260 1821,2245 1798,2265 1695,2251 1618,2271 1590,2256 1564,2274 1428,2268"/>
                <Baseline points="1440,2297 1468,2297 1497,2295 1525,2294 1554,2294 1583,2292 1611,2291 1640,2290 1669,2289 1697,2288 1726,2286 1755,2285 1783,2283 1812,2282 1841,2280 1869,2278 1898,2277 1927,2275 1955,2274 1984,2273 2013,2271"/>
                <TextEquiv>
                    <Unicode>anderen wyberen, daruff er aber nütz</Unicode>
                </TextEquiv>
            </TextLine>
            <TextLine id="r2l43" custom="readingOrder {index:42;}">
                <Coords points="1431,2348 1479,2356 1518,2340 1545,2351 1582,2343 1601,2361 1625,2349 1651,2356 1649,2308 1587,2313 1570,2300 1553,2305 1538,2299 1497,2319 1472,2299 1429,2305"/>
                <Baseline points="1440,2340 1465,2339 1490,2337 1515,2336 1540,2336 1565,2334 1590,2333 1615,2332 1640,2330"/>
                <TextEquiv>
                    <Unicode>setzen können</Unicode>
                </TextEquiv>
            </TextLine>
            <TextLine id="r2l44" custom="readingOrder {index:43;}">
                <Coords points="1465,2430 1591,2432 1642,2398 1700,2407 1764,2393 1790,2408 1820,2395 1856,2412 1918,2400 1917,2360 1809,2371 1732,2344 1587,2372 1463,2354"/>
                <Baseline points="1475,2406 1500,2404 1525,2402 1551,2400 1576,2399 1602,2397 1627,2397 1653,2396 1678,2396 1704,2394 1729,2394 1755,2394 1780,2394 1806,2393 1831,2393 1857,2391 1882,2390 1908,2388"/>
                <TextEquiv>
                    <Unicode>zwonymus stattler der</Unicode>
                </TextEquiv>
            </TextLine>
            <TextLine id="r2l45" custom="readingOrder {index:44;}">
                <Coords points="1617,2460 1649,2462 1662,2449 1689,2458 1712,2436 1726,2431 1732,2437 1766,2434 1765,2400 1741,2405 1733,2399 1725,2405 1707,2402 1701,2406 1689,2400 1669,2413 1641,2398 1615,2405"/>
                <Baseline points="1626,2433 1651,2432 1677,2430 1703,2429 1729,2429 1755,2430"/>
                <TextEquiv>
                    <Unicode>Schnyder.</Unicode>
                </TextEquiv>
            </TextLine>
            <TextLine id="r2l46" custom="readingOrder {index:45;}">
                <Coords points="1422,2493 1525,2483 1604,2507 1695,2471 1803,2495 1835,2476 2027,2486 2025,2404 1963,2409 1926,2444 1710,2437 1635,2461 1576,2430 1513,2443 1464,2416 1420,2431"/>
                <Baseline points="1431,2478 1460,2478 1489,2477 1518,2477 1548,2477 1577,2477 1606,2477 1635,2477 1665,2477 1694,2477 1723,2477 1752,2475 1782,2475 1811,2474 1840,2474 1869,2472 1899,2470 1928,2469 1957,2466 1986,2465 2016,2462"/>
                <TextEquiv>
                    <Unicode>Habe gesechen, daß vil mägt stäts da us</Unicode>
                </TextEquiv>
            </TextLine>
            <TextLine id="r2l47" custom="readingOrder {index:46;}">
                <Coords points="1421,2527 1501,2514 1525,2538 1543,2525 1595,2546 1643,2519 1697,2541 1762,2515 1882,2535 2006,2503 2005,2485 1867,2478 1806,2495 1756,2478 1620,2498 1592,2482 1568,2499 1526,2482 1420,2493"/>
                <Baseline points="1430,2513 1458,2514 1486,2514 1514,2514 1543,2516 1571,2516 1599,2516 1627,2516 1656,2516 1684,2516 1712,2516 1740,2516 1769,2515 1797,2514 1825,2513 1853,2512 1882,2510 1910,2509 1938,2506 1966,2503 1995,2501"/>
                <TextEquiv>
                    <Unicode>und yngangen, also das er zu synem</Unicode>
                </TextEquiv>
            </TextLine>
            <TextLine id="r2l48" custom="readingOrder {index:47;}">
                <Coords points="1421,2572 1509,2562 1639,2584 1894,2555 1973,2578 2022,2551 2021,2499 1880,2534 1762,2516 1702,2537 1654,2518 1421,2528"/>
                <Baseline points="1431,2553 1460,2553 1489,2553 1518,2553 1547,2555 1576,2555 1605,2555 1634,2555 1663,2555 1692,2555 1721,2555 1750,2555 1779,2555 1808,2553 1837,2552 1866,2552 1895,2549 1924,2547 1953,2545 1982,2542 2012,2540"/>
                <TextEquiv>
                    <Unicode>nachburen gredt, er glaube, das alle mägdt</Unicode>
                </TextEquiv>
            </TextLine>
            <TextEquiv>
                <Unicode>Barne
segen Hanß Cunrad Schumacher
ynzug, sind nachvolgende zügen,
hr den Rats bevelch verhört worden,
Jacob Gummier der schryber zug
daß die ehementschen uf ein zyth und
s Jacobs tag diensten ynzogen, die in
wesen in dem hinderen gmach ghan he
bindt, demnach etliche ergöünder die
da truncken,
Furs drit dem Eggli von Krouwen
licher lang mit ira gesprochet, und als
er gezüg wider aben kan, habe man
im anzeigt, er sye mit ira in die
stuben hinufgangen, da er wider
a umb mit ira red gehalten, und als sy
die lüth ersuchen, sich nebent sich gemacht,
sonsten sye sy also beschaffen, daß sy die
dienst in der nachbarschafft gmeinlich
ufwyse.
Hans Rudolff Zigerli züget, daß er
zn gmein knecht und mögt, da gsetzen
yn und ußwandlen, demnach habint
y vor einem jar ein wybs personen möge
nit wüßen, ob sy imme oder ira verwant,
lange zyth ufenthalten, behuset und behoffet,
die nit ein guten namen haben sollen, sye
von frouw, Ob aber die ein und anderen
da gesen und truncken, oder etwas un¬
u gebürlichs verübt, möge er nit wüssen.
St. Jacob Fischer züget
daß er von anderlichen berichtet, daß sy
In zwey oder deyen jaren ein yning
von mögten gehept, tag und nacht nit
leppigem wesen effen und trinken ver
gehrt habint, sonderlich aber deß schnyders
hußfrouw, wie dann imme als fürgschön
seyen
wer klagt worden, die klegten
im fürkommen von dem hr. stattschlosser
und syner hußfrouwen, auch von etlichen
anderen wyberen, daruff er aber nütz
setzen können
zwonymus stattler der
Schnyder.
Habe gesechen, daß vil mägt stäts da us
und yngangen, also das er zu synem
nachburen gredt, er glaube, das alle mägdt</Unicode>
            </TextEquiv>
        </TextRegion>
        <TextRegion orientation="0.0" id="r3" custom="readingOrder {index:2;}">
            <Coords points="2108,366 2108,2545 2811,2545 2811,366"/>
            <TextLine id="r3l1" custom="readingOrder {index:0;}">
                <Coords points="2672,402 2692,402 2696,398 2706,397 2722,407 2738,400 2748,404 2756,398 2766,397 2765,358 2755,358 2749,352 2735,355 2709,353 2699,358 2689,352 2671,355"/>
                <Baseline points="2681,389 2706,386 2731,386 2756,386"/>
                <TextEquiv>
                    <Unicode>381</Unicode>
                </TextEquiv>
            </TextLine>
            <TextLine id="r3l2" custom="readingOrder {index:1;}">
                <Coords points="2099,551 2301,505 2450,513 2478,488 2619,479 2672,500 2699,473 2786,479 2779,411 2653,450 2396,430 2269,464 2212,453 2184,482 2144,458 2092,479"/>
                <Baseline points="2108,536 2141,529 2174,523 2207,517 2241,512 2274,507 2307,502 2341,498 2374,495 2407,491 2441,488 2474,485 2507,483 2540,481 2574,479 2607,476 2640,475 2674,473 2707,471 2740,471 2774,470"/>
                <TextEquiv>
                    <Unicode>So zu Arouw vnd ein stund da vmbher da¬</Unicode>
                </TextEquiv>
            </TextLine>
            <TextLine id="r3l3" custom="readingOrder {index:2;}">
                <Coords points="2681,543 2703,538 2716,542 2728,540 2739,525 2750,531 2776,518 2767,471 2752,474 2748,479 2725,473 2706,479 2699,474 2693,477 2682,494 2672,496"/>
                <Baseline points="2688,524 2714,520 2740,510 2766,513"/>
                <TextEquiv>
                    <Unicode>uff ha</Unicode>
                </TextEquiv>
            </TextLine>
            <TextLine id="r3l4" custom="readingOrder {index:3;}">
                <Coords points="2116,596 2162,571 2314,550 2435,558 2497,529 2607,549 2682,517 2678,477 2496,501 2474,489 2451,512 2321,503 2218,537 2110,542"/>
                <Baseline points="2123,575 2150,571 2177,566 2205,562 2232,558 2260,554 2287,549 2315,546 2342,542 2370,539 2397,535 2424,532 2452,529 2479,528 2507,525 2534,523 2562,522 2589,521 2617,519 2644,519 2672,519"/>
                <TextEquiv>
                    <Unicode>heimen, da iren zu und underschlos</Unicode>
                </TextEquiv>
            </TextLine>
            <TextLine id="r3l5" custom="readingOrder {index:4;}">
                <Coords points="2113,639 2147,621 2198,634 2232,609 2347,613 2388,587 2412,601 2483,570 2602,594 2687,564 2751,579 2791,563 2787,524 2605,546 2499,526 2315,575 2271,557 2164,571 2109,603"/>
                <Baseline points="2121,626 2155,619 2190,611 2225,605 2259,600 2294,595 2329,590 2363,585 2398,581 2433,578 2467,575 2502,572 2537,569 2571,567 2606,566 2641,563 2675,561 2710,560 2745,558 2780,557"/>
                <TextEquiv>
                    <Unicode>bindt, Insonderheit habe sich etwan 14. tag</Unicode>
                </TextEquiv>
            </TextLine>
            <TextLine id="r3l6" custom="readingOrder {index:5;}">
                <Coords points="2109,670 2184,684 2253,643 2370,658 2433,624 2765,613 2790,603 2787,569 2606,564 2544,589 2484,570 2411,602 2322,590 2296,617 2105,632"/>
                <Baseline points="2118,663 2151,657 2184,653 2217,648 2250,643 2283,639 2316,634 2349,631 2382,628 2415,624 2449,620 2482,617 2515,614 2548,612 2581,609 2614,606 2647,604 2680,602 2713,601 2746,599 2780,597"/>
                <TextEquiv>
                    <Unicode>lang ein verwißne von Krouw, die mit</Unicode>
                </TextEquiv>
            </TextLine>
            <TextLine id="r3l7" custom="readingOrder {index:6;}">
                <Coords points="2109,721 2371,684 2405,707 2446,679 2474,700 2555,658 2719,675 2791,654 2787,616 2686,609 2608,633 2543,617 2341,653 2252,645 2184,682 2105,679"/>
                <Baseline points="2118,707 2151,701 2184,697 2217,691 2250,687 2283,683 2316,679 2349,674 2382,670 2415,666 2449,663 2482,660 2515,659 2548,655 2581,652 2614,651 2647,649 2680,647 2713,645 2746,645 2780,644"/>
                <TextEquiv>
                    <Unicode>dem Erbli sich vergangen haben sol, alda</Unicode>
                </TextEquiv>
            </TextLine>
            <TextLine id="r3l8" custom="readingOrder {index:7;}">
                <Coords points="2117,767 2135,769 2177,749 2211,761 2239,741 2294,734 2305,743 2333,738 2327,692 2283,710 2243,701 2219,716 2208,707 2199,716 2190,709 2180,723 2151,706 2111,717"/>
                <Baseline points="2124,747 2152,745 2180,741 2208,737 2236,733 2264,729 2292,726 2321,725"/>
                <TextEquiv>
                    <Unicode>uffenthalten.</Unicode>
                </TextEquiv>
            </TextLine>
            <TextLine id="r3l9" custom="readingOrder {index:8;}">
                <Coords points="2133,851 2209,832 2243,850 2377,806 2711,819 2776,785 2772,735 2603,724 2469,776 2358,767 2296,789 2219,755 2127,781"/>
                <Baseline points="2142,840 2173,834 2204,828 2235,823 2266,818 2297,813 2328,810 2360,807 2391,804 2422,801 2453,798 2484,796 2515,794 2546,793 2578,791 2609,790 2640,787 2671,786 2702,784 2733,783 2765,780"/>
                <TextEquiv>
                    <Unicode>Hanß Lychman der Tischmacher</Unicode>
                </TextEquiv>
            </TextLine>
            <TextLine id="r3l10" custom="readingOrder {index:9;}">
                <Coords points="2366,859 2382,862 2386,858 2410,869 2426,868 2438,859 2448,867 2484,857 2510,858 2508,816 2498,817 2476,804 2470,810 2462,806 2436,814 2424,806 2404,811 2398,805 2378,806 2364,811"/>
                <Baseline points="2375,839 2406,836 2437,834 2468,833 2499,834"/>
                <TextEquiv>
                    <Unicode>zuget.</Unicode>
                </TextEquiv>
            </TextLine>
            <TextLine id="r3l11" custom="readingOrder {index:10;}">
                <Coords points="2121,944 2481,887 2588,897 2622,879 2676,898 2766,875 2763,837 2644,815 2608,835 2561,823 2530,858 2336,865 2284,886 2246,866 2214,893 2114,871"/>
                <Baseline points="2129,932 2160,927 2191,921 2223,916 2254,911 2285,908 2317,903 2348,899 2379,896 2411,892 2442,890 2473,887 2505,885 2536,882 2567,879 2599,878 2630,876 2661,873 2693,872 2724,870 2756,869"/>
                <TextEquiv>
                    <Unicode>vor 4 jaren habe er vorgenommen,</Unicode>
                </TextEquiv>
            </TextLine>
            <TextLine id="r3l12" custom="readingOrder {index:11;}">
                <Coords points="2117,996 2318,949 2477,960 2533,933 2632,951 2708,918 2797,927 2792,867 2676,899 2622,879 2460,905 2441,890 2113,944"/>
                <Baseline points="2124,969 2157,965 2190,961 2223,956 2256,953 2289,949 2322,945 2355,942 2388,938 2421,936 2455,933 2488,930 2521,927 2554,926 2587,923 2620,921 2653,919 2686,918 2719,917 2752,915 2786,914"/>
                <TextEquiv>
                    <Unicode>daß allerley mägt, Insonders ire landt¬</Unicode>
                </TextEquiv>
            </TextLine>
            <TextLine id="r3l13" custom="readingOrder {index:12;}">
                <Coords points="2121,1029 2169,1007 2264,1014 2294,991 2396,1004 2462,976 2776,972 2769,914 2117,977"/>
                <Baseline points="2130,1010 2161,1005 2193,1001 2225,996 2257,992 2288,989 2320,986 2352,982 2384,980 2415,977 2447,975 2479,974 2511,971 2542,970 2574,968 2606,965 2638,964 2669,962 2701,961 2733,959 2765,957"/>
                <TextEquiv>
                    <Unicode>lüth, da uß und yn gewandlet, sonderlich</Unicode>
                </TextEquiv>
            </TextLine>
            <TextLine id="r3l14" custom="readingOrder {index:13;}">
                <Coords points="2108,1078 2211,1040 2269,1061 2354,1020 2468,1045 2615,1005 2780,1017 2776,971 2714,964 2104,1030"/>
                <Baseline points="2115,1052 2147,1047 2180,1044 2212,1039 2245,1035 2278,1032 2310,1029 2343,1025 2376,1022 2408,1019 2441,1016 2474,1013 2506,1011 2539,1009 2572,1007 2604,1004 2637,1004 2670,1002 2702,1001 2735,999 2768,999"/>
                <TextEquiv>
                    <Unicode>umb das zyth, wenn sy gewandlet, was</Unicode>
                </TextEquiv>
            </TextLine>
            <TextLine id="r3l15" custom="readingOrder {index:14;}">
                <Coords points="2109,1101 2202,1114 2240,1091 2291,1105 2335,1073 2399,1097 2791,1063 2788,1021 2704,1003 2557,1014 2530,1035 2463,1018 2439,1042 2401,1020 2337,1049 2191,1046 2107,1071"/>
                <Baseline points="2118,1097 2151,1091 2184,1087 2217,1082 2250,1077 2283,1073 2316,1069 2349,1066 2382,1064 2415,1060 2449,1058 2482,1056 2515,1054 2548,1052 2581,1050 2614,1049 2647,1047 2680,1047 2713,1046 2746,1045 2780,1044"/>
                <TextEquiv>
                    <Unicode>aber sy da gehandlet, möge er nit wüßen.</Unicode>
                </TextEquiv>
            </TextLine>
            <TextLine id="r3l16" custom="readingOrder {index:15;}">
                <Coords points="2140,1193 2224,1168 2275,1184 2310,1145 2338,1141 2407,1154 2503,1130 2566,1161 2586,1141 2652,1132 2647,1075 2509,1096 2481,1080 2433,1096 2321,1080 2305,1100 2263,1107 2242,1091 2210,1115 2174,1094 2133,1105"/>
                <Baseline points="2147,1169 2173,1163 2199,1157 2225,1152 2251,1148 2277,1143 2303,1140 2329,1138 2355,1136 2381,1134 2407,1133 2433,1131 2459,1130 2485,1128 2511,1128 2537,1127 2563,1127 2589,1126 2615,1125 2642,1124"/>
                <TextEquiv>
                    <Unicode>Hanß Ulrich Dulligker</Unicode>
                </TextEquiv>
            </TextLine>
            <TextLine id="r3l17" custom="readingOrder {index:16;}">
                <Coords points="2117,1230 2386,1189 2614,1183 2681,1203 2776,1182 2756,1129 2684,1152 2612,1133 2564,1163 2502,1131 2470,1155 2434,1134 2411,1154 2339,1141 2275,1181 2228,1168 2194,1187 2112,1159"/>
                <Baseline points="2127,1223 2158,1217 2190,1211 2222,1207 2254,1203 2286,1198 2318,1195 2350,1193 2382,1191 2414,1188 2446,1186 2477,1185 2509,1184 2541,1181 2573,1180 2605,1179 2637,1178 2669,1177 2701,1175 2733,1173 2765,1172"/>
                <TextEquiv>
                    <Unicode>habe von ime nie nüth anders gsechen,</Unicode>
                </TextEquiv>
            </TextLine>
            <TextLine id="r3l18" custom="readingOrder {index:17;}">
                <Coords points="2127,1270 2310,1239 2375,1257 2420,1234 2484,1244 2515,1222 2554,1248 2649,1224 2714,1249 2786,1240 2783,1190 2753,1177 2680,1199 2381,1188 2126,1232"/>
                <Baseline points="2136,1251 2167,1248 2199,1244 2231,1241 2263,1239 2295,1236 2327,1234 2359,1232 2391,1230 2423,1229 2455,1227 2486,1226 2518,1224 2550,1224 2582,1223 2614,1223 2646,1222 2678,1221 2710,1221 2742,1220 2774,1220"/>
                <TextEquiv>
                    <Unicode>als liebs und guts, sy sye zwar rüß,</Unicode>
                </TextEquiv>
            </TextLine>
            <TextLine id="r3l19" custom="readingOrder {index:18;}">
                <Coords points="2129,1302 2244,1283 2334,1286 2369,1310 2421,1276 2484,1295 2537,1270 2572,1294 2592,1280 2666,1292 2688,1283 2685,1231 2539,1242 2516,1221 2485,1243 2431,1234 2368,1256 2303,1237 2127,1270"/>
                <Baseline points="2139,1292 2165,1288 2192,1286 2219,1283 2246,1281 2273,1279 2300,1275 2326,1273 2353,1271 2380,1270 2407,1268 2434,1266 2461,1265 2488,1263 2514,1262 2541,1262 2568,1261 2595,1260 2622,1260 2649,1262 2676,1262"/>
                <TextEquiv>
                    <Unicode>aber vom ynzug wüße er nüth</Unicode>
                </TextEquiv>
            </TextLine>
            <TextLine id="r3l20" custom="readingOrder {index:19;}">
                <Coords points="2116,1350 2209,1382 2426,1355 2456,1371 2496,1341 2628,1370 2757,1342 2798,1355 2781,1265 2662,1297 2518,1273 2480,1296 2420,1276 2371,1309 2244,1283 2115,1308"/>
                <Baseline points="2127,1346 2160,1347 2193,1349 2226,1350 2259,1350 2292,1350 2325,1349 2358,1347 2391,1346 2424,1344 2457,1342 2490,1340 2523,1339 2556,1337 2589,1335 2622,1335 2655,1334 2688,1334 2721,1335 2754,1337 2787,1338"/>
                <TextEquiv>
                    <Unicode>r Monnier relatien uß der Brätz¬</Unicode>
                </TextEquiv>
            </TextLine>
            <TextLine id="r3l21" custom="readingOrder {index:20;}">
                <Coords points="2125,1391 2139,1393 2145,1390 2147,1392 2152,1388 2160,1389 2162,1387 2165,1390 2177,1391 2182,1349 2168,1348 2158,1351 2150,1348 2141,1353 2130,1350"/>
                <Baseline points="2138,1374 2168,1377"/>
                <TextEquiv>
                    <Unicode>6</Unicode>
                </TextEquiv>
            </TextLine>
            <TextLine id="r3l22" custom="readingOrder {index:21;}">
                <Coords points="2283,1418 2322,1406 2342,1413 2373,1393 2426,1407 2432,1400 2448,1405 2465,1390 2492,1401 2528,1401 2525,1343 2459,1341 2440,1360 2413,1357 2388,1371 2369,1358 2334,1372 2318,1362 2280,1368"/>
                <Baseline points="2291,1391 2316,1389 2341,1389 2366,1388 2391,1386 2416,1385 2441,1383 2466,1382 2491,1380 2516,1379"/>
                <TextEquiv>
                    <Unicode>inen mundt</Unicode>
                </TextEquiv>
            </TextLine>
            <TextLine id="r3l23" custom="readingOrder {index:22;}">
                <Coords points="2120,1474 2157,1455 2211,1482 2269,1449 2407,1456 2514,1432 2773,1445 2769,1378 2704,1403 2552,1401 2527,1380 2504,1401 2311,1421 2204,1400 2117,1417"/>
                <Baseline points="2130,1452 2161,1451 2193,1449 2224,1447 2256,1445 2288,1443 2319,1440 2351,1439 2382,1436 2414,1434 2446,1433 2477,1431 2509,1428 2540,1427 2572,1426 2604,1425 2635,1424 2667,1424 2698,1424 2730,1424 2762,1424"/>
                <TextEquiv>
                    <Unicode>daß sy vor drithalben jaren allerley</Unicode>
                </TextEquiv>
            </TextLine>
            <TextLine id="r3l24" custom="readingOrder {index:23;}">
                <Coords points="2133,1518 2202,1501 2291,1518 2325,1488 2395,1478 2527,1493 2578,1468 2747,1478 2749,1441 2359,1442 2310,1467 2213,1444 2188,1471 2130,1468"/>
                <Baseline points="2142,1496 2171,1495 2201,1492 2231,1490 2261,1487 2291,1486 2321,1484 2350,1482 2380,1479 2410,1478 2440,1477 2470,1475 2500,1473 2530,1472 2559,1470 2589,1469 2619,1469 2649,1467 2679,1467 2709,1466 2739,1466"/>
                <TextEquiv>
                    <Unicode>lägt ynzogen, sonderlich habe sich eine</Unicode>
                </TextEquiv>
            </TextLine>
            <TextLine id="r3l25" custom="readingOrder {index:24;}">
                <Coords points="2133,1548 2424,1520 2467,1541 2495,1517 2562,1531 2645,1510 2728,1523 2781,1510 2779,1468 2577,1470 2486,1494 2393,1480 2305,1509 2284,1495 2131,1518"/>
                <Baseline points="2142,1541 2173,1538 2204,1535 2236,1533 2267,1530 2299,1527 2330,1525 2362,1523 2393,1521 2425,1518 2456,1517 2487,1515 2519,1513 2550,1511 2582,1509 2613,1508 2645,1506 2676,1505 2708,1504 2739,1503 2771,1502"/>
                <TextEquiv>
                    <Unicode>von frouw da enthalten, in derselben</Unicode>
                </TextEquiv>
            </TextLine>
            <TextLine id="r3l26" custom="readingOrder {index:25;}">
                <Coords points="2127,1593 2292,1598 2354,1572 2587,1553 2656,1577 2691,1551 2747,1553 2745,1517 2124,1545"/>
                <Baseline points="2136,1581 2166,1580 2196,1578 2226,1576 2256,1574 2286,1572 2316,1569 2346,1568 2376,1565 2406,1563 2436,1561 2466,1559 2496,1557 2526,1554 2556,1553 2586,1551 2616,1550 2646,1548 2676,1547 2706,1547 2736,1547"/>
                <TextEquiv>
                    <Unicode>zyth syn Eggli von Krouw einist, da</Unicode>
                </TextEquiv>
            </TextLine>
            <TextLine id="r3l27" custom="readingOrder {index:26;}">
                <Coords points="2132,1646 2161,1630 2181,1627 2198,1640 2223,1626 2248,1643 2284,1632 2324,1644 2360,1613 2389,1620 2386,1576 2297,1594 2256,1584 2239,1597 2195,1594 2186,1603 2129,1595"/>
                <Baseline points="2141,1619 2167,1620 2193,1620 2220,1619 2246,1617 2272,1614 2299,1612 2325,1610 2351,1608 2378,1607"/>
                <TextEquiv>
                    <Unicode>hinyn gangen.</Unicode>
                </TextEquiv>
            </TextLine>
            <TextLine id="r3l28" custom="readingOrder {index:27;}">
                <Coords points="2108,1691 2369,1664 2448,1687 2556,1657 2623,1678 2688,1649 2742,1663 2760,1660 2757,1590 2699,1593 2663,1624 2488,1601 2447,1627 2366,1614 2326,1644 2105,1625"/>
                <Baseline points="2118,1674 2149,1673 2181,1671 2212,1668 2244,1667 2276,1665 2307,1663 2339,1661 2370,1659 2402,1658 2434,1656 2465,1655 2497,1653 2528,1652 2560,1650 2592,1649 2623,1648 2655,1647 2686,1647 2718,1646 2750,1646"/>
                <TextEquiv>
                    <Unicode>Uß derselben und der Rustinen mund</Unicode>
                </TextEquiv>
            </TextLine>
            <TextLine id="r3l29" custom="readingOrder {index:28;}">
                <Coords points="2121,1735 2292,1721 2341,1739 2479,1706 2614,1725 2645,1703 2710,1727 2755,1703 2754,1661 2622,1676 2550,1661 2526,1680 2486,1665 2455,1685 2400,1667 2257,1688 2208,1674 2119,1698"/>
                <Baseline points="2130,1725 2160,1723 2191,1719 2222,1718 2253,1715 2283,1713 2314,1711 2345,1710 2376,1708 2406,1706 2437,1706 2468,1704 2499,1703 2529,1703 2560,1703 2591,1701 2622,1701 2652,1701 2683,1701 2714,1701 2745,1701"/>
                <TextEquiv>
                    <Unicode>daß vor ander Räth und burger ufgsin</Unicode>
                </TextEquiv>
            </TextLine>
            <TextLine id="r3l30" custom="readingOrder {index:29;}">
                <Coords points="2114,1784 2247,1756 2283,1777 2353,1751 2589,1770 2642,1740 2749,1765 2782,1754 2780,1694 2715,1722 2649,1702 2600,1724 2479,1707 2113,1742"/>
                <Baseline points="2124,1761 2156,1760 2188,1760 2221,1758 2253,1756 2286,1754 2318,1752 2350,1750 2383,1748 2415,1746 2448,1744 2480,1743 2512,1742 2545,1740 2577,1740 2610,1740 2642,1740 2674,1742 2707,1745 2739,1747 2772,1751"/>
                <TextEquiv>
                    <Unicode>wyler vernommen, daß er abgwisen, sye</Unicode>
                </TextEquiv>
            </TextLine>
            <TextLine id="r3l31" custom="readingOrder {index:30;}">
                <Coords points="2115,1808 2299,1813 2416,1785 2490,1805 2776,1805 2774,1754 2644,1740 2535,1764 2358,1751 2285,1776 2253,1761 2114,1780"/>
                <Baseline points="2124,1802 2156,1800 2188,1798 2220,1796 2252,1795 2284,1793 2316,1791 2348,1790 2380,1788 2412,1787 2445,1785 2477,1784 2509,1782 2541,1781 2573,1781 2605,1781 2637,1781 2669,1781 2701,1781 2733,1782 2766,1784"/>
                <TextEquiv>
                    <Unicode>er heimkommen, die thüren zugeschlagen</Unicode>
                </TextEquiv>
            </TextLine>
            <TextLine id="r3l32" custom="readingOrder {index:31;}">
                <Coords points="2112,1852 2209,1843 2232,1862 2309,1835 2384,1859 2405,1838 2576,1822 2783,1843 2781,1803 2599,1783 2563,1803 2421,1783 2298,1814 2110,1808"/>
                <Baseline points="2121,1839 2153,1839 2186,1839 2218,1837 2251,1836 2283,1835 2316,1832 2348,1831 2381,1829 2413,1827 2446,1825 2479,1823 2511,1823 2544,1821 2576,1820 2609,1820 2641,1820 2674,1820 2706,1821 2739,1823 2772,1824"/>
                <TextEquiv>
                    <Unicode>und glesteret, daß Jäner dem in rechen</Unicode>
                </TextEquiv>
            </TextLine>
            <TextLine id="r3l33" custom="readingOrder {index:32;}">
                <Coords points="2109,1916 2246,1881 2351,1907 2401,1877 2492,1902 2533,1880 2584,1898 2768,1887 2766,1842 2685,1827 2646,1844 2561,1823 2389,1854 2304,1835 2233,1860 2210,1843 2107,1855"/>
                <Baseline points="2118,1884 2151,1883 2185,1881 2218,1878 2252,1877 2286,1875 2319,1874 2353,1872 2387,1871 2420,1868 2454,1867 2487,1865 2521,1864 2555,1863 2588,1862 2622,1862 2656,1862 2689,1862 2723,1862 2757,1863"/>
                <TextEquiv>
                    <Unicode>schieße, der imme swort, so wol darthan</Unicode>
                </TextEquiv>
            </TextLine>
            <TextLine id="r3l34" custom="readingOrder {index:33;}">
                <Coords points="2188,2023 2276,1998 2340,1997 2369,2013 2400,1997 2431,2008 2492,1994 2535,2002 2530,1922 2480,1929 2440,1917 2405,1937 2321,1934 2294,1915 2240,1922 2207,1944 2183,1938"/>
                <Baseline points="2196,1995 2221,1989 2246,1984 2271,1980 2296,1977 2321,1977 2346,1976 2371,1976 2396,1976 2421,1976 2446,1974 2471,1973 2496,1971 2522,1967"/>
                <TextEquiv>
                    <Unicode>Ruggispurg</Unicode>
                </TextEquiv>
            </TextLine>
            <TextLine id="r3l35" custom="readingOrder {index:34;}">
                <Coords points="2158,2071 2335,2045 2405,2070 2445,2041 2479,2064 2566,2033 2607,2052 2822,2051 2821,1981 2705,1984 2656,2011 2492,1994 2460,2017 2156,1995"/>
                <Baseline points="2168,2046 2200,2045 2232,2045 2264,2043 2296,2042 2328,2040 2360,2040 2393,2039 2425,2037 2457,2037 2489,2036 2521,2036 2553,2034 2585,2034 2618,2034 2650,2033 2682,2033 2714,2033 2746,2033 2778,2034 2811,2034"/>
                <TextEquiv>
                    <Unicode>Hanß Stärren hatt sich erclagt, daß die</Unicode>
                </TextEquiv>
            </TextLine>
            <TextLine id="r3l36" custom="readingOrder {index:35;}">
                <Coords points="2123,2094 2342,2086 2365,2108 2432,2082 2506,2099 2566,2077 2588,2097 2673,2071 2756,2097 2798,2082 2797,2044 2633,2054 2567,2033 2497,2057 2122,2060"/>
                <Baseline points="2132,2081 2164,2082 2197,2084 2230,2084 2263,2084 2295,2084 2328,2084 2361,2082 2394,2081 2426,2080 2459,2079 2492,2078 2525,2076 2557,2075 2590,2073 2623,2073 2656,2072 2688,2072 2721,2072 2754,2072 2787,2073"/>
                <TextEquiv>
                    <Unicode>Stärrenbergin nach den sy der gfangen</Unicode>
                </TextEquiv>
            </TextLine>
            <TextLine id="r3l37" custom="readingOrder {index:36;}">
                <Coords points="2139,2156 2276,2127 2432,2150 2499,2118 2775,2136 2815,2125 2814,2087 2668,2070 2529,2098 2477,2081 2373,2105 2325,2084 2137,2095"/>
                <Baseline points="2147,2124 2179,2124 2212,2124 2245,2123 2278,2123 2311,2121 2344,2120 2377,2120 2410,2118 2443,2118 2476,2117 2508,2115 2541,2115 2574,2114 2607,2114 2640,2112 2673,2112 2706,2112 2739,2112 2772,2112 2805,2112"/>
                <TextEquiv>
                    <Unicode>sschafft ledig worden, inne mit Gastgricht</Unicode>
                </TextEquiv>
            </TextLine>
            <TextLine id="r3l38" custom="readingOrder {index:37;}">
                <Coords points="2119,2188 2472,2160 2559,2191 2812,2162 2811,2128 2719,2136 2681,2115 2188,2149 2118,2110"/>
                <Baseline points="2129,2165 2162,2166 2196,2166 2229,2165 2263,2165 2297,2165 2330,2163 2364,2163 2397,2162 2431,2160 2465,2160 2498,2159 2532,2157 2565,2157 2599,2157 2633,2156 2666,2156 2700,2157 2733,2157 2767,2157 2801,2159"/>
                <TextEquiv>
                    <Unicode>angelangt und ein klag zu imme than, es</Unicode>
                </TextEquiv>
            </TextLine>
            <TextLine id="r3l39" custom="readingOrder {index:38;}">
                <Coords points="2131,2217 2409,2225 2535,2203 2717,2227 2748,2198 2796,2212 2796,2170 2751,2152 2620,2183 2470,2160 2323,2187 2288,2168 2131,2183"/>
                <Baseline points="2142,2211 2174,2210 2206,2210 2238,2208 2271,2207 2303,2207 2335,2205 2367,2205 2400,2204 2432,2204 2464,2202 2496,2202 2529,2201 2561,2201 2593,2201 2625,2200 2658,2199 2690,2199 2722,2199 2754,2199 2787,2199"/>
                <TextEquiv>
                    <Unicode>er nit bekantlich, daß er sich dem Spruch</Unicode>
                </TextEquiv>
            </TextLine>
            <TextLine id="r3l40" custom="readingOrder {index:39;}">
                <Coords points="2132,2278 2209,2258 2317,2273 2379,2253 2451,2271 2528,2248 2547,2266 2574,2245 2754,2252 2776,2249 2775,2199 2630,2224 2533,2202 2382,2227 2130,2216"/>
                <Baseline points="2141,2258 2172,2256 2203,2254 2234,2253 2266,2252 2297,2250 2328,2249 2359,2249 2391,2247 2422,2247 2453,2246 2484,2246 2516,2244 2547,2244 2578,2243 2609,2243 2641,2241 2672,2241 2703,2240 2734,2238 2766,2238"/>
                <TextEquiv>
                    <Unicode>y offentlich, der herschafft hinder rucks</Unicode>
                </TextEquiv>
            </TextLine>
            <TextLine id="r3l41" custom="readingOrder {index:40;}">
                <Coords points="2131,2311 2258,2320 2397,2294 2479,2311 2534,2287 2597,2311 2676,2286 2719,2313 2796,2294 2795,2254 2591,2243 2545,2265 2377,2252 2130,2277"/>
                <Baseline points="2142,2303 2174,2301 2206,2300 2238,2298 2271,2297 2303,2295 2335,2292 2367,2290 2400,2289 2432,2287 2464,2285 2496,2283 2529,2283 2561,2282 2593,2282 2625,2280 2658,2280 2690,2282 2722,2282 2754,2285 2787,2286"/>
                <TextEquiv>
                    <Unicode>verklagt, und sonderlich daß sy ein griff und</Unicode>
                </TextEquiv>
            </TextLine>
            <TextLine id="r3l42" custom="readingOrder {index:41;}">
                <Coords points="2134,2354 2209,2368 2280,2339 2384,2348 2411,2331 2558,2351 2617,2325 2656,2344 2777,2334 2776,2300 2714,2310 2674,2287 2599,2310 2534,2288 2479,2311 2398,2294 2359,2317 2332,2296 2257,2320 2133,2310"/>
                <Baseline points="2144,2342 2175,2342 2206,2340 2237,2339 2268,2338 2300,2336 2331,2334 2362,2333 2393,2331 2424,2329 2456,2328 2487,2327 2518,2325 2549,2324 2580,2324 2612,2324 2643,2324 2674,2324 2705,2325 2736,2327 2768,2330"/>
                <TextEquiv>
                    <Unicode>Bösen habe. Darüber er allen losten ab¬</Unicode>
                </TextEquiv>
            </TextLine>
            <TextLine id="r3l43" custom="readingOrder {index:42;}">
                <Coords points="2132,2392 2388,2400 2487,2369 2603,2393 2722,2361 2806,2373 2805,2341 2723,2327 2654,2344 2617,2325 2562,2349 2485,2329 2372,2353 2130,2354"/>
                <Baseline points="2141,2384 2173,2382 2206,2381 2239,2379 2272,2377 2304,2375 2337,2374 2370,2373 2403,2371 2435,2370 2468,2369 2501,2368 2534,2367 2566,2366 2599,2366 2632,2365 2665,2364 2697,2364 2730,2364 2763,2364 2796,2364"/>
                <TextEquiv>
                    <Unicode>tragen und sy offentlich entschlachen sollen</Unicode>
                </TextEquiv>
            </TextLine>
            <TextLine id="r3l44" custom="readingOrder {index:43;}">
                <Coords points="2129,2430 2217,2445 2263,2419 2331,2433 2392,2413 2483,2437 2540,2409 2788,2411 2787,2383 2691,2366 2663,2383 2128,2392"/>
                <Baseline points="2138,2417 2170,2418 2202,2418 2234,2418 2266,2418 2298,2417 2330,2417 2362,2415 2394,2414 2426,2412 2458,2411 2490,2409 2522,2408 2554,2407 2586,2406 2618,2405 2650,2403 2682,2403 2714,2403 2746,2403 2778,2403"/>
                <TextEquiv>
                    <Unicode>weliches er aber nit thun willen, daher</Unicode>
                </TextEquiv>
            </TextLine>
            <TextLine id="r3l45" custom="readingOrder {index:44;}">
                <Coords points="2145,2477 2296,2456 2395,2482 2448,2454 2524,2477 2624,2450 2652,2468 2705,2444 2787,2450 2786,2411 2144,2433"/>
                <Baseline points="2154,2457 2185,2457 2216,2456 2247,2456 2278,2455 2309,2454 2340,2454 2372,2453 2403,2452 2434,2451 2465,2451 2496,2450 2527,2449 2558,2448 2590,2448 2621,2447 2652,2446 2683,2445 2714,2445 2745,2444 2777,2444"/>
                <TextEquiv>
                    <Unicode>einin in die gefangenschafft gebracht</Unicode>
                </TextEquiv>
            </TextLine>
            <TextLine id="r3l46" custom="readingOrder {index:45;}">
                <Coords points="2132,2516 2193,2495 2303,2517 2549,2488 2705,2499 2744,2489 2744,2453 2131,2472"/>
                <Baseline points="2141,2493 2170,2493 2200,2493 2230,2493 2259,2493 2289,2493 2319,2492 2348,2492 2378,2491 2408,2490 2438,2490 2467,2489 2497,2489 2527,2487 2556,2487 2586,2487 2616,2487 2645,2486 2675,2486 2705,2486 2735,2487"/>
                <TextEquiv>
                    <Unicode>worden, hieruff inne die anleitung</Unicode>
                </TextEquiv>
            </TextLine>
            <TextLine id="r3l47" custom="readingOrder {index:46;}">
                <Coords points="2139,2565 2310,2542 2367,2560 2672,2557 2710,2526 2794,2553 2793,2491 2745,2506 2727,2488 2573,2503 2549,2487 2300,2515 2192,2496 2138,2517"/>
                <Baseline points="2148,2535 2179,2535 2211,2534 2243,2532 2275,2532 2307,2531 2338,2529 2370,2529 2402,2528 2434,2528 2466,2526 2497,2525 2529,2525 2561,2525 2593,2525 2625,2525 2656,2525 2688,2525 2720,2526 2752,2528 2784,2529"/>
                <TextEquiv>
                    <Unicode>geben, das er myn herren schultheißen nach¬</Unicode>
                </TextEquiv>
            </TextLine>
            <TextEquiv>
                <Unicode>381
So zu Arouw vnd ein stund da vmbher da¬
uff ha
heimen, da iren zu und underschlos
bindt, Insonderheit habe sich etwan 14. tag
lang ein verwißne von Krouw, die mit
dem Erbli sich vergangen haben sol, alda
uffenthalten.
Hanß Lychman der Tischmacher
zuget.
vor 4 jaren habe er vorgenommen,
daß allerley mägt, Insonders ire landt¬
lüth, da uß und yn gewandlet, sonderlich
umb das zyth, wenn sy gewandlet, was
aber sy da gehandlet, möge er nit wüßen.
Hanß Ulrich Dulligker
habe von ime nie nüth anders gsechen,
als liebs und guts, sy sye zwar rüß,
aber vom ynzug wüße er nüth
r Monnier relatien uß der Brätz¬
6
inen mundt
daß sy vor drithalben jaren allerley
lägt ynzogen, sonderlich habe sich eine
von frouw da enthalten, in derselben
zyth syn Eggli von Krouw einist, da
hinyn gangen.
Uß derselben und der Rustinen mund
daß vor ander Räth und burger ufgsin
wyler vernommen, daß er abgwisen, sye
er heimkommen, die thüren zugeschlagen
und glesteret, daß Jäner dem in rechen
schieße, der imme swort, so wol darthan
Ruggispurg
Hanß Stärren hatt sich erclagt, daß die
Stärrenbergin nach den sy der gfangen
sschafft ledig worden, inne mit Gastgricht
angelangt und ein klag zu imme than, es
er nit bekantlich, daß er sich dem Spruch
y offentlich, der herschafft hinder rucks
verklagt, und sonderlich daß sy ein griff und
Bösen habe. Darüber er allen losten ab¬
tragen und sy offentlich entschlachen sollen
weliches er aber nit thun willen, daher
einin in die gefangenschafft gebracht
worden, hieruff inne die anleitung
geben, das er myn herren schultheißen nach¬</Unicode>
            </TextEquiv>
        </TextRegion>
    </Page>
</PcGts>
