4032 3024
1425 322 1496 383 84
1534 281 1621 353 92
1599 334 2221 471 namsung deß Vatters verhaten, das
1590 400 2207 500 sy, der ussem spittal empfangnent
1569 419 2197 538 durch den Chortteibel vermeldten vn
1591 475 2197 587 tröstung nach uffm nechsten fryta
1604 519 2204 629 sie erschynen, und entzwüschen di
1589 560 2208 671 v Richter mitt Lienhardt von We
1604 604 2207 703 reden sölle, wo er mitt denen wor
1585 650 2204 760 daß das khind Hans P. Stürlers si
1598 690 2210 796 sölle, harkomme, ob und was für
1606 736 2024 808 grund er darumb habe.
1568 813 2052 906 Bern. Berbach.
1574 879 2182 989 Wilhelm fels ist wegen syner an¬
1606 949 2198 1031 sprach gegen s Jost Andegg biß
1603 983 2085 1072 nach dem 20. tag verschoben
1571 1062 1753 1146 Bern.
1893 1070 2076 1155 Rünck
1885 1132 2133 1223 Münsingen,
1566 1193 2187 1292 Andres Cottier, gewesnem Wirth
1599 1249 2176 1332 zum Schütz, mitt Vrsula zehnder¬
1583 1282 2166 1370 denne S. Andres von Bonstetten
1597 1315 2198 1414 mitt E. Anna Michel, der Kilch¬
1582 1352 1827 1424 gang erloups
1765 1492 1901 1565 Bern.
1591 1540 2169 1663 Sppolithlis perret sol uff fry
1611 1610 2171 1696 tag harbscheiden und der inhalt
1608 1646 2186 1749 deß Rhats zedels, darinn die confis
1611 1690 2182 1800 ation deren er nachlassung begert,
1600 1719 2115 1837 bestätiget, imme angezeigt wider
1605 1820 2095 1969 frytage 9. jan 1629.
1634 1892 1691 1975 .
1738 1926 2152 2019 Venner von Werdt Ind.
1686 1947 2033 2056 et reliqui omnes.
1778 2001 1828 2074 e
1611 2052 2108 2202 Dh. Hieranstatt
1599 2151 2179 2304 wyl sie frarumb über ußgestand¬
1632 2208 2149 2324 ne gfangenschafft, by synem ver¬
1617 2235 2174 2374 neien verbliben, vnd der ausprech¬
1610 2266 2158 2416 in clag nüt bekantlich syn wöllen,
1620 2305 2162 2449 ohne daß sy dieselbe mitt irer
1616 2346 1893 2425 dainnen vor Chor
1917 2394 2165 2504 gelegten und
1623 2385 2147 2528 partÿischen kundtsch bewysen
1609 2424 2127 2559 vnd erzeigen mögen, vnd danne
1621 2455 1977 2559 von irer übrigen und
1619 2489 2168 2642 ans les er einen wegen
1976 2519 2131 2598 vfründet
2284 2135 2340 2203 s
2918 310 2994 395 33.
2314 370 2991 472 y die darüber gefelte appellati, vnd
2305 432 2993 501 volgents ouch die gantze Ehe in
2313 469 2967 545 prach vermög der procedur uf
2311 510 2966 590 geben, vnd also selbs ihr Recht ver¬
2309 554 2960 646 netzt, dahar nun er sich mitt einer
2305 601 2967 673 andern, mitt Willen der muter vnd
2305 639 2991 731 fründen, sehlichet etc. Ist dise ansprach
2300 680 3014 769 nichtig erkent, sy von ein andern ge¬
2301 724 2988 813 scheiden, Ira, sich anderfahrt zu ver¬
2308 772 2983 857 ehlichen erlourt, Imme aber syn nach¬
2317 814 2978 902 gehndere Ehe zusag gutgeheissen. vnd
2320 870 3004 937 Zieneben diewyl er nit allein vß der
2321 909 2990 981 Kundtschafft vnd vmbstenden, sondern
2313 952 2987 1017 ouch uß der obligation, In deren er
2306 995 3003 1065 sich gegen ira vmb 500 fl. zu ersatz¬
2317 1032 2987 1105 ung ires Costens, vff den Pfahl, da
2318 1086 3017 1143 Ire vfgeb. vnd ledigsprechung hie mö¬
2311 1120 3018 1191 ge bestätiget werden, verschriben, ver¬
2318 1165 3013 1217 dächtig, das er ira wol so bald mehr
2315 1208 2967 1277 versprochen, weder er gestendig syn
2297 1241 3004 1314 wöllen, Imme aller Costen, zu zimm-
2311 1281 2998 1359 vnd billigkeit abzutragen uferlegt.
2317 1328 2983 1398 vnd im übrigen der guldin king vnd
2315 1371 3005 1425 die doublonen, wyl er soliche stuck
2312 1407 2986 1461 nit für das synig erkennen woll
2315 1460 2988 1516 vnd sy nit bewisen, das söliche Fra
2318 1485 2994 1547 syen vf die Ehe hin geben worden, hind
2321 1543 3003 1604 G. Tachselhoffer als Allmusner, Zu¬
2309 1576 3002 1648 handen der armen, der dann den Ping
2315 1616 3003 1689 nach nutz verkouffen sol, die obbe¬
2318 1655 2979 1730 ruhrte obligation aber, sambt den
2324 1702 2995 1780 feuers darüber, hinder nicht er¬
2318 1742 2551 1817 kent worden.
2323 1814 3002 1910 Anh landtvogt zu Million, vnd das
2331 1874 2950 1955 Chorgricht zur Nüwenstatt schryben
2327 1918 2995 1988 Wann für thun und inskünfftig mehr
2327 1963 3005 2031 derglychen fäl für sy kommind, söllind
2335 1994 3004 2075 sy nit allein die unpartzische, sonder
2334 2037 2982 2109 ouch die fründ vnd verwandten, als
2325 2079 2998 2155 In deren bysyn mehrenteils die Ehe vo
2346 2127 2990 2198 prechungen geschechende) In Irer ussag
2345 2171 2992 2233 ehören, vnd dieselbe, mitt speci¬
2336 2203 2990 2277 fication der primitet und fründt,
2348 2252 2927 2330 schafft beschaffenheit, harschryben
2930 2281 2967 2316 .
2552 2321 2821 2411 Zieracheren
2348 2391 2942 2471 Wegen Andres Schwendimans hatt
2355 2451 2977 2506 Cunrad Zimmerman, der Weibel, begert
2346 2489 2978 2547 daß derselbig der Anna Straff ge¬
2342 2522 2966 2584 fangenschafft costens ledig erkent
2332 2554 2989 2628 werde, wyl sy solichen selber ab¬
