4032 3024
1534 262 1605 327 54
1636 292 2191 417 die ehe verpotten, sy bringe den
1636 347 2196 466 ein gloub würdigen schyn, das
1628 399 2179 510 Ir Eheman, so Irem fürgeben
1642 453 2188 557 chon vor 12 jaren hinwegen
1633 491 2187 589 gestorben sye, vnd ist, neben
1628 535 2194 641 compensation costens, imme
1642 582 2200 669 funden worden, sya uß synem
1633 627 2208 732 huß und dienst geschaffen vnd s
1657 670 1886 747 se erlouben etc.
1658 750 2165 890 dern ferrenbalm
1642 905 2186 992 Jacob Stöckli, dem predicant da
1562 905 1646 995 H
1600 970 2200 1039 selbst, Jacob Schwytzers deß wadt¬
1599 1007 2192 1087 mans erklagen zuschryben und imme
1600 1045 2176 1124 ernstlich gemelden, daß er Inne
1586 1091 2209 1185 umb die gr lut syner handtgschrifft
1586 1133 1948 1210 ußwyse vnd bezale
1596 1195 2188 1331 Bern Arouw Hallwyl
1585 1329 2211 1447 Elßbeth Murer mitt bystand Mathi
1606 1388 2189 1474 Müllers Ires Vettern, hatt sich ab
1594 1417 2204 1509 Hans Ulrich, einem Schumacher kucht
1610 1456 2191 1556 erklagt, daß nach dem sy diser
1599 1505 2200 1590 tagen sich mitt Hans N. Bagan dem
1606 1541 2206 1636 metzger von Nydouw, etlich koste
1593 1583 2202 1675 derselbige Schumacher sya der Ehe¬
1598 1622 2177 1721 angsprochen, vnd also an Irem vor
1607 1675 2200 1760 haben ira yntrag zethun understanden,
1604 1702 2208 1807 habe: So wol nun derselb wider
1630 1749 2184 1848 zugewendt, daß sy ihme Ja vor
1589 1794 2168 1893 dißem die Ehe vfrecht vnd redlich
1636 1828 2203 1929 sprochen, ouch etwas sachen imme dar¬
1615 1877 2212 1981 uff abgenomen, und sich mitt imme, soliches
1612 1906 2200 2027 biß nach der annemmungs zyt nieman
1603 1955 2198 2063 dem geoffenbaren veranlasset, Er auch
1598 1986 2190 2110 dahar ira in syner kranckheit etwas
1613 2022 2205 2149 gemacht habe, hatt doch sy darwider
1621 2067 2208 2200 hoch bethüret, daß er traf der Ehe nie¬
1628 2112 2196 2244 nalen gedacht, und sy in syner kranck¬
1627 2155 2201 2297 Zeit selbs entschuldigett vnd ledig gen
1641 2186 2188 2336 prochen habe. Wyl nun er syn für
1646 2235 1858 2323 seben nit nach
1843 2275 2203 2379 zuhalt der Satzung
1637 2278 2203 2420 erwahren können, und iren ouch nüt
1662 2319 2208 2474 yters begert, sondern die sach nicht
1644 2345 2192 2512 dlein einen sehen
1661 2388 2014 2528 oeder den sichen
1678 2428 2208 2563 verehlichen, oder der anderstwo
1655 2464 2190 2617 vollkommen versprochen, so den sagen
2087 2587 2203 2657 dem
2907 262 2955 341 53
2304 309 2977 435 kilchgang, dessen vngehinderet, wol
2305 376 2957 472 fürfahren möge, hieneben ist der
2314 423 2941 523 Costen beider syts compensiert, und
2295 465 2985 569 znen zubunden worden, daß jetweders
2299 507 3019 600 was es vom andern empfangen, di
2313 553 2820 651 selben wider zustellen sölle.
2473 651 2851 739 Schwartzburg.
2317 751 2949 831 dem H. Landtvogt, vber Abgelesnen
2327 799 2952 869 bericht, Antreffend her Peter Mul
2323 834 2988 908 heim, den predicant zu Waleren, und
2323 873 2965 954 yn hußfrouw zu schryben, wyl
2311 915 2971 1001 er synen bericht deß orts sonderbar
2317 958 3003 1044 zugeben sich eut lassen, sölle er das
2299 1000 2997 1079 selb eintweders schrifftlich (weli¬
2324 1050 2963 1124 ches nicht das thunlicher fundint.
2315 1094 2981 1164 oder aber droben mundtlich und imme
2314 1131 3002 1218 h Peter under ougen, in bysyn zweyer
2304 1177 3004 1258 psonen, die zuuor mitt der sach vmb¬
2306 1221 2967 1302 gangen, verrichten, vnd syne vermeinte
2324 1259 2980 1346 klegten in guten wahren trübten führen,
2329 1308 2973 1382 jedoch daß es in den ein oder anden
2317 1350 2974 1416 weg fürde, und vnuerzogenlich ge
2321 1397 2970 1473 tcheche, vnd nicht der bericht ehist zu
2306 1445 2475 1511 khomme
2331 1482 2764 1595 Brunegg. Worb
2326 1605 2912 1683 Elßbeth Bärendyßlin, und Barbli
2349 1661 2933 1723 Rorer, habend Ire erste ledige
2320 1698 2933 1764 fäler, vnd häne war nach der
2325 1731 2952 1798 nücken Satzung abbüßt, vnd die
2335 1775 2811 1843 gewohnte centur empf
2339 1902 2480 1999 dische
2598 1904 2758 1985 Wiew
2287 2004 2975 2092 Anna Greber hatt Melcher Lötscher
2333 2068 2954 2135 der Eheversprechung vnd lybs ge¬
2335 2107 2952 2179 meinschafft anklagt, Er aber das
2339 2149 2960 2220 ein vnd ander meinet, Ob schon es
2332 2192 2955 2258 Imme soliches vnder ougen erhalten
2340 2234 2939 2312 deßwegen Er biß vffn Mittwuch
2340 2274 2760 2361 hinab erkent worden.
