4032 3024
1655 324 2179 453 Extraordinarie
1612 416 2125 527 instags 25. Nov. 1628.
2126 464 2182 528 .
1805 479 2011 565 Exsenatu
1578 512 2207 645 h. v. von Werdt. Ind. G. Tachselhoffen
1809 587 1989 657 Minist
1586 611 2156 743 h daran Schmid, Hr Langhauß.
1799 695 1948 772 livis.
1563 737 2154 846 H Gultzer hr. Hirtz, H. Roch
1593 804 2179 907 anstatt is fischers und h. intrag.
1783 925 1982 1017 Bargen
1592 990 2177 1092 stoffel Schiltknecht hatt wider syn
1593 1051 2192 1125 vorstender Herr Dalentin Nebman ein
1591 1083 2180 1157 söliche clag geführt, daß als er syn
1593 1116 2200 1202 an der pfrund matten gelegne weid mitte
1583 1151 2177 1238 vermachung deß juns vor dem gut, so
1595 1193 2177 1268 Valentin in gemelte pfrundmah
1592 1235 2182 1311 louffen lassen, fristen wöllen, er zue
1588 1264 2197 1355 ein Schelm gescholten, vnd neben demsel¬
1585 1307 2172 1396 ben imme ein pfrunbaum abgehouwen
1582 1347 2178 1427 habe. Vber weliches Er, nach etlichen
1591 1393 2177 1471 yngeführten vmbstenden, dardurch er
1587 1437 2209 1522 ein hinder sich wysung für das Chorgricht
1589 1469 2205 1553 zubargen prendiert und gesucht, nit
1583 1500 2186 1595 allein bekantlich gsin, söliches mitt für,
1588 1553 2187 1642 worten vnd also geredt ze haben, wenn
1585 1592 2190 1676 er rede, daß er ihm das syn etze, oder
1587 1631 2191 1719 etzen wölle, so liege er depenter, wie
1579 1670 2189 1764 ein anderer schelm, sonders ouch absolute
1585 1708 2202 1806 affirmiert, das er ein sölicher sye, und wöll
1593 1753 2193 1846 dasselb, vnd noch ergers vnd fülers uff
1592 1784 1791 1863 ihn bewysen.
1850 1817 2209 1891 söliches nun ze thun,
1591 1832 2215 1929 hatt er sachen angezogen vnd yngelbendt
1580 1866 2182 1959 die zum theil vorlangen von den Amptt
1598 1902 2194 2023 lützen drussen, und vor etwas kurtz seit
1604 1937 2203 2050 alhie hingelegt vnd verschlichtet sind, cum
1615 1972 2209 2088 heil dann also beschaffen, daß der Cle¬
1601 2019 2175 2134 ger Ime deren nit gestendig, Er auch
1607 2061 2189 2172 darumb wyters nit dann ein kundt,
1603 2105 2183 2217 schafft zustellen hat, Ob wol nun
1605 2135 2190 2251 der Antworter anfenglich ermeldet,
1610 2172 2195 2292 er wölle vnd wie Imme mehr bekant¬
1617 2205 2201 2330 lich syn, denn die vmb obberührte Wort
1621 2251 2198 2385 har gestelte kundtsch reden Wiese
1628 2285 2193 2423 doch aber vnd die theil er vnder an¬
1619 2315 2226 2464 deren synen bewysungs puncten und
1619 2361 2192 2492 meinten gründen fürgeben, daß der
1648 2395 2022 2497 leger Inne in dem synen vnd
1643 2431 2175 2572 ynen wegen angefastet, Ist zu er¬
2035 2481 2169 2543 von deß
1619 2463 2203 2647 soienten den er ein
2926 240 2997 318 57.
2321 321 2992 440 tenden thunlich erachtet worden, die
2313 382 2991 486 dry har citiert Mannen, als mitt
2324 421 2974 522 namen Ludwig Stuffenegger, von
2303 445 3017 571 Arberg, Martin Simon, und Bendicht
2313 509 2976 612 frantz, beid von Wyß, zeverhören.
2301 552 2997 649 uß deren ussag sich befunden, daß der
2295 599 3001 700 Schiltknecht, als er deß Valentins
2305 646 2983 733 vych in desselben mathen gesechen, Inne
2304 690 2991 792 angeredt, er hette Inne by zyten war
2300 734 2971 817 nen, vnd etwan durch ein gottschafft
2307 789 2951 877 verstendigen sollen, daß er syn vych
2305 821 2951 919 dahin thun wöllen, uff das imme nit
2308 884 2946 956 das syn geetzt wurde, wyl der
2323 926 2959 997 un nit ordenlich vermacht gsin, das
2330 967 2980 1055 über S. Valentin wider inne ußge¬
2318 1007 2974 1094 brochen, vnd mitt disen für worten
2313 1051 2972 1125 vann er rede, daß er Ihm seyn weid
2320 1098 2975 1167 etz wöllen, ein fulen hudler, schelm
2317 1149 3001 1223 vnd brüfften Man, vnd als syn huß
2297 1186 2983 1276 frouw das best darzu wöllen reden,
2309 1233 2976 1312 er sya ein luschen, die an andern
2324 1274 2996 1358 bet sein sölte, gescholten, Vnd hatt
2305 1325 2982 1406 der erste zug hin zugesetzt, wie daß
2318 1365 2997 1447 er einist vermeint, es wurde H. Valen
2315 1408 2996 1487 tin (so ein gertel in der handt gehept)
2310 1459 3016 1535 uff den andern tringen, sye aber nicht ge¬
2308 1503 3003 1580 schechen, Also daß sich vß disem vnd andern
2307 1545 3004 1617 ansechen lassen, als hetten die Lügen dem
2325 1593 3001 1669 andtman etlich gstalt zu glimpff ge¬
2326 1642 2432 1695 redt,
2340 1676 2992 1762 dem aber wie imm wölle, so befindend
2338 1738 2985 1806 nch deß Balentius vnderstandene
2327 1777 3005 1844 bewysung nit gnugsam, sondern daß
2336 1816 2991 1886 er gegen dem andern vberfahren sye
2344 1853 2988 1934 vßwegen, vff beider theilen Struwen
2339 1903 3004 1957 erkent, daß obberührte Wort vnd Warck
2318 1946 3000 2008 beide den Schiltknecht, wie ouch syn huß
2311 1991 2982 2063 frouw betreffend, vffgehept, todt, hin
2326 2029 2961 2102 und ab syn. Valen syn by synen guten
2329 2070 2955 2143 ehren vnd reputation, die Ehementsche
2322 2108 2972 2191 aber by denen, die sy habend, ouch be¬
2320 2155 2958 2229 blyb und fürthin beid plyen gebür
2324 2198 2975 2277 lich mitt vnd gegen einandern leben
2314 2242 2983 2316 Hieneben H. Palentin dem Schiltknecht
2333 2288 3010 2366 4 t. an synen Costen bestühr untz nechst
2332 2321 2968 2404 künfftig suciae, vnd zuhanden der
2326 2366 2978 2443 buchsen vier, der ander aber 1 lb
2329 2404 2967 2483 Vsert vnd neben einem Vrteilgelt, so
2322 2450 2983 2530 zet wädern uferlegt, entrichten sölle.
2361 2501 2953 2609 Imo ist Inen kein ander vrteil
2398 2560 2978 2642 gelt, als die 7 lb ufferlegt worden
2393 2602 2941 2702 nd habend disen ußspruch beide pty
2384 2666 2579 2727 angenommen
