4032 3024
1520 1072 1567 1120 .
1495 365 1567 413 28.
1499 395 2134 498 Daruff nun die magd selbs mitt
1572 450 2144 516 manen Anna Gäbhart von Künit
1569 489 2147 560 allen arg von starck vnd standhafft
1569 524 2146 597 neinet, mitt ermelden, es wie kein
1567 563 2156 635 mentsch ytzit unehrlichs mitt war¬
1567 606 2161 683 zeit uff sy bringen können, beruffe
1564 649 2160 716 sich uff Ire gewüßne, und wölle
1546 685 2158 754 darüber uß stahn, was in h. deß orts
1561 731 1866 801 gutfinden werdint.
1575 775 2174 862 Blycher gstalt ist, ouch er uff syn
1590 826 2158 900 ein verneinen verbliben, mitt anzeigen
1573 858 2165 916 denn er anders redte, wurde er
1561 897 2139 958 Ihm vnd dem meitlin vnrecht thun,
1554 931 2152 1001 vnd die Anklegt gescheche deß blossen
1562 968 2128 1039 ind, daruff wölle er sterben
1588 1036 2144 1116 arüber nun für dißmal die sach
1597 1092 2137 1150 Gott dem Herren beuolchen, Imme
1583 1128 2140 1194 aber zu vermydung ergernuß,
1571 1163 2159 1227 die magd wegen entstandnen arg¬
1580 1192 2164 1270 vons zubezalen, vnd fort zeschicken,
1590 1232 2153 1306 zugebunden, deß strytigen Chen
1588 1282 2139 1330 lebens halb dann mir beuolchen
1597 1313 2161 1376 vorden, vß den Manualen ein für
1584 1344 2170 1413 trag le verfassen vnd fertig zehalten
1604 1383 2165 1455 f daß solicher uff erste klegt in
1574 1415 2049 1499 g möge fürbracht werden.
1734 1477 1910 1591 Bern
1585 1596 2157 1694 Hans Alisant und syn jetzige huß
1602 1649 2139 1731 frouw sind uff ir erschynen und
1592 1680 2174 1764 anhörung ires ehestryts zu rech¬
1599 1718 2154 1803 ter einigkeit, bescheidenheit in worten
1604 1752 2160 1839 vnd wercken, vnd verbesserung alles
1616 1798 2170 1866 ßjenigen, was ie eins ab dem an¬
1607 1835 2150 1912 deren geklagt, fürnemmlich sich der
1614 1862 2145 1953 sünderung fisches vnd gligers halb
1610 1912 2133 1985 gemüssigen, und was jetwäders
1604 1945 2151 2028 mitt syner handtierung gewint, zu
1608 1982 2144 2071 gmeine nutz und hußhaltung den
1593 2011 2173 2108 wenden, vermahnt, und die wyl die
1604 2045 2177 2141 frouwe darüber sich erklagt, wie
1584 2075 2180 2185 daß er fräffner wyß in synes us
1606 2112 2145 2223 setzigen Sohne bett gelegen, vnd mitte
1609 2157 2162 2258 anderen sondersiechen in essen vndt
1603 2175 2152 2295 trincken gemeinschafft, zu massen sy
1631 2210 2187 2342 it unbillich ein abschüchen ab Ihm habe,
1607 2277 1686 2328 den
1626 2245 2197 2377 Ihra angezeigt worden, so sy an de
1682 2289 2160 2413 puncten wyter zusetzen begere
1633 2318 2183 2459 solle und möge sy etwan zu änderer
1622 2354 1994 2457 Tist widrumb erschynen.
1790 2414 1954 2517 Berte
1627 2455 2129 2609 den beschriben einen ein
1628 2500 2160 2647 der jung Nörni sind gegen einan
1629 2528 2047 2661 den gehalten ihrer ein
2035 2620 2165 2693 yl er
2904 258 2982 336 29.
2310 344 2964 471 aber vber desselben vnder mundts¬
2307 411 2911 508 erhalten, war anfenglich vnd
2297 439 2938 552 vor dem knaben nit so kächlich, als
2312 487 2958 583 nach dem er ußtretten, verneinet, Im
2303 529 2932 627 Obern Spittal weder mitt Ihm noch
2314 566 2953 656 andern gespilt ze haben, glychwol
2295 604 2924 699 aber bekantlich gsin, das sy da ein
2297 634 2956 749 maß wyn getruncken habindt. Ist
2311 678 2962 791 thunlich erachtet worden, Michel
2297 726 2936 829 Ougspurger, ein Müllerknecht zu
2300 757 2976 882 Ortschwaben, der by vnd mitt gewese
2310 810 2935 917 en syn sol, darüber zevernemmen.
2389 984 2979 1104 Eichwichens. 5. Nov. 1628
2475 1070 2711 1150 ex Senatu
2408 1107 2932 1202 H. Venner von Werdt. Ind
2493 1168 2760 1242 Tachselhoffer
2493 1224 2692 1315 Minist.
2322 1287 2974 1382 ir deren Schmid, H. Langhauß.
2584 1350 2650 1426 16.
2531 1409 2821 1485 G. Fischer.
2336 1361 2538 1484 Hr Hirtz
2529 1535 2715 1618 Bargen.
2369 1606 2940 1684 toffel Schiltknecht, der sich ab s
2344 1667 2949 1719 Valentyn Nebman dem predicant
2344 1694 2962 1755 daselbst erklagt, wie daß derselb
2337 1724 2972 1788 inne von synes tags wegen gheissen,
2336 1768 2977 1822 liegen (reventen, wie ein andern
2332 1812 2999 1874 schelm vnd fuler Chudler, Ist ein Schryben
2327 1847 2638 1905 ertheilt worden
2320 1883 2735 1949 An herr Decan zu Inns
2348 1914 3021 1991 Sölle sy beidersyts mitt hilff ehrenlich
2353 1951 3046 2013 ouch (wo vomit syn kundtschafft
2350 2006 3032 2067 khören, vnd sy gegen einandern ver¬
2347 2047 2992 2109 glychen, wo es aber nit erheblich, sy
2350 2076 3008 2150 uff einem inne darzu bestimmenden tag
2343 2121 2530 2185 harwysen
2707 2177 2777 2272 syl
2348 2195 2537 2281 Bern.
2626 2221 2692 2265 .
2356 2274 2998 2362 zwüschen Daniel Mutach, Innari s
2371 2333 2992 2386 Heinrich Dünckis s khind eins
2347 2377 2998 2431 Denne g david Walthard, desselben
2369 2403 3016 2470 nachfahr erkent, er sölle synem ver¬
2374 2437 3023 2507 prechen nach (dessen er nit wol absyn
2358 2480 3028 2551 können) gemelte Khind gegen der Ge¬
2372 2521 3008 2581 meind entheben, vnd den märit ouch
2356 2560 3031 2629 erstatten, vnd sonderlich die erste Zalung
2363 2598 3007 2674 desselben entrichten, wo er über nit
