4032 3024
1455 285 1570 378 44
1567 381 2109 478 xainen des personen
1552 436 2093 521 halb, so in Felix Stüßis deß
1546 475 2089 560 rübers huß funden worden.
1543 572 2139 700 Bern Langnouw signouis
1427 686 1806 781 Frytags 6. feb 1629.
1510 757 2122 844 Mittwuchens vmb 10 Vhr. In der
1550 815 2114 899 nacht sind in Felix Stüßis zust
1538 850 2112 921 in dem Wäppgaden durch den
1524 886 2111 957 Thorweibel ussgenommen, vnd
1533 927 2112 1007 Ins loch geführt worden Matthys
1532 977 2121 1045 und Ulrich Rötlisperger gebrüder
1537 1020 2080 1099 Christen Schlatter, vnd Joseph
1531 1067 2151 1142 Hundtsperger, denne 2 gemeine
1535 1099 2119 1189 meitli, mitt namen Margreth
1525 1142 1995 1207 Schindler vnd Elsi Büler
1545 1184 2121 1266 da nun bevordrist die Manspersonen,
1544 1235 2094 1302 einer nach dem andern herruff
1537 1266 2098 1335 genden, vnd vmb das ein vnd ander
1546 1310 2100 1381 befragt worden, habend sy ver¬
1547 1354 1694 1418 meldet.
1585 1398 2118 1488 eer anlassen, daß sy uß der herbrig
1570 1453 2088 1525 zum wyßen krütz, alda sy des
1556 1488 2096 1562 tags geßen vnd truncken, vnd
1550 1539 2106 1613 Hinab ins Wäbers huß gangen, sye
1544 1577 2123 1660 diser, daß gesagter Hundtspergerte
1550 1619 2117 1680 mitt einem Wäber von Allmen¬
1541 1655 2113 1734 ding von Stüßis wegen des uneine
1549 1695 2120 1774 worden, vnd wyl er gar erwildet
1559 1742 2122 1817 gsin, habind sy vermeint, durch sol¬
1557 1786 2101 1858 che endung und abtritt wyteri
1557 1821 2095 1909 enheil und unruh vorgekommen
1568 1863 2104 1951 Demnach syen sy ouch von deswegen
1566 1907 2116 1994 an diß ort gangen, wyl der Wirt
1546 1946 2092 2032 hnen nit mehr wyns geben wöllen,
1561 1983 2094 2070 y ouch da etwas kundtsame ge¬
1551 2030 2114 2109 hert, wyl gemelter Schlatter vnd
1549 2071 2133 2153 Zundtsperger 5 wuchen lang daselbsten.
1558 2108 2097 2212 rlosament ghan, alle wyl sich
1555 2156 2090 2249 hrem handel Uli Gebysens s erb
1550 2186 1958 2268 betreffend, abgewartet.
1575 2241 2118 2360 daß y 6. maß synes wyns noch
1573 2297 2115 2394 da getrunken, und volgents mitt
1578 2336 2091 2441 einandern zu das Wäbergaden
1570 2370 1760 2431 nidergang
1574 2403 1624 2472 das
1627 2411 2047 2524 sy nüt böses da angefang
1585 2459 2103 2561 ouch der meitlinen kein sondere
1588 2489 2098 2602 erkantnuß habint, ußgenomen das
1579 2531 2090 2652 zundtsperger der schindleren
2909 285 3001 348 145.
2353 341 2998 446 Vatter genamsen gewüßt, namlich
2374 406 2946 491 das sy Ulli Schindlers tochter sye.
2365 450 2983 522 müssint ouch nit, das gedachte meitli
2364 489 2790 580 uszogen gsin syn söllind
2382 541 3020 645 dieselben habend zu Irer entschuldig.
2296 599 2994 687 sung yngelkendt, das Felix Stüßi
2367 627 2994 709 als sy zum wyssen krütz ein halbs
2368 677 2985 757 getruncken, uß anlaß der schleger u
2366 715 3023 795 y gheissen zu ihm in syn huß übernacht
2353 755 2982 836 kommen, und das sy vor den Mannen
2377 806 2715 893 in gmach gsin syen
2344 862 2985 956 Hieruff nun die Manspsonen einmal
2353 923 2962 997 uff ein glüpt hin ledig glaffen, die
2355 966 2972 1040 meitli aber, wyl ire sach verdächtig
2365 1008 2960 1078 In dem sie kein ordenliche Vrsach
2346 1048 2986 1117 Irer harkunfft in die Statt anzu¬
2351 1092 3003 1160 zeigen gewüsst, ouch in iren reden ge
2359 1141 3004 1208 urgget, Item sich under sovil mans
2340 1176 2994 1247 psonen gemischt, und uff ersechung
2348 1229 3000 1305 dechliechts sich hinuß uffs loübli ge
2357 1272 2998 1330 flöckt und ire jüppen gschwind da
2360 1311 2957 1381 selbst angelegt (weliches Inen der
2353 1353 2978 1415 hor Weibel vff ir meinen vnder
2357 1393 2981 1472 nundts fürgehalten, deßglychen das
2336 1440 2945 1499 Stüßi den Chorweibel bethören,
2344 1481 2960 1557 und zerst hinuf ins oberge¬
2347 1526 2951 1602 mnach führen völle, sonderlich ouch
2348 1569 2944 1627 3 Jäne iren nari venderet, und
2349 1624 2950 1692 sich Blaserin genamset, dise aber
2357 1659 2957 1742 ich für ein Käyerin vnd reine
2349 1698 2911 1775 Magd ußgethan, sind deßweg
2344 1746 2943 1826 wider hinab erkent, vnd ist
2336 1788 2981 1863 hrenthalb an die E. zu Langnouw
2335 1834 2929 1905 vnd Signouw umb bericht ires
2345 1870 2935 1955 lümbdens vnd lebwesens geschrieb
2334 1914 2957 2006 und beuolchen worden, das entzwüschen
2346 1952 2956 2046 Stüßis vorgehnden zurügen uff den
2341 1997 2935 2077 Manualen nachgeschlagen, dessen
2349 2040 2930 2126 Nachburen vmb bricht befragt,
2352 2086 2930 2170 und imme uff Montag potten werden
2358 2127 2443 2176 sölle
2232 2188 2424 2268 Montags.
2420 2195 2550 2273 9. dito
2383 2242 2928 2340 yngelangtem bericht nun von beide
2372 2303 2941 2378 sorten und darüber gethanem exa¬
2365 2339 2908 2413 men hatt sich befunden, das sie ge¬
2355 2376 2911 2437 meine ussige tirnen, dann
2348 2415 2914 2486 die von sangnouw gestendig, das
2387 2456 2925 2529 vor 3 Jaren ein vnehlich kindt
2362 2496 2945 2580 geboren, daselb dem Peter Gyßler
2346 2544 2935 2628 geben, vnd zu Trachselwald dar¬
