4032 3024
1416 365 1521 444 508
1500 423 2068 579 verfügindt, sondern hingegen der
1503 492 2061 625 Wangelischen lehr, mitt besuchung
1498 530 2040 665 der predigen, vnd gebruch der H.
1479 568 2051 687 Sacramenten, sich bequämindt vnd
1490 619 2059 731 underwerffind, wo nit, sölle
1487 662 2054 786 er sy fort ze schicken und syn müli
1477 703 2061 831 mitt anderen Zehrsachen verbunden
1457 746 1562 836 syn.
1508 836 2030 975 Trißwyl. Burenrot
1485 930 2027 1046 Uli Beck hatt nüt wyters ußge¬
1476 988 2025 1075 brächt, dann das durch ein mans
1483 1019 2028 1120 person züget worden, daß der selbig
1473 1065 2025 1153 vnd syn knecht gesechen, das Claus
1462 1106 2020 1199 Schärer als syn bruder letstlich
1469 1153 2035 1241 hochzyt gehalten) die Anna Jordi
1464 1188 2040 1282 syn becks hußfrouw, mitt der ein
1461 1230 2011 1314 en hand gheissen wil komm syn
1459 1271 2017 1358 mitt der andern handt aber Iren
1442 1317 2029 1397 wyt hinuff under die kleider ge¬
1462 1347 2015 1442 griffen habe, vnd nach dem sy
1452 1395 2013 1482 ein gute wyl mitt ein andern ge¬
1459 1438 2030 1506 redt, gen sy durch deß obern wirts
1444 1476 2033 1560 zu dürren rot Hoffstatt in das offen,
1437 1512 2015 1594 huß gangen, und sich verschloffen.
1432 1555 2029 1640 dessen sy aber beider syts gelaugnet.
1441 1598 2019 1679 Diewyl nun aber sich durch gnug
1369 1637 2006 1711 Dame im ersten bericht vermelte
1436 1668 2013 1739 kundtsche erwisen vnd erfunden,
1429 1712 1985 1776 das sy by nacht vnd nebel mitt
1437 1746 2009 1824 nackendem vnd entblöstem lyb vff
1434 1791 1985 1866 einandern funden worden, ob schon
1422 1829 1990 1902 beide beklagte desselben eben so
1422 1853 2038 1937 wenig als deß ehe brüchigen werks
1431 1907 2013 1977 alhie gestendig syn wöllen, da
1410 1945 2031 2011 doch er drussen vor Chorgricht Clut
1413 1983 2003 2058 ersten schrybens disers vnuer¬
1413 2021 1990 2085 schamten entblössens nit abgsin.
1417 2063 2015 2131 und nun die chorsatzung ußtrucken,
1413 2097 1997 2165 lich vermag, das wann der Ehebruch
1409 2136 1986 2210 so gebärdlich und argwönig wirt,
1395 2179 1987 2245 das derselb mitt keiner gstalt der
1393 2220 1995 2287 Warheit mag erlaugnet werden, ma
1399 2251 2003 2325 alß dann die schidigung ergahn lassen
1410 2296 2000 2361 möge, habend nicht soliches an¬
1402 2334 1979 2405 drist nit als für das werck selbs
1392 2372 1988 2441 rechnen, vnd, hiemitt wyl gedachter
1388 2413 1993 2489 beck sich nit versunen lassen wöllen.
1391 2467 1949 2526 sonder vff das blosse recht der
1405 2494 1958 2562 schidigung getrungen, imme dasselb
1392 2536 1976 2603 nit verhalten können, vnd deß
1392 2581 1952 2654 wegen sy vnder getrohnten
2721 444 2807 509 509.
2161 478 2748 571 conditionen von einandern gscheiden
2180 526 2800 610 y imme umb allen zimm und billichen
2161 573 2800 649 costen verfellt und, so sy schwänger,
2150 611 2787 702 das Khind in der genißt bim eidt
2158 656 2790 739 dem rechtschuldigen vatter zugeben,
2166 700 2795 782 vnd sich hinfüro gegen obgemeltem
2162 745 2780 829 Schärer, wie zuglych er nit mind
2163 791 2768 869 gegen Ire thun sol, aller uneren
2155 833 2792 914 gemeinsch. zemüssigen, derselb dann
2158 877 2804 957 neben g lb. d. zu wolle dienter straf,
2138 922 2782 1004 den gfangenschafft kosten alhie für
2489 971 2825 1040 ob Ermahnt
2141 972 2467 1052 sy abrichten sölle.
2326 1033 2495 1120 Wolere
2156 1116 2785 1195 Hans Salis sumiger bezalung wegen.
2163 1167 2774 1229 dessen, so Ime alhie vferlegt worden,
2152 1204 2776 1270 Ein schryben aus Chorgricht, Inne
2160 1250 2625 1314 vffen frytag ynherzehalt
2378 1296 2496 1370 Bern
2173 1371 2754 1449 incentz zuhoff der müller ist uff
2175 1432 2778 1489 hütt mitt repetierter vermahnung
2168 1464 2751 1526 zue vbesserung der ab ihme ge¬
2161 1503 2752 1557 klagten stucken und betröüwung
2160 1544 2760 1607 Huerer straff, neben uflag 5 lb.
2156 1578 2756 1659 weider vß vnd heimgelassen worden
2399 1639 2636 1724 Langnouw.
2159 1691 2725 1778 Michel Rupp, hatt vmb syn mitt
2148 1747 2741 1810 Cathrin Haldiman begangnen fäler
2162 1785 2755 1847 die gewohnte censur und vermahn
2169 1823 2328 1884 ung empfen
2136 1930 2730 2014 Mittwuchens. 25. Nov. 1629.
2094 1988 2723 2068 lahen, so von Bickhart int herr Amman
2094 2047 2693 2110 Minist. H. Langhans, Hr. Rütimeyer
2210 2079 2759 2157 Hr Monnier Heimberg Reinhart.
2183 2090 2219 2142 i
2098 2087 2188 2144 Civ.
2166 2190 2664 2284 Frutingl. Heldtkirch¬
2157 2255 2706 2340 Melchior Kunen wider Margret
2185 2318 2697 2374 grätter, syn papistisch ehewyb,
2172 2354 2738 2408 so widerumb in die mäß vnd gan
2170 2386 2729 2446 Rom geloffen sein sol, ein Ruf¬
2176 2420 2733 2481 brieff an Cantzel zuck ander¬
2169 2454 2758 2531 stäg nach gmeiner Form ertheilt
