4032 3024
1456 294 1542 366 112.
1739 338 1878 408 Bern.
1592 421 2121 511 der beck bim Mußhaffen und
1586 493 2119 559 Rassdorffers s tochter, so by
1573 524 2143 598 der Köchi dienet, so von argwö
1588 565 2145 651 niger gmeinsch wegen beschickt
1586 612 2136 679 vnd darüber nach notturfft be¬
1571 648 2146 724 fragt worden, wyl sy beider syten
1564 692 2157 770 gmeldet, kein Eheansprach an ein¬
1581 738 2170 821 andern gehalten, sol vnd inskünfftig
1579 777 2152 857 alles ergerlichen üppigen wesens
1581 819 2167 901 müssig gahn, by betroüwter uff¬
1567 865 2132 936 sicht, und abstraffung, wie gegen
1556 906 2152 986 denen, so die that selbs begangen,
1570 950 1707 1014 brüchlich.
1568 993 2176 1117 c. Immers thal vaux travers
1572 1098 2142 1191 Madlena, Huldric Valligs tochter,
1603 1166 2116 1219 d zwar bekantlich, ein vnehlichs
1579 1189 2116 1252 kindt by Ihaie Martin von Pe
1578 1232 2131 1290 seup erzüget ze haben, vnd aber
1576 1259 2130 1323 rmeldet, das sy daselbst vor Gor¬
1582 1299 2131 1379 gricht von einandern gescheiden worde
1577 1336 2111 1416 yen, und die wyl nun sy und
1575 1372 2143 1452 Jehan Miette einandern nit allein
1570 1407 2152 1492 der Ehe bekantlich, sondern auch von
1559 1447 2106 1524 den kilchgang vor der gmeind zu
1570 1489 2127 1573 Muri angehalten, Ist Inen, denselben
1567 1517 2132 1595 alda furderlich zuerstatten er¬
1571 1555 2154 1640 loupt worden, vndt gewohntem an¬
1567 1589 1653 1662 hang
1559 1645 1937 1738 Tedel auch vorstende.
1583 1841 2082 1986 Hanchtige 24 Jan. 1629.
1606 1931 2089 2040 eß beuelch d. Jud. vnd d. de¬
1605 1972 1891 2063 cani expediert
1592 2049 2067 2187 Ein Schryben an Amptman zu¬
1603 2100 1786 2173 frienisperg
1585 2152 2048 2262 Sölle hr. Salchli, predicant zu
1591 2187 2070 2309 Kapperswyl an synem inkorn
1591 2220 2038 2345 der pfrund sovil zunbehalten
1610 2264 2106 2380 3 syne bürgen umb 2 lb 8 s
1598 2297 2100 2426 dinckel, so sy einmal von geliehne
1584 2335 2117 2470 sam korns wegen darthun müßend,
1595 2370 2122 2512 bezalt weden möget, und das e
1587 2411 1942 2520 selb huen zustellten,
2919 264 3020 329 113.
2270 404 3007 546 Af Montag. 26. Jan. 1629.
2525 491 2743 563 Exsenatu
2309 527 2984 644 sr vonner von Werdt. Ind. Hr. Tachsell.
2511 600 2691 671 Minist
2322 623 2857 737 Hr. Schmid, H. Langhauß.
2529 698 2617 767 Civ.
2317 750 2945 839 hr Sultzer Hirtz, Fischer inhag
2278 872 2818 972 Zignouw erlenbach.
2271 937 2999 1030 Interlachen Zürich Esterg
2288 1078 2910 1175 Madlena Schnyder, wider Christen
2314 1148 2871 1209 Nütken schwänder, den Jüngern
2315 1176 2689 1244 an Cantzel zu Gsteig
2702 1189 2877 1252 . Denne
2291 1217 2931 1290 Cathrin Opplinger, wider Cunrad
2307 1263 2937 1331 Fügeli, usser Unrichpiet, Müller
2318 1302 2931 1369 handtwercks, an Cantzel zu Gsteig
2312 1351 2935 1415 Ruffbrieffen von 3. zu 3 wuchen
2300 1382 2685 1452 ad formam ertheilt
2305 1464 2884 1555 Landtgarben. Nider Bipp
2315 1559 2901 1644 Heinrich Schmitz hatt Margreth
2319 1616 2898 1679 Roht der Eheversprechung an
2317 1657 2924 1724 geklagt, mitt anzeigen, das sy imme
2310 1704 2932 1755 vnder 2. malen ein Rychstaler vnd
2332 1727 2928 1802 dicken zu einem hafft, vnd Ehe¬
2311 1759 2904 1845 wfennig abgenommen, ouch by imme
2304 1816 2935 1887 In synem huß an synem Bett Jedoch
2304 1861 2950 1933 one daß er Iren lyb berührt, vber¬
2296 1914 2938 1979 nacht glegen, vnd Er daruff hin das
2290 1940 2935 2018 Hochzyt verkünden lassen habe, we¬
2295 1977 2953 2061 licher clag sy zwar nit ab syn können,
2304 2028 2966 2104 vnd aber yngetrendt, daß Sy nit allein
2292 2066 2944 2138 durch syne beide Vettern, Niclaus vnd
2300 2100 2925 2181 Uli Schnitz, Vatter vnd Sohn, darzu
2302 2160 2950 2225 mitt gutem furgeben yngeführte, son¬
2299 2188 2961 2266 dern ouch durch Inne selbs übel ange¬
2306 2229 2964 2309 setzt worden, In dem sy die sachen Kin¬
2285 2280 2929 2350 deren vnd gutlis halb nit synem für
2293 2328 2962 2385 geben vnd verheissen nach befunden, sond
2296 2357 2961 2420 siderhar sachen von Imme vernommen, als
2276 2391 2923 2479 das Er alhie Im Schallenwerck gsin
2293 2436 2969 2505 vnd einem von Wietlispach zu Solothurn
2300 2484 2927 2563 ffentlich fürghalten, er were by syn
2312 2520 2905 2589 ir eignen Tochter glegen, dasselb
2311 2563 2920 2645 off Inne zu bringen vnderstanden,
