4032 3024
1525 292 1600 360 52.
1592 301 2201 445 mitt dem Vester gemut willet haben
1595 370 2188 479 weliches aber es handtlich wider
1597 413 1721 481 prochen
1590 460 2209 592 Ob wol nun beide glych gut geachten
1602 526 2197 624 ußgenommen, daß das Anni vmb
1593 565 2191 664 puil ergen, wyl es nüt bekennen
1588 606 2191 696 wöllen, denn dessen man ins vnder
1591 650 2202 745 richten und überwysen können, I
1581 703 2200 788 doch die Wyl das Madleni sich übel
1580 746 2205 831 kranck, vnd mitt der nest angriffen
1588 783 2200 879 gestelt, Ist es einmal heimgelassen
1586 828 2194 905 das Anni aber widrumb hinab
1584 870 2194 951 erkent, vnd daß es durch die heb¬
1591 914 2211 1003 immmen nit allein seiner Magdschafft
1594 955 2191 1036 sondern ouch der mutmassenden
1582 1001 2204 1091 schweigung halb, gevisitiert, vnd
1592 1047 2200 1125 sölle, gut befunden, vnd ad notam
1595 1091 2188 1171 enemmen beuolchen, daß synethalb
1594 1134 2194 1210 die suspicion verhanden, daß als es hie¬
1591 1171 2199 1248 uor Num Berberen alhie gedien
1588 1212 2193 1300 net, schwanger gsin syn, und das
1598 1254 2201 1352 khind wol so bald vertuscht haben sollen,
1600 1296 2203 1388 vyl es sich ein zyt lang geüsseret
1607 1333 2174 1431 ghan, Vnd die wyl hieneben obge¬
1606 1382 2207 1468 dachter Knecht des Grebers bekant,
1591 1417 2205 1516 lich gsin, daß er ouch getantzet, ist
1598 1458 2180 1553 Er ebenmessig biß Mittwuchen
1598 1498 2189 1611 hinab erkent, und dem Madleni
1592 1533 2177 1646 ein glüpt abguon worden, sich wo
1610 1585 2033 1679 vonnöthen wider zu stellen.
1605 1700 2185 1815 ieneben ob wol der Ergoüwer In
1630 1752 2142 1860 ynem bericht vermeldet, daß
1632 1799 2164 1887 an diser kilbi fleisch und knechten
1618 1824 2193 1934 fuß vnd brot, sampt einer sechs¬
1620 1880 2218 1980 und einer 4 mässigen fläschen voll
1672 1910 2180 2023 die er hinuß tragen helffen
1624 1952 2213 2067 und imme vom vester übergeben worden
1624 1985 2220 2106 gehept habint, möge er doch nit
1626 2036 2210 2138 wüssen, wo sy das ein und anderl
1631 2069 2196 2178 genommen, das Madlen aber
1634 2114 2189 2226 att fürgeben, daß sy den wyn zu
1622 2186 1736 2242 habind.
1759 2171 2197 2293 schhertz Keller gekauft
1802 2246 2062 2382 Pistorff
1729 2311 1893 2390 schen Barben.
1646 2333 1845 2414 Regli Gren
1909 2338 2215 2467 Kinden und Hans
1675 2381 1857 2454 fangnen Herr
1856 2377 2169 2491 denen ist ich ein
1848 2425 2068 2509 hats seelich, und
2157 2447 2196 2498 .
2061 2476 2223 2541 IIn Crafft
1842 2488 1955 2560 chidigun
1917 2470 2206 2577 euer berichter
1944 2519 2240 2641 d ergangen, hieh
2934 227 2985 299 53
2293 301 2977 427 erloupt sich anderfahrt nach gebür
2305 366 2960 470 zurechlichen, Imme aber, neben vf
2289 402 2998 524 lag deß Costens, den er ira in zim¬
2300 451 2993 556 vnd billigkeit abtragen sol, die Ehe
2291 504 2982 622 rpotten worden, er stelle dann die
2291 545 2964 646 jenige, so er zu ehlichen gesinnet
2293 587 2979 704 alhar für Chorgricht, uff das den
2300 642 2981 745 selben syn beschaffenheit eröffnet
2293 715 2403 798 wde
2300 740 2976 851 Anher vogtschryben, sölle sy ires lyt
2311 802 2968 893 lichen guts halb mitt hilff ehren
2299 853 2941 935 lich vertragen, vnd dahin sechen, das
2305 883 3005 994 dem Jungen Khind (weliches nich
2305 943 3012 1032 der Muter beuolchen zu sich genommen
2293 986 3026 1067 vnd versuchen) gebürende underhal¬
2297 1028 2995 1121 tung uß deß mans gut geschöpfft
2281 1081 2760 1161 und ira usgericht er de
2456 1162 2686 1245 Windisch.
2323 1226 2962 1313 Elsbeth Buttman wider Philip
2328 1278 2958 1345 Meyer, Iren Eheman, so sich schon
2328 1315 2982 1387 vor 7 jaren in Ußlendische Fried
2320 1362 2997 1435 vnd frömder Herren dienst begeh
2318 1402 2946 1475 ein Ruffbrieff an Cantzel zu
2320 1448 2979 1509 Windisch von 3 zu 3 wuchen
2324 1491 2473 1565 ertheilt
2378 1573 2801 1658 Büren zum Hoff¬
2448 1637 2725 1710 Nider Esch
2301 1687 2960 1775 Qua Lienhart hatt schon verschinnen
2303 1746 2991 1804 Mittwuchens wider Hans Werdt,
2300 1784 2978 1851 müller zugekendt, wie daß, als
2300 1826 3003 1889 y by imme und synem bruder gedienet
2306 1871 2973 1943 er ira die Ehe gheissen, vnd den by
2294 1911 2986 1980 schlaff angemutet, ouch denselben mitt
2634 1954 2988 2019 Weliches er aber
2300 1957 2633 2025 ira verbracht habe.
2308 2002 2990 2071 gentzlich vermeinet, ob schon sy es imme
2301 2037 2980 2113 mitt ernamsung zyt und ohrts under
2299 2081 2954 2141 bugen erhalten und bethüret, daß sy
2301 2126 2967 2199 druff sterben wölle. Obwol nun
2303 2170 2956 2246 darüber Er erstlich in die gmeine
2296 2209 2947 2282 volgents ouch vom frytag biß uff
2303 2250 2985 2326 hutt in die vngere gfangenschafft er¬
2297 2292 2993 2370 kent, ouch sy 3 tag und nächt im loch
2285 2339 2994 2414 enthalten worden. Ist doch er by syn.
2300 2388 3010 2457 in lougnen, sy aber uff irer anklagt
2447 2419 2979 2483 Wyl nun sy dieselb nit
2291 2429 2406 2496 ebliben
2295 2465 2983 2547 erwysen können, sind sy von ein an
2302 2503 3003 2585 dern gescheiden, imme erloupt, sich an¬
2305 2542 2982 2636 derfahrt zu verehlichen, ira aber
