4032 3024
1395 351 1508 441 478.
1453 441 1969 570 Wie das Abraham Märck ein hal
1478 497 1965 613 ner gsell von Brugg pürtig, sy
1460 528 1987 633 ufrecht und redlich zur Ehe genommen
1459 569 1991 680 und darüber beschlafen, ouch by syner
1462 613 1991 725 hinreiß verheissen habe, Innert 14
1459 663 1987 756 tag wider zukommen, und sy dann
1453 692 1989 799 ze kilchen ze führen. Wyl nun keinet
1453 749 1987 838 fect ervolget, vmb fürseihung, vnd
1452 790 1981 872 mitt innen et citation schryben an
1453 828 2001 923 obgeschribne ort, Brügg vnd Lentz-
1442 873 1993 965 burg, deßglychen ouch das man syn
1453 919 2003 1003 u ufhebung diser Ehrsach hargeschick¬
1445 957 1991 1036 te brieffen, von den Hebleren alhie
1435 1005 2002 1086 abforderen lassen wölle, gepätten,
1441 1048 2015 1133 Veliches ira ouch durchuß bewilliget
1439 1088 1564 1148 worden
1454 1171 1867 1246 Siselen. Wolen.
1456 1253 1986 1325 zwüschen Peter Warisbrot eins¬
1459 1303 2006 1364 denne Michel vnd Marit Noss vber
1465 1338 2001 1407 Iren stan erkent, die wyl Ires bri
1446 1380 1992 1444 der Burgen seligen, so inpundten
1447 1413 1998 1483 bliben, khind, so gemelts, warns¬
1455 1454 1998 1514 brots hußfrouw, mitt mann Marg
1439 1491 1993 1558 Niclaus in ledigem stand by imme
1455 1530 1998 1594 erzilet nit allein durch ein Gorgl
1445 1558 2022 1633 alhie ergangne Vrteil für syn ehlichen
1446 1605 1999 1671 und natürlich erb erkent worden.
1437 1637 1999 1707 sondern auch uff syn absterben syn
1433 1675 2004 1753 vlassenschafft, demselben, vnd
1434 1718 2008 1793 volgents der muter krafft der Satz
1447 1752 2012 1834 ung erblich anerwachsen, so söllind
1449 1792 2027 1863 nun die bruder söliche travolkommen
1430 1830 1999 1913 und one abzug der 30 t, so sy für
1444 1863 2028 1949 gebend, Inen vor syner hinreiß durch
1427 1911 1996 1995 Ihre gaben worden syen, vßrichten
1434 1942 2008 2044 Insonderheit ouch diewyl sich gnug
1435 1986 1969 2059 sam befunden, daß er sich so wol
1433 2015 1992 2111 hie Imlandt als in pündten zu syn
1435 2047 2020 2140 ein todbett sich erlühteret, das er zu
1439 2092 1991 2194 die Ehe versprochen habe, vnd also
1457 2134 1986 2232 glychsam durch ein letsten willen
1438 2168 2007 2270 zu erkennen geben, das das khind ehlich
1439 2220 1928 2315 vnd hiemitt syn erb syn solle.
1589 2300 1827 2394 Wolen
1485 2360 2011 2439 so, wegen Elsbeth Krugler und Nicli
1447 2404 2026 2479 Nossen handels, überschicktem wyteren
1462 2430 2017 2507 bericht hatt sich zwar nit erfunden, das
1446 2469 2004 2550 sy by Hans Steller in einem gmach hin
1446 2501 2029 2594 verschlossner thür gsin sye. Es hatt aber
1434 2530 2024 2624 derselbig bericht deß andern stucks halb
1443 2578 2024 2672 zugeben, daß Hans Sali der meister
2621 401 2700 476 179
2068 461 2675 570 nit allein nach ussag 2. manspsonen ge¬
2073 518 2657 600 neltem knecht vff der heimstras von
2055 531 2703 648 hinnen, so gewesen Mittwuchens 2 8bis
2060 587 2700 677 underwegen fürgeworffen, er wüsse wol,
2041 628 2692 718 wie er sy by einandern gefunden, vnd so
2054 664 2718 761 sy nit syn frouw eyde, sye sy syn hur gsin,
2057 704 2698 803 sondern ouch syn vorige Kundtschafft vmb
2056 743 2714 839 sovil gescherpfft, das er dißmalen geredt vnd
2059 789 2699 890 züget, er habe an einem sontag morgen
2046 849 2707 918 umb die zyt, da man das warch zogen, ge¬
2039 873 2704 970 dachte syne dienst In der hinden stuben an
2047 918 2701 993 deß Knechts bett vnder einer decki gefund
2052 960 2711 1047 Inen nüt dann die köpff, vnd das er den arm
2064 995 2713 1077 vber sy geschlagen gehept, gesechen. Sy dar¬
2057 1032 2737 1114 über ob dem morgenbrot bescholten, vnd gseit,
2055 1072 2740 1157 eintweders musse es syn frouw, oder syn hun
2071 1147 2696 1240 Dahar nun in Se Vrsach genommen, sy beide
2641 1195 2688 1254 12
2100 1198 2647 1263 wyter zu examiniiren, vnd diewyl
2091 1230 2687 1303 soliches argwönigs ligen verneinet, sonder
2082 1268 2703 1343 lichen sy bethüret, sy wölle druf sterben
2075 1299 2706 1379 das sy nit vnehrlichs mitt dem Knecht be¬
2085 1342 2683 1411 gangen, sind sy biß an Mittwuchen, sich
2077 1375 2708 1448 der Warheit zu bedencken, hinab erkent
2077 1406 2753 1490 vnd entzwüschen an die E. geschriben worden,
2095 1453 2641 1529 gedachten Hans Sali ouch harzehalten
2091 1520 2713 1598 Was dann Nicli Ross antrifft, der hatt
2095 1562 2731 1635 sich nochmalen vß obigen vrsachen nit er¬
2102 1597 2740 1671 geben wöllen, sy für syn ehewyb anzenemmen
2095 1643 2721 1710 sonderlich wyl sy vmb Osteren ein andern
2089 1667 2719 1734 ehlichen, vnd mitt demselben ein Thetag halt
2096 1714 2730 1777 wöllen, da aber sy schon zuuor vmb wie¬
2104 1745 2716 1811 nachten imme versprochen ghan, dasselb zu
2095 1786 2712 1848 erwysen Lienhart Couper von Herisch
2097 1820 2727 1888 wanden, Ires vorgehnden Ehemans lyb
2101 1852 2744 1932 lichen bruder, 3 kundtschafft gstelt, aber syn
2098 1889 2767 1964 vorhaben nit gnugsam erwisen, dann derselb
2106 1927 2755 2002 zwar züget, das die Elsi inne umb wienachten
2118 1965 2749 2038 rhats gefragt, ob sy den Nuli nemmen sölle,
2113 1999 2753 2074 und hernach imm gelt zeigt, das Kieli ira
2115 2042 2717 2123 gegeben, wie sy Ihm fürgeben, aber nit
2109 2076 2709 2152 vermeldet, ob es uff die ehe gsin oder nit
2125 2106 2758 2196 Er sye auch nit darby gsin, als sy einanderen
2140 2149 2750 2225 genommen. Hieruff nun gedachter Nops
2133 2189 2737 2256 ouch widerumb yngelegt, und die sach biß
2121 2228 2571 2304 an mittsch yngestelt worden.
