4032 3024
1339 276 1444 374 228
1502 304 2052 439 Blumensten Meth Rysow.
1654 393 2051 504 Sulgenbach Kilchlindach
1418 435 2081 571 H Hans Volkli Predicanten zu blumen
1474 509 2070 615 stein ist an herrn Abraham Fleckh Predig
1463 556 2087 670 und matt, Item Joseph Bodmer Mutten
1449 608 2093 716 Im Sulgenbach an herrn Conrad Bischoffen,
1454 657 2060 756 Predicanten in kilchlindach ihnen
1467 708 2081 829 uff den 18. may kommend, alhie mit bschei
1471 757 2014 863 gegeben. Citatem brieff ertheilt.
1498 831 2099 969 Bern schaffhusen Biell Bun
1468 907 2061 1014 David Barber mit Anna Argöwer
1476 981 2071 1079 Item Hans Spächt von Schaffhusen und
1485 1033 2094 1123 Anna Lienhart von Biel ihren ehener
1479 1085 2093 1172 lopfen, ist ußert der statt kilch recht
1479 1136 2051 1218 ze thun erlouest deßwegen herrn
1489 1184 1921 1277 ertheilt, an herrn Predicanten
1914 1184 2100 1279 zu Bengliche
1922 1245 2083 1330 s. Cedre
1501 1308 2047 1429 Fryttags den 1. May 1629.
1709 1405 1938 1503 Ex Senatu.
1446 1445 1676 1565 H. Nemo
1722 1521 1965 1613 Ex Ministris
1459 1560 2048 1685 Herr Decan Schmid Herrn Rütimeyer.
1749 1642 1948 1750 Ex civibus.
1453 1707 2108 1829 Herrn Manier ander H. Im Hag der Kos
1597 1802 1890 1917 Nider Repp
1449 1887 2094 1997 Ulli Kellerhalt und Elsbeth Keller, sind
1479 1963 2071 2044 wegen er sich ira über ihnen durch ein
1475 2010 2063 2098 l geschehne warnung ein anderen
1478 2054 2082 2147 müßig zegahn nit umb so vil entzogen
1466 2101 2086 2188 wan das er sya geschwengeret, auch als
1533 2155 2070 2231 mnne uff der schoß gseßen gredt, sy
1486 2197 2086 2270 sitze uff dem iren und in betrachtnu
1478 2240 2100 2320 andrer umbstenden formklich zu
1485 2283 2087 2362 sammen bekent, sölle er desswegen
1492 2331 2075 2415 so bald sy anheimbsch werden, sy zeilen
1473 2376 2089 2458 furen und der herr vogt zu affigen und
1483 2421 2089 2497 sein l uff inne, ob er ira guts thugen
1479 2463 2050 2536 und sich wol mit derselben begehrte
1474 2501 2066 2591 achtung geben Bier frey schryben
1462 2549 1835 2635 an Inne und der 2t
2684 215 2788 288 229.
2219 257 2800 442 lende eiget wegende
2117 316 2860 536 Schelles er nicht ein
2172 375 2863 550 zusprochen imme fürgehaltner und geklagter
2162 431 2868 605 fehleren halb zu bekennen, welliche auch der
2169 500 2820 663 herr landvogt imme und er augen erhalten.
2182 534 2857 701 ebracht werden möge, wyl alles gantz arg
2144 595 2872 769 wönig ist er untz montag ins pfaffenlich
2183 721 2347 809 erkent.
2323 773 2487 887 Inns
2144 799 2855 982 Hans Reiden und dorothea zeit ein, sind in
2191 890 2853 1009 bedencken, er ihro versprochen ze haben, alle
2182 928 2863 1072 embstend es zu gebend, sonderlich, das sy anzeigen
2181 975 2871 1107 können, er ira uff abfordern eins ehepfennigs
2179 1035 2835 1165 geantwortet, er habe syner vorig huß
2192 1090 2880 1209 frowen auch keinen ehepfennig geben habe
2183 1146 2886 1267 Ire hochgehalten, daß wegen sy sich gegen imme keines
2205 1194 2868 1304 wegen versehen, sölle auch zusamen bekent,
2207 1254 2862 1352 sölle er da zu rechtsuchend nützit entgelt,
2198 1307 2888 1413 laßen. Wyl aber Matthys Probst, als sy alharte
2209 1369 2882 1460 wöllen imme nachgschwüeren, was er reno
2204 1413 2861 1506 renter mit der schinters hur thun wolle.
2195 1464 2904 1554 doch sich uf hüt erleiteret, er damit man
2204 1516 2902 1600 hin kommen könne und der versunung bedt
2185 1564 2885 1651 und dem herren richter mit anders von ira dal
2207 1614 2867 1710 ehr und guts zu ernsten gelopt sind selbige
2192 1669 2842 1762 wwort auch ufghept worden, als sy niemand
2212 1721 2880 1818 hat noch verwysslich seyn söllend, fropfe
2203 1775 2853 1878 kein den costen widerhinder sich reisens
2216 1824 2895 1939 esitz und 1 lb zu straff erlegen, deß
2211 1881 2860 1986 alles nach dem sy beweglopst sol
2221 1930 2912 2047 ter hern vogt zur Erlach berichtet
2218 1979 2370 2051 werden
2233 2081 2868 2234 Bintzenschwyl Gundischwyl
2221 2167 2880 2280 sie zwüschen Joch umb zubler als elegerin
2204 2231 2885 2337 und Barbara Werdtmüller veranth
2192 2282 2926 2401 wortern conditionierte und uff irer frug
2228 2324 2929 2455 gfallen hin ergangne eheuersprechung, wyl
2239 2382 2938 2518 selbige es nit dulden wöllend ist durch nicht
2232 2412 2933 2545 pfahrest jetwederin sich ander fort zuuer
2231 2486 2912 2593 ehelen erlangt, und da der ersten, den immer
2262 2516 2943 2680 zimbligkeit abzetragen uferlegt, sölle.
2237 2544 2850 2696 fur der ehepfennig zugestelt werden.
