4032 3024
1284 397 1411 466 486.
1374 462 1821 564 Arouw odern
1301 564 1359 629 1.
1381 559 1919 657 Wolfgang von Mülinen ist bekant,
1368 620 1931 708 lich, das er sich mitt Barbli farschon
1367 655 1931 745 wirts magd zum Kauflüten vergessen
1360 692 1935 791 Khinds halb aber, dessen sy schwanz¬
1353 735 1914 819 vermeint, es möge sich imme nit ziechen
1351 777 1905 860 das nun biß uff ir genst yngestelt
1347 818 1923 893 und imme zur abbüßung biß uff den
1351 863 1796 932 abend zil vergönt worden.
1381 990 1616 1070 Ersingen.
1692 962 1815 1083 Muri
1374 1084 1941 1152 Margreth Fridli hatt wider Jacob
1386 1128 1955 1188 Etterlin von Muri, uss den fryen Ampt
1381 1165 1928 1231 teren, Iren Eheman, so Irem fürgeben
1380 1202 1929 1260 nach sy verlassen, und mitt einer thir¬
1376 1242 1923 1304 nen Im Landt vmbher strychen, ouch
1372 1284 1912 1354 hra zu entbotten haben solle, das si
1371 1320 1921 1390 wol möge sechen, wie sy sich erhalten
1363 1363 1934 1417 vnd thuge, ein Rufbrieff nach ge¬
1379 1404 1936 1479 meier form an Kantzel zu Rüders
1373 1455 1618 1521 wyl erlanget.
1419 1537 1860 1635 Chanornay. Haberin
1380 1622 1940 1708 Battscharpitten, so vmb ein Tedel
1399 1683 1907 1743 angehalten, das er mitt Maria
1386 1711 1936 1782 Schoub kilchenrecht thun möge, sol
1389 1757 1946 1827 syn vermeinte versprochne harstell
1386 1804 1649 1871 vnd mitt bringen
1672 1888 1794 1953 Bern
1394 1893 1561 1973 Brügg.
1380 2000 1903 2075 Ober den durch Barbara Engeler
1381 2040 1909 2121 ab Christoffel Beutler Irem Ehe¬
1384 2082 1896 2145 man geklagten Ehebruch sind die
1389 2115 1925 2195 beschickten personen verhört worden.
1380 2149 1914 2232 Ob nun glychwol die Weltsche magd
1381 2191 1917 2266 von Nüwenburg das Jenig, was
1383 2234 1901 2301 die frouwe dessen halb, so sich hinder
1386 2273 1908 2344 der Kuchi thür verlüffen haben sole,
1379 2308 1918 2395 geklagt, bestätiget, habend doch
1384 2345 1941 2420 uch nüt sonders druff setzen können.
1378 2377 1937 2460 vmb sovil minder, wyl nit allein
1376 2418 1928 2500 er, sondern ouch die mitt Ihm ver¬
1377 2469 1923 2540 leidete nägerin, namens Madlen
1362 2489 1927 2584 Mutter, von Romaniostien pürtig,
1399 2535 1952 2608 aber hie uferzogen, über ußgestand,
1400 2564 1988 2661 ne gfangenschafft soliches gantz stand
2573 353 2665 417 487.
2052 407 2624 550 vnd so kächlich verneinet, das man
1991 467 2651 608 anz versprechen vnd entschuldigen kommen
1987 500 2055 572 hafft.
1989 506 2607 644 vnd sy daruff widerumb ledig glassen
1982 545 2613 697 Ess hatt ouch sich auch nit erfunden, daß
1993 601 2603 722 er die Jenige magd, so jetz by der Fre
1988 638 2614 758 Triboletin in dienst, manns Elsbeth
1998 674 2620 809 Pfründer, heige zwingen wollen, oder
2001 708 2636 841 hra etwas unzüchtigs angmutet, Also
1997 751 2671 888 das die Clegerin weder das ein noch ander
2004 797 2651 926 so sy klagt, uff inne bringen vnd bewysen
1993 847 2666 961 mögen, Vnd die wyl derhalben kein ver¬
2011 890 2619 1002 sach der schidigung verhanden und sy
2006 934 2635 1042 nit wüsters ynzeführen begert, sind
2005 974 2634 1084 sy willerumb zusamen gewisen, beide
2002 1016 2671 1128 zu Irer pflicht vnd besserer hußhalt¬
2007 1064 2658 1158 ung, sonderlich sy zum abstand von Irem
2006 1090 2692 1201 prächtigen wesen, vermahnt, wyl aber
2014 1141 2681 1241 Sie nit globen wöllen, syner mitt Ihm
2014 1187 2695 1290 hußgehalten, Ist sy biß an Montag hinab
2018 1261 2265 1331 erkent worden
2013 1269 2697 1399 M. Er hatt angeben, die Jenige, mitt den
2094 1332 2716 1419 er sich lediger wyß vergangen, sye Anni
2094 1366 2701 1467 kauwer, so mitt dem Eid verwisen
2193 1477 2378 1551 Nolin
2030 1545 2719 1646 Nicli Nots, nach dem der H. Richter sich
2043 1609 2723 1681 In Rhat hinüber begeben, den Furtrag ze¬
2047 1647 2710 1727 hun, hatt sich nit allein gegen S. Chor¬
2037 1684 2725 1770 Weibel, sondern daruff sich vor gemein¬
2047 1724 2694 1808 er versamlung freywillig erlüteret, das
2040 1757 2730 1853 er die Elsbeth Krugler für syn ehewyb uf
2034 1803 2703 1893 vnd annemmen wölle, deßwegen nicht die
2037 1840 2705 1940 vorgehnde vrteil nochmalen bestätiget, vnd
2040 1899 2703 1987 sy zu furderlichem kilchgang zu glüpt ge¬
2047 1930 2715 2025 nommen, inne urts hieruff ledig glassen,
2051 1957 2749 2054 und für noch vilfaltige my umb 9 lb.
2040 2006 2739 2108 verfellt, Saltz vnd deß knechts halb aber
2050 2048 2723 2143 erkent, das sy beid biß nach erforschung
2046 2096 2698 2171 ob, vnd was vor Rhat darüber abge¬
2058 2126 2710 2214 prochen, wyter enthalten, vnd volgents
2057 2161 2722 2258 he nach beschaffenheit ledig oder nit ledig
2069 2203 2730 2291 gelassen, vnd so dem meister nit etwan
2053 2235 2729 2332 ein sonderbare straff bestimpt were, er
2059 2273 2729 2368 dahin gehalten weden solle, nicht zu wol
2063 2314 2737 2419 verdienter straff auch 9 lb den zu erleggen
2072 2349 2759 2447 vnd den Knecht darneben vß der gfange¬
2069 2422 2296 2499 nuß zu lösen
