4032 3024
1453 299 1563 383 186.
1513 402 2130 515 Frytags 13 Martii 1629.
1782 468 1951 543 ex sen.
1507 496 2139 614 E. V. von Werdt. Ind. Hr. Dachselh.
1766 572 1929 647 Minist
1543 609 2098 709 hr daran Schmid, H. Langhaus.
1776 667 1858 760 Cip
1562 726 2031 825 H. Sultzer Hirtz, Fischer.
1553 905 1907 999 Ewann inns
1568 993 1917 1084 An G. deran daselbst
1565 1061 2133 1134 Sölle S Emanuel Wetter ernstlich
1560 1103 2143 1173 vermahnen, daß er h. Vincentz Stür¬
1558 1139 2133 1212 ter In dessen namen der alt Meyn
1575 1172 2121 1261 haler erschinnen) vmb syn ansprach
1550 1222 2125 1297 vmög habender verschrybung noch
1558 1266 2117 1351 vor Osteren befridige, wo nit, sich
1569 1313 1729 1376 hie stelle.
1583 1396 2066 1496 Bundischwyl. Stengen.
1543 1486 2105 1595 Wyl Jacob Käser, ein schmidknecht,
1576 1552 2102 1630 vnd Maria Meyer, so ein kundt
1556 1592 2118 1670 by einandern erzüget, so wol hie, als
1552 1632 2109 1720 daunden vor dem herren landtvogt der
1558 1671 2121 1759 Ehe versprechung einandern bekantlich
1558 1722 2113 1800 gsin, Insonderheit ouch sy vermeldet,
1548 1753 2114 1845 das sy dieselb Irem Vatter anfengelich
1555 1799 2103 1886 nit verhalten, ob schon sy zeig wegen
1555 1832 2096 1930 läsers anfengklichen laugnens vn¬
1556 1876 2107 1970 willig, das aber er mitt dem Ver¬
1555 1912 2109 2002 sprochen, das man Inne nit förmlich
1564 1957 2130 2046 befragt, und nie für Chorg beschickt
1574 1988 2115 2085 aben. Sind y formelich zusamen
1556 2034 2103 2123 bekent, vorm ußspruch aber, das er
1565 2069 2109 2176 y mitt liebe und fründtligkeit zu
1552 2107 2112 2214 bereden vnderstahn sölle, gut fundt
1550 2154 2117 2247 und diewyl es by ira unerheblich
1541 2185 2114 2282 gsin, Inen die Vrteil eröffnet worden
1524 2227 2108 2352 Welicheren sy volgents zu beiden son
1554 2265 1855 2351 statt ze thun gelopt.
1549 2327 2025 2459 An hr. landtvogt zu Lentzburg
1555 2383 2070 2497 Sölle den h. predicant zu Zeugen
1609 2428 2086 2538 ür sich forderen, und imme ernstig
1581 2460 2099 2577 fürhalten, daß er mith Chorsatzung
1590 2503 2111 2616 vnd kilchenordnung besser lehrne, und
2873 300 2976 380 187.
2253 378 2923 486 Ins künfftig ordenlicher practiciere, als
2256 448 2945 529 er aber In disem handel im effect er¬
2247 485 2903 566 zeigt. Dann er gemelten Laser nit
2244 523 2970 604 In der Schmitten vor der tochter Vatter
2239 556 2947 647 als synem meister, hierüber hette zwort
2253 603 2923 690 toßen, sondern für Chorgricht mitt
2252 643 2892 733 imme, was notwendig gsin, handlen
2229 717 2330 790 söllen.
2403 737 2705 831 Wichtrach.
2238 808 2541 888 An Fryweibel.
2246 835 2955 935 Sölle Michel furter ein dienenden knecht,
2242 898 2928 954 den die Et verleidet, das er sich mitt
2235 932 2921 997 Anna Hächera fleischlich vergangen, vnd
2234 983 2912 1042 als man Inne darüber rechtfertigen
2245 1018 2932 1087 wöllen, sich unghorsam erzeigt, und syn
2242 1058 2922 1131 gluht übersechen, durchs gepott oder da
2239 1099 2949 1183 dessen vnerhebligkeit zu besorgen, gewar¬
2226 1142 2494 1211 samlich harhalten
2385 1228 2586 1306 Arouw
2236 1301 2942 1409 Elßbeth Ammisperger, der dienstmagd zum
2239 1375 2941 1438 Ochsen Eheansprach an Rudolff Thommen
2229 1395 2948 1483 karren knecht zum leüthen, wyl er ussert
2228 1443 2918 1526 dem byschlaf nüt bekantlich syn wöllen,
2226 1485 2921 1570 und sy nüt erwysen können, ist nichtig
2234 1522 2918 1601 erkent, Jedem sich anderfahrt zu ver¬
2221 1571 2933 1643 ehlichen erloupt, er ira umb allen zimm¬
2210 1609 2909 1696 vnd billichen Kosten verfellt, vnd Zet¬
2226 1651 2880 1731 väders angentz alhie yngelegt worden
2454 1719 2646 1810 Bisten
2204 1771 2875 1877 Wegen Hans Eygs ist durch H. Docto¬
2209 1832 2891 1917 Dnnn vnd mr Gabriel Güntisperg
2212 1869 2927 1963 widerbracht worden, daß er dißmalen
2197 1912 2886 1989 impotens, vnd einiche mittel anzeigend
2195 1960 2891 2025 von entstandnen vnwillens, schnitts,
2201 1994 2907 2077 vnd alters wegen, vergebenlich sye. Wyl
2192 2033 2894 2115 nun er syner Ehefrouwen, Margreth
2194 2071 2921 2161 Rodt, soliches verhalten, Ist vmög der Satz
2196 2105 2900 2205 ung das ehliche band zwüschen Inen vfgelöst
2201 2150 2908 2243 hra sich anderfahrt zu verehlichen erlaupt,
2197 2201 2901 2287 Imme aber die Ehe verpotten, er stelle
2197 2243 2909 2324 dann die Jenige, so er zu ehlichen gesinnet
2215 2279 2879 2378 lhar, vnd der Costen beidersyts vf
2203 2319 2416 2393 gehept worden.
2282 2376 2812 2494 Guggisperg, verhingen,
2218 2438 2917 2552 Hans Wittschi in dessen namen S. hellers
2218 2495 2848 2579 Ihn erschinnen, Ist in ansechen der
2227 2541 2867 2633 ügnuß und ußgestandnen 2 järigen
