<?xml version="1.0" encoding="UTF-8" standalone="yes"?>
<PcGts xmlns="http://schema.primaresearch.org/PAGE/gts/pagecontent/2013-07-15" xmlns:xsi="http://www.w3.org/2001/XMLSchema-instance" xsi:schemaLocation="http://schema.primaresearch.org/PAGE/gts/pagecontent/2013-07-15 http://schema.primaresearch.org/PAGE/gts/pagecontent/2013-07-15/pagecontent.xsd">
    <Metadata>
        <Creator>prov=University of Rostock/Institute of Mathematics/CITlab|PLANET AI GmbH/Gundram Leifert/gundram.leifert@planet-ai.de:name=German_Kurrent_XVI-XVIII_M5.2(htr_id=38305)::::v=2.6.7
prov=University of Rostock/Institute of Mathematics/CITlab|PLANET AI GmbH/Tobias Gruening/tobias.gruening@planet-ai.de:name=de.uros.citlab.module.baseline2polygon.B2PSeamMultiOriented:v=2.6.7
prov=University of Rostock/Institute of Mathematics/CITlab|PLANET AI GmbH/Tobias Gruening/tobias.gruening@planet-ai.de:name=/net_tf/LA73_249_0mod360.pb:de.uros.citlab.segmentation.CITlab_LA_ML:v=2.6.7
prov=University of Rostock/Institute of Mathematics/CITlab|PLANET AI GmbH/Tobias Gruening/tobias.gruening@planet-ai.de:name=/net_tf/LA73_249_0mod360.pb:de.uros.citlab.segmentation.CITlab_LA_ML:v=2.6.7
Transkribus</Creator>
        <Created>2021-11-02T15:16:50.828+01:00</Created>
        <LastChange>2021-12-02T13:54:42.890+01:00</LastChange>
        <TranskribusMetadata docId="822509" pageId="30664357" pageNr="100" tsid="68999596" status="IN_PROGRESS" userId="101547" imgUrl="https://files.transkribus.eu/Get?id=MMIVHYHYKSUTSGWBUUSLDALM&amp;fileType=view" xmlUrl="https://files.transkribus.eu/Get?id=BSACORNWTILZXRQCUSRDYVZE" imageId="24124016"/>
    </Metadata>
    <Page imageFilename="Foto 27.10.21, 3 40 31 PM.jpg" imageWidth="4032" imageHeight="3024">
        <ReadingOrder>
            <OrderedGroup id="ro_1687514232570" caption="Regions reading order">
                <RegionRefIndexed index="0" regionRef="r1"/>
                <RegionRefIndexed index="1" regionRef="r2"/>
                <RegionRefIndexed index="2" regionRef="r3"/>
            </OrderedGroup>
        </ReadingOrder>
        <TextRegion orientation="0.0" id="r1" custom="readingOrder {index:0;}">
            <Coords points="1452,271 1452,424 1530,424 1530,271"/>
            <TextLine id="r1l1" custom="readingOrder {index:0;}">
                <Coords points="1442,402 1471,399 1483,391 1492,390 1506,379 1513,387 1540,386 1540,330 1524,330 1517,334 1507,331 1498,335 1486,329 1483,333 1471,323 1445,320"/>
                <Baseline points="1452,371 1478,371 1504,371 1530,374"/>
                <TextEquiv>
                    <Unicode>192.</Unicode>
                </TextEquiv>
            </TextLine>
            <TextEquiv>
                <Unicode>192.</Unicode>
            </TextEquiv>
        </TextRegion>
        <TextRegion orientation="0.0" id="r2" custom="readingOrder {index:1;}">
            <Coords points="1523,387 1523,2629 2130,2629 2130,387"/>
            <TextLine id="r2l1" custom="readingOrder {index:0;}">
                <Coords points="1742,428 1758,425 1772,432 1790,424 1818,436 1851,428 1865,441 1879,432 1886,441 1899,442 1905,362 1886,359 1875,364 1867,357 1822,362 1796,344 1776,353 1764,342 1749,343"/>
                <Baseline points="1754,408 1781,407 1809,409 1836,411 1864,414 1892,417"/>
                <TextEquiv>
                    <Unicode>Beren.</Unicode>
                </TextEquiv>
            </TextLine>
            <TextLine id="r2l2" custom="readingOrder {index:1;}">
                <Coords points="1526,522 1716,513 1763,536 1855,515 1924,536 2022,528 2138,564 2141,499 2061,462 1979,496 1927,475 1879,496 1821,466 1731,472 1683,447 1571,492 1528,467"/>
                <Baseline points="1536,513 1565,513 1595,513 1624,512 1654,512 1684,512 1713,512 1743,512 1773,513 1802,513 1832,515 1862,515 1891,517 1921,519 1951,521 1980,524 2010,527 2040,529 2069,533 2099,537 2129,542"/>
                <TextEquiv>
                    <Unicode>Barbara Wyßhanen ist bekantlichen</Unicode>
                </TextEquiv>
            </TextLine>
            <TextLine id="r2l3" custom="readingOrder {index:2;}">
                <Coords points="1524,570 1632,576 1701,555 1754,576 1840,555 1885,574 1914,552 1953,582 2007,564 2139,591 2140,563 2000,526 1526,519"/>
                <Baseline points="1535,555 1564,554 1594,554 1624,553 1653,552 1683,552 1713,551 1742,551 1772,551 1802,551 1832,551 1861,551 1891,553 1921,554 1950,556 1980,558 2010,561 2039,565 2069,569 2099,574 2129,579"/>
                <TextEquiv>
                    <Unicode>daß sy in Hans Wyßen hußgang</Unicode>
                </TextEquiv>
            </TextLine>
            <TextLine id="r2l4" custom="readingOrder {index:3;}">
                <Coords points="1527,602 1643,606 1656,592 1748,616 1774,606 1804,613 1835,593 1861,608 1884,602 1884,570 1844,555 1832,567 1751,572 1699,555 1631,574 1568,561 1546,575 1527,571"/>
                <Baseline points="1536,597 1562,596 1588,596 1614,594 1640,593 1666,593 1692,591 1718,591 1744,591 1770,591 1796,591 1822,591 1848,593 1875,594"/>
                <TextEquiv>
                    <Unicode>aber nit lenger als</Unicode>
                </TextEquiv>
            </TextLine>
            <TextLine id="r2l5" custom="readingOrder {index:4;}">
                <Coords points="1878,605 1911,594 1925,611 1931,605 1951,618 1973,605 1993,622 2013,610 2035,623 2089,611 2126,619 2128,595 2083,572 2059,583 2041,569 2021,575 2007,566 1993,576 1968,572 1960,562 1942,574 1915,553 1881,569"/>
                <Baseline points="1889,597 1914,596 1939,596 1965,597 1990,598 2016,600 2041,604 2067,608 2092,610 2118,614"/>
                <TextEquiv>
                    <Unicode>viertel stund</Unicode>
                </TextEquiv>
            </TextLine>
            <TextLine id="r2l6" custom="readingOrder {index:5;}">
                <Coords points="1539,640 1671,658 1710,632 1782,634 1821,654 1858,638 1882,658 1974,643 2087,664 2127,661 2128,635 1804,591 1758,613 1681,593 1540,602"/>
                <Baseline points="1548,638 1576,637 1605,636 1633,635 1662,635 1690,634 1719,633 1747,633 1776,633 1804,633 1833,635 1861,635 1890,636 1918,638 1947,640 1975,641 2004,644 2032,646 2061,649 2089,652 2118,656"/>
                <TextEquiv>
                    <Unicode>sich by imme verwylet, und daß er</Unicode>
                </TextEquiv>
            </TextLine>
            <TextLine id="r2l7" custom="readingOrder {index:6;}">
                <Coords points="1541,696 1574,674 1628,701 1669,675 1733,697 1764,675 1884,675 1977,707 2071,691 2139,711 2140,671 2120,661 2051,666 1991,643 1932,658 1765,633 1671,657 1543,643"/>
                <Baseline points="1551,674 1579,675 1608,675 1637,675 1666,675 1695,675 1724,674 1753,674 1782,674 1811,674 1840,675 1868,675 1897,677 1926,678 1955,680 1984,682 2013,684 2042,687 2071,691 2100,696 2129,702"/>
                <TextEquiv>
                    <Unicode>y volgents der statt abgeführt, ha</Unicode>
                </TextEquiv>
            </TextLine>
            <TextLine id="r2l8" custom="readingOrder {index:7;}">
                <Coords points="1521,729 1553,742 1582,721 1707,717 1735,741 1787,715 1868,744 1950,723 1993,749 2037,730 2107,749 2126,741 2127,702 2059,692 2036,711 1927,681 1818,693 1788,677 1761,698 1678,676 1628,698 1574,676 1522,689"/>
                <Baseline points="1530,720 1559,719 1588,719 1618,717 1647,716 1676,716 1706,716 1735,716 1764,716 1794,716 1823,716 1852,717 1882,719 1911,720 1940,721 1970,722 1999,725 2028,727 2058,731 2087,734 2117,738"/>
                <TextEquiv>
                    <Unicode>aber nit ungebürlichs zugemutet,</Unicode>
                </TextEquiv>
            </TextLine>
            <TextLine id="r2l9" custom="readingOrder {index:8;}">
                <Coords points="1527,763 1596,783 1643,758 1824,782 1852,758 1896,781 1969,769 2012,791 2103,793 2122,748 1983,746 1954,724 1879,740 1787,716 1735,739 1707,719 1636,733 1616,717 1528,735"/>
                <Baseline points="1536,761 1564,759 1593,758 1622,757 1651,756 1679,756 1708,756 1737,757 1766,758 1794,758 1823,759 1852,761 1881,763 1909,764 1938,767 1967,768 1996,771 2024,772 2053,776 2082,777 2111,780"/>
                <TextEquiv>
                    <Unicode>noch einiche Ehegesprechung gethan</Unicode>
                </TextEquiv>
            </TextLine>
            <TextLine id="r2l10" custom="readingOrder {index:9;}">
                <Coords points="1514,820 1693,796 1776,817 1936,804 1973,836 2031,816 2112,828 2094,792 2012,791 1992,772 1516,768"/>
                <Baseline points="1524,807 1554,806 1584,803 1615,802 1645,801 1676,800 1706,800 1737,800 1767,801 1798,801 1828,802 1859,803 1889,804 1920,807 1950,808 1981,812 2011,813 2042,816 2072,818 2103,821"/>
                <TextEquiv>
                    <Unicode>habe. Ob nun glychwol sy gantz</Unicode>
                </TextEquiv>
            </TextLine>
            <TextLine id="r2l11" custom="readingOrder {index:10;}">
                <Coords points="1523,854 1566,874 1608,845 1697,872 1753,845 1977,851 2103,874 2104,836 2031,816 1971,834 1936,804 1795,820 1691,796 1621,798 1575,823 1524,814"/>
                <Baseline points="1533,845 1561,845 1589,845 1617,845 1645,844 1673,843 1701,843 1729,843 1757,845 1785,845 1813,845 1841,846 1869,846 1897,848 1925,849 1953,851 1981,852 2009,854 2037,857 2065,859 2094,863"/>
                <TextEquiv>
                    <Unicode>vnschuldig syn wöllen, vnd andere</Unicode>
                </TextEquiv>
            </TextLine>
            <TextLine id="r2l12" custom="readingOrder {index:11;}">
                <Coords points="1521,901 1653,909 1796,888 1839,906 1914,893 2036,927 2062,907 2124,916 2125,869 2093,885 1978,851 1784,848 1694,870 1617,845 1567,872 1522,865"/>
                <Baseline points="1530,893 1559,891 1588,890 1617,889 1647,888 1676,888 1705,888 1734,888 1764,888 1793,888 1822,890 1851,891 1881,892 1910,893 1939,895 1968,897 1998,899 2027,900 2056,903 2085,905 2115,908"/>
                <TextEquiv>
                    <Unicode>vrsachen vnd anläß Ires verwylens,</Unicode>
                </TextEquiv>
            </TextLine>
            <TextLine id="r2l13" custom="readingOrder {index:12;}">
                <Coords points="1514,947 1587,928 1732,942 1760,924 1802,952 1845,934 2121,968 2138,965 2140,912 2035,925 1914,895 1515,897"/>
                <Baseline points="1523,936 1553,933 1583,932 1614,930 1644,929 1674,929 1705,929 1735,929 1765,930 1796,932 1826,933 1856,934 1887,937 1917,938 1947,940 1978,941 2008,944 2038,945 2069,947 2099,947 2130,948"/>
                <TextEquiv>
                    <Unicode>als zu einich üppigkeit, yngewendt,</Unicode>
                </TextEquiv>
            </TextLine>
            <TextLine id="r2l14" custom="readingOrder {index:13;}">
                <Coords points="1556,998 1748,972 1808,995 1904,980 2121,1002 2123,964 1950,942 1886,953 1848,933 1804,949 1664,928 1557,943"/>
                <Baseline points="1566,978 1593,976 1620,974 1647,972 1675,972 1702,972 1729,972 1757,972 1784,972 1811,974 1839,975 1866,975 1893,977 1920,979 1948,980 1975,983 2002,983 2030,986 2057,987 2084,988 2112,989"/>
                <TextEquiv>
                    <Unicode>sy doch von arglkons, vnd vnan¬</Unicode>
                </TextEquiv>
            </TextLine>
            <TextLine id="r2l15" custom="readingOrder {index:14;}">
                <Coords points="1525,1017 1846,1015 1877,1045 1913,1020 1976,1045 2026,1030 2119,1047 2120,1006 2072,990 1807,993 1749,973 1659,994 1526,987"/>
                <Baseline points="1535,1011 1563,1010 1592,1010 1621,1010 1649,1010 1678,1010 1707,1011 1735,1012 1764,1013 1793,1014 1822,1016 1850,1017 1879,1019 1908,1019 1936,1022 1965,1024 1994,1025 2022,1027 2051,1028 2080,1031 2109,1032"/>
                <TextEquiv>
                    <Unicode>stendigen nächtlich ußschweiffens wegen</Unicode>
                </TextEquiv>
            </TextLine>
            <TextLine id="r2l16" custom="readingOrder {index:15;}">
                <Coords points="1541,1062 1755,1077 1866,1061 1893,1090 1939,1080 2060,1100 2062,1049 2029,1029 1975,1046 1915,1021 1876,1042 1856,1020 1825,1031 1790,1014 1723,1034 1693,1014 1543,1024"/>
                <Baseline points="1551,1052 1576,1052 1601,1052 1626,1053 1651,1053 1676,1053 1701,1053 1726,1054 1751,1055 1776,1055 1801,1056 1826,1057 1851,1058 1876,1059 1901,1061 1926,1062 1951,1064 1976,1065 2001,1067 2026,1069 2052,1071"/>
                <TextEquiv>
                    <Unicode>inmal hinab erkent worden,</Unicode>
                </TextEquiv>
            </TextLine>
            <TextLine id="r2l17" custom="readingOrder {index:16;}">
                <Coords points="1530,1179 1549,1182 1555,1176 1572,1175 1604,1181 1616,1172 1625,1180 1644,1183 1664,1168 1675,1171 1678,1108 1667,1108 1657,1117 1651,1111 1636,1123 1628,1117 1616,1124 1600,1116 1590,1123 1570,1108 1564,1112 1555,1102 1534,1101"/>
                <Baseline points="1541,1149 1566,1152 1591,1152 1616,1152 1641,1154 1667,1158"/>
                <TextEquiv>
                    <Unicode>Bern.</Unicode>
                </TextEquiv>
            </TextLine>
            <TextLine id="r2l18" custom="readingOrder {index:17;}">
                <Coords points="1772,1169 1794,1180 1844,1169 1910,1184 1970,1171 1990,1180 2021,1168 2036,1175 2040,1114 2011,1122 1996,1108 1961,1100 1887,1132 1819,1090 1776,1101"/>
                <Baseline points="1782,1154 1809,1155 1836,1155 1863,1157 1890,1158 1918,1160 1945,1162 1972,1164 1999,1166 2027,1167"/>
                <TextEquiv>
                    <Unicode>Kriegstelt.</Unicode>
                </TextEquiv>
            </TextLine>
            <TextLine id="r2l19" custom="readingOrder {index:18;}">
                <Coords points="1673,1170 1688,1170 1701,1181 1730,1168 1736,1168 1754,1182 1768,1178 1768,1121 1755,1121 1751,1125 1744,1121 1738,1127 1715,1104 1692,1123 1673,1120"/>
                <Baseline points="1683,1158 1708,1160 1733,1161 1758,1158"/>
                <TextEquiv>
                    <Unicode> </Unicode>
                </TextEquiv>
            </TextLine>
            <TextLine id="r2l20" custom="readingOrder {index:19;}">
                <Coords points="1535,1247 1571,1263 1701,1239 1768,1263 1896,1250 2114,1267 2115,1226 2080,1209 2032,1230 2013,1211 1839,1206 1804,1226 1656,1179 1538,1180"/>
                <Baseline points="1545,1239 1573,1239 1601,1239 1629,1239 1657,1239 1685,1241 1713,1241 1741,1242 1769,1244 1797,1244 1825,1245 1853,1247 1881,1248 1909,1250 1937,1251 1965,1251 1993,1253 2021,1254 2049,1254 2077,1256 2105,1257"/>
                <TextEquiv>
                    <Unicode>Iselis, deß Sod grebens tochter hatt</Unicode>
                </TextEquiv>
            </TextLine>
            <TextLine id="r2l21" custom="readingOrder {index:20;}">
                <Coords points="1526,1294 1595,1275 1667,1293 1741,1278 1826,1300 1980,1288 2120,1309 2121,1265 1900,1249 1766,1264 1684,1238 1666,1255 1638,1239 1527,1250"/>
                <Baseline points="1536,1275 1564,1275 1593,1275 1622,1275 1651,1277 1679,1277 1708,1278 1737,1278 1766,1280 1794,1281 1823,1281 1852,1283 1881,1284 1909,1286 1938,1286 1967,1287 1996,1289 2024,1289 2053,1289 2082,1290 2111,1290"/>
                <TextEquiv>
                    <Unicode>daviel Keller ein Wull Wäber</Unicode>
                </TextEquiv>
            </TextLine>
            <TextLine id="r2l22" custom="readingOrder {index:21;}">
                <Coords points="1535,1328 1617,1321 1651,1338 1746,1320 1848,1347 1898,1324 1943,1343 2025,1327 2057,1351 2112,1334 2113,1307 2072,1294 2018,1308 1958,1288 1842,1305 1742,1278 1690,1295 1607,1277 1537,1288"/>
                <Baseline points="1545,1311 1572,1311 1600,1311 1628,1313 1656,1313 1684,1314 1712,1316 1740,1317 1768,1318 1796,1319 1824,1320 1851,1322 1879,1323 1907,1324 1935,1325 1963,1326 1991,1327 2019,1328 2047,1328 2075,1328 2103,1328"/>
                <TextEquiv>
                    <Unicode>gsell der Ehe angesprochen, mitt</Unicode>
                </TextEquiv>
            </TextLine>
            <TextLine id="r2l23" custom="readingOrder {index:22;}">
                <Coords points="1538,1365 1743,1363 1799,1385 1824,1363 1918,1361 1943,1383 1982,1371 2102,1401 2105,1330 2057,1351 2025,1327 1943,1343 1898,1324 1840,1345 1746,1320 1649,1339 1539,1331"/>
                <Baseline points="1547,1350 1574,1352 1601,1353 1628,1355 1656,1356 1683,1356 1710,1358 1738,1359 1765,1361 1792,1361 1820,1362 1847,1362 1874,1364 1901,1365 1929,1367 1956,1367 1983,1368 2011,1369 2038,1371 2065,1372 2093,1374"/>
                <TextEquiv>
                    <Unicode>anzeig, daß er ira dieselb verheißen</Unicode>
                </TextEquiv>
            </TextLine>
            <TextLine id="r2l24" custom="readingOrder {index:23;}">
                <Coords points="1541,1406 1743,1424 1807,1402 1844,1421 1936,1412 2009,1437 2054,1432 2056,1394 1884,1364 1848,1376 1824,1363 1798,1385 1765,1366 1542,1370"/>
                <Baseline points="1550,1394 1576,1394 1602,1395 1628,1396 1654,1397 1680,1397 1706,1399 1732,1401 1758,1401 1784,1403 1810,1404 1836,1405 1862,1406 1888,1407 1914,1408 1940,1410 1966,1410 1992,1412 2018,1412 2045,1413"/>
                <TextEquiv>
                    <Unicode>vnd sy darüber beschlafen habe.</Unicode>
                </TextEquiv>
            </TextLine>
            <TextLine id="r2l25" custom="readingOrder {index:24;}">
                <Coords points="1538,1439 2100,1479 2125,1469 2128,1422 2013,1437 1880,1408 1689,1421 1540,1399"/>
                <Baseline points="1548,1431 1576,1432 1604,1435 1633,1436 1661,1437 1690,1439 1718,1440 1747,1442 1775,1443 1804,1446 1832,1447 1860,1449 1889,1451 1917,1452 1946,1454 1974,1455 2003,1457 2031,1457 2060,1458 2088,1460 2117,1461"/>
                <TextEquiv>
                    <Unicode>dargegen er die Ehe verheißung gentz¬</Unicode>
                </TextEquiv>
            </TextLine>
            <TextLine id="r2l26" custom="readingOrder {index:25;}">
                <Coords points="1532,1472 1577,1482 1627,1465 1644,1476 1697,1474 1731,1486 1756,1477 1780,1496 1807,1480 1831,1489 1857,1477 1857,1461 1823,1460 1805,1447 1735,1442 1700,1456 1678,1445 1607,1447 1596,1435 1533,1444"/>
                <Baseline points="1542,1469 1567,1469 1592,1469 1618,1469 1643,1469 1669,1470 1694,1472 1719,1473 1745,1475 1770,1478 1796,1479 1821,1481 1847,1482"/>
                <TextEquiv>
                    <Unicode>lich vermeinet, die</Unicode>
                </TextEquiv>
            </TextLine>
            <TextLine id="r2l27" custom="readingOrder {index:26;}">
                <Coords points="1852,1499 1876,1502 1900,1488 1914,1502 1924,1498 1956,1517 2038,1494 2049,1500 2069,1493 2100,1508 2102,1478 2022,1474 1992,1458 1977,1470 1945,1457 1929,1468 1880,1456 1853,1463"/>
                <Baseline points="1862,1482 1887,1485 1912,1487 1938,1490 1963,1490 1989,1491 2014,1491 2040,1491 2065,1493 2091,1496"/>
                <TextEquiv>
                    <Unicode>y nun zu er¬</Unicode>
                </TextEquiv>
            </TextLine>
            <TextLine id="r2l28" custom="readingOrder {index:27;}">
                <Coords points="1527,1514 1738,1515 1778,1546 1845,1517 1923,1544 2083,1532 2130,1552 2132,1497 1870,1503 1842,1481 1529,1471"/>
                <Baseline points="1538,1506 1567,1506 1596,1507 1625,1508 1654,1509 1683,1510 1712,1512 1742,1514 1771,1516 1800,1518 1829,1521 1858,1523 1887,1524 1916,1526 1946,1529 1975,1529 2004,1529 2033,1530 2062,1529 2091,1528 2121,1526"/>
                <TextEquiv>
                    <Unicode>wahren, Er aber, daß sy gredt, von</Unicode>
                </TextEquiv>
            </TextLine>
            <TextLine id="r2l29" custom="readingOrder {index:28;}">
                <Coords points="1533,1547 1601,1548 1636,1571 1685,1552 1763,1579 1790,1563 1845,1581 1920,1565 2040,1583 2120,1577 2122,1548 2085,1531 1919,1543 1825,1515 1786,1542 1745,1517 1534,1521"/>
                <Baseline points="1542,1542 1570,1544 1599,1547 1627,1548 1656,1550 1684,1551 1713,1553 1741,1554 1770,1556 1798,1557 1827,1560 1855,1560 1884,1562 1912,1563 1941,1565 1969,1565 1998,1566 2026,1567 2055,1568 2083,1568 2112,1568"/>
                <TextEquiv>
                    <Unicode>einem Schmidknecht, so ouch mitt ira</Unicode>
                </TextEquiv>
            </TextLine>
            <TextLine id="r2l30" custom="readingOrder {index:29;}">
                <Coords points="1553,1592 1800,1601 1873,1622 1904,1606 2099,1621 2101,1577 2079,1571 2034,1582 1921,1563 1844,1581 1684,1552 1645,1570 1599,1548 1555,1560"/>
                <Baseline points="1562,1587 1588,1587 1614,1589 1641,1589 1667,1591 1694,1592 1720,1594 1747,1595 1773,1597 1800,1599 1826,1601 1852,1602 1879,1604 1905,1605 1932,1606 1958,1607 1985,1608 2011,1608 2038,1607 2064,1607 2091,1605"/>
                <TextEquiv>
                    <Unicode>ethun gehabt, schwanger ze syn, zu</Unicode>
                </TextEquiv>
            </TextLine>
            <TextLine id="r2l31" custom="readingOrder {index:30;}">
                <Coords points="1533,1632 1615,1629 1652,1654 1685,1634 1807,1662 1861,1645 1916,1661 2112,1655 2113,1621 1822,1619 1759,1597 1690,1614 1656,1593 1588,1602 1535,1583"/>
                <Baseline points="1542,1626 1570,1628 1598,1629 1626,1630 1654,1632 1682,1633 1710,1634 1738,1635 1766,1638 1794,1639 1822,1640 1850,1641 1878,1643 1906,1644 1934,1644 1962,1646 1990,1646 2018,1647 2046,1647 2074,1647 2103,1647"/>
                <TextEquiv>
                    <Unicode>erwysen sich erpotten, vnd vnder¬</Unicode>
                </TextEquiv>
            </TextLine>
            <TextLine id="r2l32" custom="readingOrder {index:31;}">
                <Coords points="1544,1673 1774,1677 1796,1696 1889,1704 1930,1683 1994,1692 2034,1721 2100,1723 2104,1660 1857,1647 1824,1661 1745,1643 1728,1656 1685,1635 1654,1654 1615,1629 1546,1629"/>
                <Baseline points="1554,1665 1582,1667 1610,1670 1639,1670 1667,1671 1695,1673 1724,1675 1752,1676 1780,1677 1809,1679 1837,1680 1866,1682 1894,1683 1922,1684 1951,1686 1979,1688 2007,1689 2036,1691 2064,1692 2093,1695"/>
                <TextEquiv>
                    <Unicode>standen, der wegen inn zu beiden syten</Unicode>
                </TextEquiv>
            </TextLine>
            <TextLine id="r2l33" custom="readingOrder {index:32;}">
                <Coords points="1534,1733 1599,1726 1644,1742 1685,1719 1746,1747 1795,1723 1909,1756 1993,1726 2033,1753 2035,1707 1976,1689 1927,1709 1905,1693 1793,1695 1773,1676 1630,1686 1538,1668"/>
                <Baseline points="1545,1707 1570,1707 1595,1707 1620,1709 1646,1710 1671,1712 1696,1713 1721,1715 1747,1717 1772,1718 1797,1719 1822,1721 1848,1722 1873,1724 1898,1725 1923,1727 1949,1727 1974,1727 1999,1727 2025,1727"/>
                <TextEquiv>
                    <Unicode>kundtschl erkent worden.</Unicode>
                </TextEquiv>
            </TextLine>
            <TextLine id="r2l34" custom="readingOrder {index:33;}">
                <Coords points="1541,1921 1604,1910 1644,1939 1703,1920 1792,1945 2021,1945 2100,1981 2106,1893 2061,1875 1913,1908 1886,1883 1854,1900 1703,1860 1626,1874 1546,1845"/>
                <Baseline points="1550,1916 1577,1914 1604,1914 1631,1916 1658,1917 1686,1918 1713,1920 1740,1922 1767,1925 1794,1928 1822,1931 1849,1933 1876,1936 1903,1938 1930,1940 1958,1941 1985,1943 2012,1943 2039,1942 2066,1941 2094,1938"/>
                <TextEquiv>
                    <Unicode>Dittwuchens. 18 Martii</Unicode>
                </TextEquiv>
            </TextLine>
            <TextLine id="r2l35" custom="readingOrder {index:34;}">
                <Coords points="1924,1991 1938,1991 1945,1986 1964,1991 1974,1981 2000,2003 2014,1991 2037,1986 2038,1946 2017,1945 2002,1954 1989,1954 1961,1941 1937,1953 1926,1951"/>
                <Baseline points="1935,1976 1965,1976 1996,1977 2027,1980"/>
                <TextEquiv>
                    <Unicode>1629.</Unicode>
                </TextEquiv>
            </TextLine>
            <TextLine id="r2l36" custom="readingOrder {index:35;}">
                <Coords points="1710,2023 1735,2028 1747,2021 1754,2024 1766,2013 1802,2011 1830,2032 1845,2024 1860,2028 1882,2020 1884,1982 1849,1990 1833,1979 1817,1990 1792,1967 1758,1959 1739,1964 1714,1960"/>
                <Baseline points="1721,2007 1746,2010 1771,2012 1796,2012 1821,2015 1846,2015 1872,2018"/>
                <TextEquiv>
                    <Unicode>E &amp; Sen.</Unicode>
                </TextEquiv>
            </TextLine>
            <TextLine id="r2l37" custom="readingOrder {index:36;}">
                <Coords points="1571,2032 1643,2053 1682,2040 1745,2064 1892,2063 1911,2084 1968,2083 1998,2074 2004,2018 1976,2005 1891,2034 1876,2019 1825,2031 1804,2011 1734,2025 1712,1998 1684,2004 1631,1983 1574,1998"/>
                <Baseline points="1580,2033 1605,2033 1631,2034 1656,2036 1682,2038 1707,2040 1733,2043 1758,2047 1784,2051 1809,2053 1835,2057 1860,2060 1886,2063 1911,2066 1937,2067 1962,2069 1988,2070"/>
                <TextEquiv>
                    <Unicode>S. V. von Werdt. Ind.</Unicode>
                </TextEquiv>
            </TextLine>
            <TextLine id="r2l38" custom="readingOrder {index:37;}">
                <Coords points="1716,2124 1729,2129 1764,2121 1789,2124 1808,2140 1822,2132 1904,2135 1911,2071 1891,2063 1854,2067 1838,2057 1814,2066 1768,2057 1736,2070 1723,2067"/>
                <Baseline points="1728,2099 1756,2101 1784,2104 1812,2108 1840,2111 1868,2114 1896,2117"/>
                <TextEquiv>
                    <Unicode>Minist.</Unicode>
                </TextEquiv>
            </TextLine>
            <TextLine id="r2l39" custom="readingOrder {index:38;}">
                <Coords points="1552,2150 1659,2157 1683,2179 1707,2165 1740,2182 1773,2173 1801,2195 1869,2186 1906,2216 1938,2199 2049,2218 2055,2165 2013,2148 1931,2161 1905,2143 1884,2158 1855,2133 1764,2139 1725,2117 1557,2110"/>
                <Baseline points="1563,2141 1588,2143 1613,2145 1638,2149 1663,2152 1689,2154 1714,2158 1739,2161 1764,2166 1789,2169 1815,2172 1840,2176 1865,2179 1890,2183 1915,2185 1941,2188 1966,2189 1991,2191 2016,2192 2042,2193"/>
                <TextEquiv>
                    <Unicode>hr daran Schmid H. Langhans</Unicode>
                </TextEquiv>
            </TextLine>
            <TextLine id="r2l40" custom="readingOrder {index:39;}">
                <Coords points="1732,2223 1753,2228 1763,2221 1776,2227 1786,2224 1793,2230 1801,2229 1805,2225 1814,2225 1816,2193 1799,2192 1791,2188 1780,2176 1765,2177 1762,2173 1754,2173 1747,2165 1735,2165"/>
                <Baseline points="1742,2220 1773,2220 1805,2223"/>
                <TextEquiv>
                    <Unicode>Civ</Unicode>
                </TextEquiv>
            </TextLine>
            <TextLine id="r2l41" custom="readingOrder {index:40;}">
                <Coords points="1563,2246 1659,2246 1706,2270 1744,2257 1828,2303 1962,2289 2005,2325 2082,2335 2104,2326 2115,2240 2000,2233 1947,2253 1873,2222 1798,2234 1570,2191"/>
                <Baseline points="1575,2235 1601,2238 1627,2240 1653,2244 1680,2247 1706,2251 1732,2256 1758,2260 1785,2265 1811,2270 1837,2274 1863,2278 1890,2282 1916,2285 1942,2288 1968,2291 1995,2293 2021,2294 2047,2293 2073,2292 2100,2289"/>
                <TextEquiv>
                    <Unicode>5 Gultzer Hirtz Fischer in tag</Unicode>
                </TextEquiv>
            </TextLine>
            <TextLine id="r2l42" custom="readingOrder {index:41;}">
                <Coords points="1547,2352 1602,2342 1643,2375 1747,2363 1765,2381 1866,2387 2045,2438 2105,2421 2113,2365 2062,2333 1902,2335 1869,2309 1666,2300 1559,2265"/>
                <Baseline points="1559,2336 1586,2337 1613,2340 1640,2342 1667,2347 1694,2350 1721,2356 1748,2360 1775,2365 1802,2371 1829,2376 1856,2381 1883,2385 1910,2389 1937,2393 1964,2397 1991,2398 2018,2399 2045,2400 2072,2399 2099,2397"/>
                <TextEquiv>
                    <Unicode>dr. Bonsten bis darbelie</Unicode>
                </TextEquiv>
            </TextLine>
            <TextLine id="r2l43" custom="readingOrder {index:42;}">
                <Coords points="1547,2437 1633,2456 1666,2442 1728,2476 1834,2486 1850,2505 1914,2498 1931,2515 2088,2530 2096,2482 2063,2464 1962,2487 1897,2445 1787,2442 1752,2411 1684,2416 1652,2397 1607,2413 1556,2388"/>
                <Baseline points="1557,2435 1583,2436 1609,2438 1635,2442 1662,2446 1688,2451 1714,2455 1740,2461 1767,2466 1793,2472 1819,2478 1845,2484 1872,2489 1898,2494 1924,2499 1950,2502 1977,2506 2003,2509 2029,2510 2055,2511 2082,2510"/>
                <TextEquiv>
                    <Unicode>diewyl Caspar Gebhart, welicher</Unicode>
                </TextEquiv>
            </TextLine>
            <TextLine id="r2l44" custom="readingOrder {index:43;}">
                <Coords points="1564,2468 1626,2490 1715,2491 1746,2521 1791,2506 1858,2521 1875,2544 1892,2534 1904,2550 1933,2540 1960,2553 1980,2541 2055,2562 2052,2519 1805,2492 1778,2473 1680,2460 1666,2441 1642,2456 1569,2444"/>
                <Baseline points="1574,2466 1599,2467 1624,2470 1649,2475 1674,2479 1699,2484 1724,2489 1749,2495 1774,2500 1799,2507 1824,2513 1849,2520 1874,2526 1899,2530 1924,2534 1949,2539 1974,2541 1999,2543 2024,2544 2049,2543"/>
                <TextEquiv>
                    <Unicode>uff anhalten syner hußfrau wenn</Unicode>
                </TextEquiv>
            </TextLine>
            <TextLine id="r2l45" custom="readingOrder {index:44;}">
                <Coords points="1550,2501 1575,2500 1594,2513 1612,2508 1638,2526 1667,2523 1675,2534 1694,2522 1705,2538 1736,2549 1743,2509 1726,2507 1715,2491 1696,2492 1671,2480 1634,2491 1600,2485 1556,2464"/>
                <Baseline points="1560,2498 1588,2500 1617,2503 1645,2510 1674,2515 1702,2520 1731,2525"/>
                <TextEquiv>
                    <Unicode>Anna Risen</Unicode>
                </TextEquiv>
            </TextLine>
            <TextLine id="r2l46" custom="readingOrder {index:45;}">
                <Coords points="1755,2549 1778,2561 1811,2550 1976,2598 2055,2583 2075,2594 2079,2552 2011,2559 1998,2543 1979,2556 1940,2538 1904,2542 1894,2533 1873,2543 1831,2519 1815,2524 1800,2508 1761,2516"/>
                <Baseline points="1766,2544 1791,2546 1816,2549 1841,2552 1866,2556 1891,2562 1916,2567 1941,2573 1966,2577 1991,2581 2016,2583 2041,2583 2067,2582"/>
                <TextEquiv>
                    <Unicode>uff alhie im verschinnen</Unicode>
                </TextEquiv>
            </TextLine>
            <TextLine id="r2l47" custom="readingOrder {index:46;}">
                <Coords points="1543,2541 1577,2563 1786,2582 1874,2626 1935,2612 1981,2636 2082,2632 2088,2596 2058,2583 1967,2593 1779,2558 1756,2534 1724,2544 1693,2522 1675,2535 1550,2502"/>
                <Baseline points="1554,2532 1580,2536 1606,2538 1632,2544 1658,2548 1684,2553 1710,2559 1736,2564 1762,2570 1788,2575 1814,2580 1840,2586 1866,2593 1892,2598 1918,2602 1944,2606 1970,2610 1996,2613 2022,2616 2048,2618 2075,2619"/>
                <TextEquiv>
                    <Unicode>Junio erlangten citations brieff</Unicode>
                </TextEquiv>
            </TextLine>
            <TextEquiv>
                <Unicode>Beren.
Barbara Wyßhanen ist bekantlichen
daß sy in Hans Wyßen hußgang
aber nit lenger als
viertel stund
sich by imme verwylet, und daß er
y volgents der statt abgeführt, ha
aber nit ungebürlichs zugemutet,
noch einiche Ehegesprechung gethan
habe. Ob nun glychwol sy gantz
vnschuldig syn wöllen, vnd andere
vrsachen vnd anläß Ires verwylens,
als zu einich üppigkeit, yngewendt,
sy doch von arglkons, vnd vnan¬
stendigen nächtlich ußschweiffens wegen
inmal hinab erkent worden,
Bern.
Kriegstelt.
 
Iselis, deß Sod grebens tochter hatt
daviel Keller ein Wull Wäber
gsell der Ehe angesprochen, mitt
anzeig, daß er ira dieselb verheißen
vnd sy darüber beschlafen habe.
dargegen er die Ehe verheißung gentz¬
lich vermeinet, die
y nun zu er¬
wahren, Er aber, daß sy gredt, von
einem Schmidknecht, so ouch mitt ira
ethun gehabt, schwanger ze syn, zu
erwysen sich erpotten, vnd vnder¬
standen, der wegen inn zu beiden syten
kundtschl erkent worden.
Dittwuchens. 18 Martii
1629.
E &amp; Sen.
S. V. von Werdt. Ind.
Minist.
hr daran Schmid H. Langhans
Civ
5 Gultzer Hirtz Fischer in tag
dr. Bonsten bis darbelie
diewyl Caspar Gebhart, welicher
uff anhalten syner hußfrau wenn
Anna Risen
uff alhie im verschinnen
Junio erlangten citations brieff</Unicode>
            </TextEquiv>
        </TextRegion>
        <TextRegion orientation="0.0" id="r3" custom="readingOrder {index:2;}">
            <Coords points="2238,304 2238,2625 2963,2625 2963,304"/>
            <TextLine id="r3l1" custom="readingOrder {index:0;}">
                <Coords points="2895,351 2905,350 2910,344 2912,346 2918,340 2931,334 2938,334 2953,325 2962,325 2961,285 2938,284 2930,288 2915,280 2907,288 2892,288"/>
                <Baseline points="2903,326 2952,324"/>
                <TextEquiv>
                    <Unicode>193</Unicode>
                </TextEquiv>
            </TextLine>
            <TextLine id="r3l2" custom="readingOrder {index:1;}">
                <Coords points="2278,510 2383,470 2592,467 2642,442 2698,459 2834,435 2907,456 2942,438 2939,389 2804,366 2677,406 2632,378 2552,411 2441,394 2395,426 2362,411 2272,438"/>
                <Baseline points="2286,483 2318,477 2350,473 2383,468 2415,463 2447,459 2480,455 2512,451 2544,448 2577,445 2609,443 2641,441 2674,440 2706,438 2738,437 2771,435 2803,435 2835,435 2868,437 2900,437 2933,438"/>
                <TextEquiv>
                    <Unicode>offentlich von Cantzlen verrufft, Hetz¬</Unicode>
                </TextEquiv>
            </TextLine>
            <TextLine id="r3l3" custom="readingOrder {index:2;}">
                <Coords points="2281,524 2488,500 2512,516 2573,492 2666,507 2730,477 2923,481 2937,436 2839,454 2750,438 2697,461 2644,443 2608,465 2429,462 2278,492"/>
                <Baseline points="2289,516 2321,512 2353,508 2385,503 2417,500 2449,498 2481,495 2513,493 2545,490 2577,487 2609,485 2641,484 2673,482 2705,480 2737,479 2769,477 2801,474 2833,473 2865,471 2897,470 2930,467"/>
                <TextEquiv>
                    <Unicode>und aber uß franckrych widrumb</Unicode>
                </TextEquiv>
            </TextLine>
            <TextLine id="r3l4" custom="readingOrder {index:3;}">
                <Coords points="2271,566 2347,572 2389,543 2432,559 2455,536 2559,548 2610,524 2822,534 2889,518 2887,480 2734,475 2679,502 2572,494 2533,512 2426,502 2378,525 2335,508 2314,531 2268,532"/>
                <Baseline points="2280,558 2311,554 2343,548 2374,544 2406,541 2437,537 2469,534 2500,532 2532,530 2563,528 2595,526 2626,525 2658,524 2689,522 2721,521 2752,519 2784,517 2815,516 2847,514 2879,512"/>
                <TextEquiv>
                    <Unicode>anheimbsch worden, noch kein eidt</Unicode>
                </TextEquiv>
            </TextLine>
            <TextLine id="r3l5" custom="readingOrder {index:4;}">
                <Coords points="2265,616 2540,571 2634,584 2655,564 2714,594 2802,560 2963,581 2959,528 2901,511 2821,536 2613,524 2559,551 2458,536 2346,573 2262,565"/>
                <Baseline points="2274,603 2307,597 2341,592 2375,587 2409,584 2443,581 2477,577 2510,575 2544,572 2578,570 2612,569 2646,567 2680,566 2714,564 2747,563 2781,563 2815,561 2849,560 2883,558 2917,557 2951,555"/>
                <TextEquiv>
                    <Unicode>vssern landt empfangt, Ist dem Vatter</Unicode>
                </TextEquiv>
            </TextLine>
            <TextLine id="r3l6" custom="readingOrder {index:5;}">
                <Coords points="2268,670 2456,621 2516,638 2678,612 2780,643 2819,607 2899,626 2938,609 2937,579 2843,560 2725,589 2540,570 2450,605 2369,585 2336,610 2266,611"/>
                <Baseline points="2276,641 2308,636 2341,631 2373,627 2406,624 2439,621 2471,618 2504,617 2536,614 2569,613 2602,612 2634,611 2667,611 2699,609 2732,609 2765,609 2797,609 2830,608 2862,608 2895,606 2928,606"/>
                <TextEquiv>
                    <Unicode>dem bystand, vnd bruder, vff ynge</Unicode>
                </TextEquiv>
            </TextLine>
            <TextLine id="r3l7" custom="readingOrder {index:6;}">
                <Coords points="2265,693 2346,678 2381,699 2419,670 2618,659 2678,683 2755,652 2902,666 2920,618 2819,607 2748,636 2679,612 2552,618 2515,639 2457,621 2378,650 2262,648"/>
                <Baseline points="2274,687 2305,681 2337,676 2369,672 2401,668 2433,665 2465,663 2497,661 2529,659 2561,659 2593,657 2624,656 2656,656 2688,656 2720,655 2752,654 2784,653 2816,653 2848,651 2880,648 2912,647"/>
                <TextEquiv>
                    <Unicode>legten fürtrag, anzeigt, ouch dar</Unicode>
                </TextEquiv>
            </TextLine>
            <TextLine id="r3l8" custom="readingOrder {index:7;}">
                <Coords points="2267,732 2347,714 2440,728 2474,708 2528,733 2559,705 2663,703 2735,729 2838,693 2932,713 2941,657 2468,666 2266,702"/>
                <Baseline points="2277,725 2309,720 2342,715 2375,712 2408,709 2441,707 2473,705 2506,703 2539,702 2572,701 2605,701 2637,701 2670,699 2703,699 2736,699 2768,699 2801,698 2834,698 2867,696 2900,695 2933,693"/>
                <TextEquiv>
                    <Unicode>umb ein schryben in die handt worden</Unicode>
                </TextEquiv>
            </TextLine>
            <TextLine id="r3l9" custom="readingOrder {index:8;}">
                <Coords points="2246,780 2317,789 2471,743 2539,770 2620,749 2658,774 2709,746 2759,772 2973,749 2972,709 2882,700 2849,724 2804,698 2740,725 2522,702 2355,739 2245,734"/>
                <Baseline points="2256,773 2291,767 2326,762 2362,758 2397,754 2432,752 2468,749 2503,747 2538,747 2574,746 2609,746 2644,746 2680,746 2715,746 2750,746 2786,746 2821,746 2856,746 2892,746 2927,746 2963,746"/>
                <TextEquiv>
                    <Unicode>das gemelter Caspar, sampt der frou</Unicode>
                </TextEquiv>
            </TextLine>
            <TextLine id="r3l10" custom="readingOrder {index:9;}">
                <Coords points="2264,823 2322,841 2380,818 2464,837 2763,810 2817,826 2934,808 2933,749 2648,772 2621,749 2540,772 2473,742 2263,784"/>
                <Baseline points="2274,813 2306,809 2339,806 2371,803 2404,801 2436,799 2469,797 2501,795 2534,795 2566,794 2599,794 2631,792 2664,792 2696,792 2729,792 2761,792 2794,792 2826,792 2859,792 2891,792 2924,792"/>
                <TextEquiv>
                    <Unicode>wen uff frytag hie erschynen sölle.</Unicode>
                </TextEquiv>
            </TextLine>
            <TextLine id="r3l11" custom="readingOrder {index:10;}">
                <Coords points="2474,927 2512,925 2520,917 2535,926 2548,918 2571,927 2588,917 2607,926 2624,918 2677,925 2709,903 2708,831 2685,845 2656,834 2596,847 2569,838 2560,848 2529,833 2473,850"/>
                <Baseline points="2483,899 2510,897 2537,897 2564,896 2591,895 2618,894 2645,894 2672,894 2700,894"/>
                <TextEquiv>
                    <Unicode>Rünitz</Unicode>
                </TextEquiv>
            </TextLine>
            <TextLine id="r3l12" custom="readingOrder {index:11;}">
                <Coords points="2252,986 2349,989 2398,965 2573,987 2603,962 2835,968 2869,988 2943,976 2943,927 2851,899 2690,931 2466,933 2437,910 2384,937 2322,909 2252,934"/>
                <Baseline points="2262,981 2295,978 2329,974 2362,971 2396,968 2429,967 2463,965 2496,963 2530,963 2563,963 2597,963 2631,963 2664,963 2698,964 2731,965 2765,966 2798,966 2832,968 2865,969 2899,971 2933,971"/>
                <TextEquiv>
                    <Unicode>Vff der E. daselbst bericht schryben, wie</Unicode>
                </TextEquiv>
            </TextLine>
            <TextLine id="r3l13" custom="readingOrder {index:12;}">
                <Coords points="2247,1017 2378,1024 2424,1005 2492,1030 2650,1006 2747,1033 2840,1004 2919,1017 2919,984 2600,965 2574,988 2395,967 2247,989"/>
                <Baseline points="2256,1013 2288,1011 2321,1009 2354,1007 2386,1006 2419,1005 2452,1004 2484,1004 2517,1004 2550,1002 2583,1002 2615,1002 2648,1003 2681,1004 2713,1004 2746,1004 2779,1005 2811,1006 2844,1007 2877,1008 2910,1010"/>
                <TextEquiv>
                    <Unicode>das Christen Mässerlis abgestorbne</Unicode>
                </TextEquiv>
            </TextLine>
            <TextLine id="r3l14" custom="readingOrder {index:13;}">
                <Coords points="2248,1072 2565,1045 2658,1070 2708,1048 2880,1068 2935,1056 2936,1013 2248,1017"/>
                <Baseline points="2258,1050 2291,1049 2324,1048 2358,1047 2391,1046 2424,1046 2458,1045 2491,1044 2524,1044 2558,1044 2591,1044 2624,1044 2658,1046 2691,1046 2724,1047 2758,1047 2791,1049 2824,1049 2858,1050 2891,1052 2925,1052"/>
                <TextEquiv>
                    <Unicode>frouw selig, mitt namen Anna Dachs,</Unicode>
                </TextEquiv>
            </TextLine>
            <TextLine id="r3l15" custom="readingOrder {index:14;}">
                <Coords points="2257,1098 2810,1093 2853,1118 2906,1107 2907,1056 2779,1070 2707,1048 2658,1070 2632,1051 2485,1048 2426,1070 2362,1052 2257,1070"/>
                <Baseline points="2267,1092 2298,1091 2330,1090 2361,1089 2393,1088 2424,1088 2456,1088 2487,1086 2519,1086 2550,1088 2582,1088 2613,1088 2645,1089 2676,1089 2708,1091 2739,1092 2771,1092 2802,1094 2834,1095 2865,1096 2897,1098"/>
                <TextEquiv>
                    <Unicode>ungfar vor einem halben jar, als sy</Unicode>
                </TextEquiv>
            </TextLine>
            <TextLine id="r3l16" custom="readingOrder {index:15;}">
                <Coords points="2258,1153 2330,1134 2394,1164 2507,1134 2751,1164 2782,1141 2915,1150 2915,1108 2809,1092 2640,1113 2503,1089 2317,1111 2258,1097"/>
                <Baseline points="2267,1139 2300,1137 2334,1135 2367,1134 2401,1133 2435,1133 2468,1133 2502,1133 2536,1133 2569,1133 2603,1133 2636,1134 2670,1134 2704,1136 2737,1137 2771,1139 2805,1140 2838,1141 2872,1142 2906,1143"/>
                <TextEquiv>
                    <Unicode>hres letsten kindts genässen söllen, Ir</Unicode>
                </TextEquiv>
            </TextLine>
            <TextLine id="r3l17" custom="readingOrder {index:16;}">
                <Coords points="2260,1182 2382,1201 2464,1184 2497,1211 2579,1182 2598,1199 2648,1179 2830,1195 2898,1188 2899,1150 2716,1161 2510,1135 2468,1155 2305,1138 2261,1152"/>
                <Baseline points="2271,1178 2301,1178 2332,1177 2363,1176 2394,1176 2425,1177 2456,1178 2486,1178 2517,1178 2548,1178 2579,1179 2610,1179 2641,1181 2672,1181 2702,1182 2733,1182 2764,1183 2795,1184 2826,1184 2857,1185 2888,1185"/>
                <TextEquiv>
                    <Unicode>ein Man vß vfwachender conscient</Unicode>
                </TextEquiv>
            </TextLine>
            <TextLine id="r3l18" custom="readingOrder {index:17;}">
                <Coords points="2251,1234 2460,1220 2507,1248 2555,1229 2724,1246 2769,1228 2805,1251 2914,1238 2914,1211 2856,1189 2683,1198 2647,1180 2597,1198 2573,1180 2502,1204 2482,1184 2384,1202 2364,1182 2252,1186"/>
                <Baseline points="2261,1224 2293,1223 2325,1222 2357,1221 2389,1221 2421,1221 2453,1221 2486,1222 2518,1223 2550,1224 2582,1224 2614,1226 2646,1227 2678,1229 2711,1229 2743,1230 2775,1230 2807,1230 2839,1230 2871,1230 2904,1229"/>
                <TextEquiv>
                    <Unicode>bekent vnd eröffnet, das Ir erstes</Unicode>
                </TextEquiv>
            </TextLine>
            <TextLine id="r3l19" custom="readingOrder {index:18;}">
                <Coords points="2247,1279 2395,1269 2471,1290 2545,1270 2852,1297 2894,1283 2895,1243 2554,1230 2506,1247 2468,1221 2248,1238"/>
                <Baseline points="2256,1268 2287,1266 2318,1265 2350,1265 2381,1265 2413,1265 2444,1265 2476,1266 2507,1266 2539,1268 2570,1269 2601,1270 2633,1271 2664,1272 2696,1272 2727,1274 2759,1274 2790,1275 2822,1275 2853,1275 2885,1275"/>
                <TextEquiv>
                    <Unicode>kind, weliches er nun 17 jar für syn</Unicode>
                </TextEquiv>
            </TextLine>
            <TextLine id="r3l20" custom="readingOrder {index:19;}">
                <Coords points="2249,1322 2368,1341 2521,1310 2623,1340 2674,1324 2712,1352 2815,1327 2883,1350 2930,1342 2933,1264 2852,1298 2539,1270 2474,1289 2393,1269 2250,1282"/>
                <Baseline points="2259,1307 2292,1307 2325,1308 2358,1308 2391,1308 2424,1310 2457,1310 2491,1311 2524,1313 2557,1314 2590,1315 2623,1316 2656,1317 2689,1318 2723,1319 2756,1322 2789,1322 2822,1323 2855,1325 2888,1326 2922,1328"/>
                <TextEquiv>
                    <Unicode>eigen fleisch vnd blut gehalten vnd vf</Unicode>
                </TextEquiv>
            </TextLine>
            <TextLine id="r3l21" custom="readingOrder {index:20;}">
                <Coords points="2252,1368 2301,1362 2329,1386 2394,1359 2449,1376 2588,1360 2812,1387 2924,1373 2925,1348 2821,1325 2794,1347 2702,1350 2675,1325 2625,1340 2523,1311 2296,1337 2253,1315"/>
                <Baseline points="2261,1358 2293,1357 2326,1356 2359,1356 2391,1356 2424,1358 2457,1358 2489,1359 2522,1359 2555,1361 2588,1362 2620,1362 2653,1364 2686,1365 2718,1367 2751,1367 2784,1368 2816,1370 2849,1370 2882,1371 2915,1371"/>
                <TextEquiv>
                    <Unicode>ersogen, mit imme, sondern einem an</Unicode>
                </TextEquiv>
            </TextLine>
            <TextLine id="r3l22" custom="readingOrder {index:21;}">
                <Coords points="2249,1407 2434,1401 2554,1428 2578,1410 2752,1415 2863,1444 2902,1426 2904,1373 2846,1392 2593,1359 2531,1380 2405,1360 2336,1382 2300,1362 2251,1371"/>
                <Baseline points="2258,1400 2289,1400 2321,1398 2353,1398 2384,1398 2416,1398 2448,1400 2479,1400 2511,1402 2543,1404 2575,1406 2606,1407 2638,1409 2670,1410 2701,1412 2733,1413 2765,1415 2796,1416 2828,1417 2860,1418 2892,1418"/>
                <TextEquiv>
                    <Unicode>dern, mitt naen Hans Scherler, by</Unicode>
                </TextEquiv>
            </TextLine>
            <TextLine id="r3l23" custom="readingOrder {index:22;}">
                <Coords points="2253,1445 2910,1474 2911,1425 2873,1441 2701,1415 2514,1430 2391,1402 2254,1407"/>
                <Baseline points="2262,1448 2295,1446 2329,1445 2362,1445 2396,1445 2430,1445 2463,1445 2497,1446 2531,1448 2564,1449 2598,1451 2631,1452 2665,1455 2699,1456 2732,1457 2766,1458 2800,1460 2833,1460 2867,1460 2901,1458"/>
                <TextEquiv>
                    <Unicode>welichem sy ein gute zyt gedienet,</Unicode>
                </TextEquiv>
            </TextLine>
            <TextLine id="r3l24" custom="readingOrder {index:23;}">
                <Coords points="2247,1506 2609,1497 2653,1527 2694,1502 2729,1526 2927,1525 2928,1476 2904,1469 2827,1490 2800,1466 2657,1469 2637,1449 2553,1467 2464,1449 2414,1466 2384,1444 2249,1455"/>
                <Baseline points="2258,1493 2291,1491 2324,1491 2357,1490 2390,1490 2423,1491 2456,1491 2489,1493 2522,1494 2555,1496 2588,1497 2621,1499 2654,1500 2687,1502 2720,1503 2753,1505 2786,1506 2819,1508 2852,1508 2885,1508 2918,1508"/>
                <TextEquiv>
                    <Unicode>zugehöre, und imme ouch sölle zugestelt</Unicode>
                </TextEquiv>
            </TextLine>
            <TextLine id="r3l25" custom="readingOrder {index:24;}">
                <Coords points="2255,1544 2351,1559 2409,1537 2431,1561 2579,1570 2722,1546 2796,1567 2919,1559 2920,1530 2256,1490"/>
                <Baseline points="2264,1539 2296,1539 2328,1539 2360,1541 2393,1541 2425,1541 2457,1542 2489,1542 2522,1542 2554,1542 2586,1544 2618,1544 2651,1545 2683,1545 2715,1547 2747,1547 2780,1548 2812,1550 2844,1551 2876,1554 2909,1556"/>
                <TextEquiv>
                    <Unicode>werden, vff weliche bekantnuß, vor</Unicode>
                </TextEquiv>
            </TextLine>
            <TextLine id="r3l26" custom="readingOrder {index:25;}">
                <Coords points="2238,1602 2358,1586 2433,1614 2548,1587 2604,1609 2703,1598 2722,1618 2756,1598 2790,1629 2830,1605 2873,1629 2904,1618 2905,1560 2852,1553 2795,1568 2647,1546 2580,1571 2389,1541 2239,1553"/>
                <Baseline points="2247,1586 2279,1586 2311,1586 2344,1586 2376,1586 2408,1586 2441,1587 2473,1587 2505,1589 2538,1590 2570,1590 2602,1592 2635,1593 2667,1593 2699,1595 2732,1595 2764,1596 2796,1598 2829,1598 2861,1599 2894,1599"/>
                <TextEquiv>
                    <Unicode>Welcheren y Irer letsten lybsfrucht</Unicode>
                </TextEquiv>
            </TextLine>
            <TextLine id="r3l27" custom="readingOrder {index:26;}">
                <Coords points="2249,1631 2427,1651 2460,1631 2570,1655 2606,1639 2735,1655 2838,1640 2838,1621 2787,1624 2755,1598 2721,1616 2700,1598 2603,1609 2545,1588 2430,1606 2347,1586 2250,1608"/>
                <Baseline points="2259,1625 2287,1626 2316,1626 2344,1628 2373,1628 2401,1629 2430,1629 2458,1630 2487,1631 2515,1632 2544,1632 2572,1632 2601,1634 2629,1635 2658,1635 2686,1637 2715,1637 2743,1638 2772,1640 2800,1641 2829,1643"/>
                <TextEquiv>
                    <Unicode>nit können entladen werden,</Unicode>
                </TextEquiv>
            </TextLine>
            <TextLine id="r3l28" custom="readingOrder {index:27;}">
                <Coords points="2245,1674 2674,1702 2720,1684 2850,1704 2891,1690 2893,1625 2727,1656 2460,1634 2396,1655 2342,1630 2247,1629"/>
                <Baseline points="2256,1667 2287,1668 2318,1670 2349,1671 2381,1673 2412,1673 2443,1674 2475,1676 2506,1676 2537,1677 2569,1678 2600,1679 2631,1680 2662,1681 2694,1682 2725,1683 2756,1683 2788,1685 2819,1686 2850,1688 2882,1689"/>
                <TextEquiv>
                    <Unicode>bald hernach dieselbe an die Welt</Unicode>
                </TextEquiv>
            </TextLine>
            <TextLine id="r3l29" custom="readingOrder {index:28;}">
                <Coords points="2249,1729 2301,1712 2510,1742 2672,1726 2732,1763 2796,1735 2903,1751 2905,1713 2784,1685 2677,1704 2251,1680"/>
                <Baseline points="2259,1712 2290,1713 2322,1713 2354,1715 2386,1716 2417,1718 2449,1718 2481,1719 2513,1721 2544,1722 2576,1722 2608,1725 2640,1726 2671,1727 2703,1728 2735,1730 2767,1732 2798,1733 2830,1736 2862,1737 2894,1740"/>
                <TextEquiv>
                    <Unicode>geboren, vnd ouch bald daruff ver¬</Unicode>
                </TextEquiv>
            </TextLine>
            <TextLine id="r3l30" custom="readingOrder {index:29;}">
                <Coords points="2250,1765 2280,1766 2305,1755 2354,1778 2381,1756 2409,1783 2432,1788 2449,1771 2468,1770 2469,1734 2456,1737 2421,1719 2403,1730 2390,1722 2354,1732 2339,1720 2325,1726 2284,1713 2251,1729"/>
                <Baseline points="2259,1760 2284,1756 2309,1754 2334,1754 2359,1755 2384,1757 2409,1759 2434,1761 2460,1763"/>
                <TextEquiv>
                    <Unicode>scheiden ge¬</Unicode>
                </TextEquiv>
            </TextLine>
            <TextLine id="r3l31" custom="readingOrder {index:30;}">
                <Coords points="2468,1771 2486,1774 2492,1770 2500,1778 2521,1778 2528,1775 2547,1777 2548,1734 2535,1733 2531,1737 2526,1735 2516,1742 2510,1742 2492,1726 2469,1724"/>
                <Baseline points="2477,1764 2507,1767 2538,1766"/>
                <TextEquiv>
                    <Unicode>.</Unicode>
                </TextEquiv>
            </TextLine>
            <TextLine id="r3l32" custom="readingOrder {index:31;}">
                <Coords points="2228,1834 2311,1816 2401,1851 2500,1823 2540,1842 2574,1829 2626,1859 2711,1835 2790,1853 2792,1781 2775,1778 2685,1793 2646,1765 2587,1784 2458,1769 2422,1789 2377,1763 2353,1777 2309,1757 2230,1762"/>
                <Baseline points="2238,1818 2265,1817 2292,1815 2319,1815 2346,1815 2373,1815 2400,1815 2428,1815 2455,1817 2482,1817 2509,1818 2536,1820 2563,1820 2590,1822 2618,1824 2645,1825 2672,1826 2699,1827 2726,1828 2753,1829 2781,1830"/>
                <TextEquiv>
                    <Unicode>Herl. antwortlich zu schryben</Unicode>
                </TextEquiv>
            </TextLine>
            <TextLine id="r3l33" custom="readingOrder {index:32;}">
                <Coords points="2247,1871 2880,1903 2907,1898 2910,1834 2783,1824 2747,1851 2666,1834 2629,1857 2574,1827 2422,1849 2312,1817 2249,1827"/>
                <Baseline points="2256,1860 2288,1862 2320,1863 2352,1865 2384,1865 2416,1866 2448,1868 2480,1869 2512,1871 2544,1872 2576,1874 2608,1875 2640,1877 2672,1878 2704,1880 2736,1883 2768,1884 2800,1886 2832,1887 2864,1889 2897,1890"/>
                <TextEquiv>
                    <Unicode>söllind nach forchen, ob söliche wort</Unicode>
                </TextEquiv>
            </TextLine>
            <TextLine id="r3l34" custom="readingOrder {index:33;}">
                <Coords points="2252,1900 2557,1911 2579,1931 2675,1908 2874,1932 2856,1893 2253,1873"/>
                <Baseline points="2262,1892 2292,1893 2322,1896 2352,1899 2382,1901 2412,1903 2442,1904 2472,1906 2502,1907 2532,1908 2563,1909 2593,1910 2623,1911 2653,1912 2683,1913 2713,1914 2743,1915 2773,1916 2803,1917 2833,1919 2864,1920"/>
                <TextEquiv>
                    <Unicode>nit ouch vor der gebammen vnd an</Unicode>
                </TextEquiv>
            </TextLine>
            <TextLine id="r3l35" custom="readingOrder {index:34;}">
                <Coords points="2253,1936 2400,1960 2446,1941 2542,1969 2642,1949 2797,1956 2866,1984 2869,1924 2670,1908 2584,1931 2558,1911 2496,1925 2442,1903 2254,1908"/>
                <Baseline points="2262,1931 2291,1932 2321,1935 2351,1936 2381,1938 2411,1940 2440,1941 2470,1943 2500,1944 2530,1946 2560,1947 2589,1949 2619,1950 2649,1952 2679,1953 2709,1953 2738,1955 2768,1956 2798,1958 2828,1958 2858,1959"/>
                <TextEquiv>
                    <Unicode>deren wyberen, so in kindsnöten</Unicode>
                </TextEquiv>
            </TextLine>
            <TextLine id="r3l36" custom="readingOrder {index:35;}">
                <Coords points="2257,1991 2336,1976 2426,2003 2446,1985 2482,2010 2539,1987 2601,1989 2631,2013 2685,1991 2876,2011 2877,1975 2837,1981 2797,1956 2541,1967 2446,1941 2401,1960 2260,1936"/>
                <Baseline points="2268,1970 2299,1972 2331,1975 2362,1976 2394,1977 2425,1980 2457,1982 2488,1982 2520,1983 2551,1985 2583,1986 2614,1988 2646,1989 2677,1990 2709,1992 2740,1994 2772,1994 2803,1997 2835,1998 2867,2001"/>
                <TextEquiv>
                    <Unicode>by ira gsin, geredt worden, vnd</Unicode>
                </TextEquiv>
            </TextLine>
            <TextLine id="r3l37" custom="readingOrder {index:36;}">
                <Coords points="2236,2013 2307,2012 2340,2037 2373,2017 2414,2037 2536,2018 2710,2051 2904,2041 2905,2017 2784,1999 2474,2001 2350,1976 2273,1992 2238,1973"/>
                <Baseline points="2246,2010 2278,2011 2310,2012 2343,2013 2375,2015 2408,2016 2440,2018 2473,2019 2505,2021 2538,2022 2570,2024 2602,2025 2635,2027 2667,2029 2700,2030 2732,2032 2765,2034 2797,2035 2830,2037 2862,2039 2895,2042"/>
                <TextEquiv>
                    <Unicode>so dem also, söllind dieselben dar¬</Unicode>
                </TextEquiv>
            </TextLine>
            <TextLine id="r3l38" custom="readingOrder {index:37;}">
                <Coords points="2239,2052 2710,2084 2736,2068 2771,2093 2806,2076 2905,2099 2908,2042 2831,2057 2649,2029 2545,2044 2499,2023 2412,2037 2385,2018 2240,2018"/>
                <Baseline points="2249,2049 2281,2051 2313,2051 2346,2052 2378,2053 2411,2055 2443,2055 2475,2058 2508,2059 2540,2061 2573,2063 2605,2065 2637,2067 2670,2069 2702,2071 2735,2073 2767,2076 2799,2078 2832,2080 2864,2082 2897,2085"/>
                <TextEquiv>
                    <Unicode>über ouch vernommen, und ir ussag</Unicode>
                </TextEquiv>
            </TextLine>
            <TextLine id="r3l39" custom="readingOrder {index:38;}">
                <Coords points="2245,2101 2374,2096 2422,2120 2607,2108 2689,2138 2736,2116 2907,2128 2908,2098 2882,2083 2841,2098 2737,2068 2686,2085 2664,2065 2622,2080 2247,2050"/>
                <Baseline points="2255,2088 2287,2090 2319,2091 2351,2093 2383,2094 2415,2095 2447,2097 2479,2099 2511,2100 2543,2102 2576,2103 2608,2106 2640,2108 2672,2109 2704,2111 2736,2112 2768,2114 2800,2115 2832,2115 2864,2117 2897,2118"/>
                <TextEquiv>
                    <Unicode>neben bericht, ob sy zu den kinds</Unicode>
                </TextEquiv>
            </TextLine>
            <TextLine id="r3l40" custom="readingOrder {index:39;}">
                <Coords points="2257,2142 2322,2135 2380,2157 2507,2138 2543,2164 2656,2147 2834,2172 2886,2155 2887,2131 2671,2107 2581,2124 2321,2091 2259,2105"/>
                <Baseline points="2267,2130 2297,2130 2328,2132 2358,2132 2389,2133 2419,2135 2450,2136 2480,2138 2511,2139 2541,2141 2572,2142 2602,2144 2633,2146 2663,2147 2694,2148 2724,2150 2755,2151 2785,2153 2816,2154 2846,2154 2877,2156"/>
                <TextEquiv>
                    <Unicode>arbeiten ouch zuglych mitt der</Unicode>
                </TextEquiv>
            </TextLine>
            <TextLine id="r3l41" custom="readingOrder {index:40;}">
                <Coords points="2261,2177 2377,2173 2399,2193 2432,2173 2490,2197 2604,2179 2867,2211 2881,2160 2262,2140"/>
                <Baseline points="2271,2172 2302,2172 2334,2172 2365,2173 2397,2174 2428,2175 2460,2176 2491,2177 2523,2179 2554,2180 2586,2182 2617,2183 2649,2186 2680,2186 2712,2189 2743,2190 2775,2191 2806,2192 2838,2193 2870,2193"/>
                <TextEquiv>
                    <Unicode>vest angriffen vnd behafftet, ouch</Unicode>
                </TextEquiv>
            </TextLine>
            <TextLine id="r3l42" custom="readingOrder {index:41;}">
                <Coords points="2246,2224 2370,2214 2447,2233 2490,2216 2586,2239 2611,2221 2627,2239 2838,2235 2868,2261 2895,2247 2897,2198 2794,2209 2605,2179 2485,2197 2248,2171"/>
                <Baseline points="2256,2213 2287,2213 2318,2213 2350,2213 2381,2213 2413,2214 2444,2216 2476,2217 2507,2218 2539,2220 2570,2222 2601,2222 2633,2224 2664,2226 2696,2228 2727,2230 2759,2231 2790,2233 2822,2235 2853,2237 2885,2238"/>
                <TextEquiv>
                    <Unicode>set wan Irer sinnen verwirt gewesen</Unicode>
                </TextEquiv>
            </TextLine>
            <TextLine id="r3l43" custom="readingOrder {index:42;}">
                <Coords points="2252,2259 2404,2253 2628,2291 2671,2275 2700,2302 2770,2280 2795,2298 2910,2281 2911,2260 2660,2227 2560,2247 2491,2219 2253,2231"/>
                <Baseline points="2262,2252 2295,2253 2329,2254 2362,2255 2396,2256 2430,2258 2463,2260 2497,2262 2531,2264 2564,2265 2598,2268 2631,2269 2665,2271 2699,2273 2732,2274 2766,2275 2800,2276 2833,2277 2867,2279 2901,2279"/>
                <TextEquiv>
                    <Unicode>oder nit, in herren überschickt, und</Unicode>
                </TextEquiv>
            </TextLine>
            <TextLine id="r3l44" custom="readingOrder {index:43;}">
                <Coords points="2248,2307 2507,2299 2563,2323 2623,2305 2657,2334 2733,2313 2805,2340 2878,2329 2881,2281 2753,2299 2405,2253 2251,2266"/>
                <Baseline points="2259,2297 2289,2295 2320,2295 2350,2295 2381,2295 2411,2297 2442,2298 2472,2299 2503,2301 2533,2304 2564,2306 2595,2307 2625,2310 2656,2312 2686,2315 2717,2316 2747,2318 2778,2321 2808,2321 2839,2322 2870,2322"/>
                <TextEquiv>
                    <Unicode>gemelter Mässerli, sampt syne</Unicode>
                </TextEquiv>
            </TextLine>
            <TextLine id="r3l45" custom="readingOrder {index:44;}">
                <Coords points="2246,2367 2370,2341 2560,2358 2632,2386 2770,2364 2880,2381 2882,2326 2809,2347 2735,2313 2656,2334 2623,2306 2560,2322 2519,2304 2487,2328 2445,2299 2305,2320 2249,2306"/>
                <Baseline points="2256,2340 2286,2340 2317,2340 2348,2340 2379,2341 2409,2342 2440,2344 2471,2346 2502,2348 2532,2349 2563,2351 2594,2353 2625,2355 2655,2357 2686,2358 2717,2361 2748,2362 2778,2363 2809,2364 2840,2364 2871,2364"/>
                <TextEquiv>
                    <Unicode>vermeinten Sohn uffen frytag auch</Unicode>
                </TextEquiv>
            </TextLine>
            <TextLine id="r3l46" custom="readingOrder {index:45;}">
                <Coords points="2251,2409 2293,2396 2369,2411 2438,2392 2451,2402 2470,2393 2488,2412 2557,2404 2610,2420 2611,2359 2580,2374 2564,2358 2506,2369 2465,2347 2406,2342 2343,2361 2288,2345 2252,2361"/>
                <Baseline points="2261,2385 2287,2384 2313,2384 2339,2384 2365,2385 2391,2385 2417,2387 2444,2387 2470,2387 2496,2388 2522,2388 2548,2390 2574,2390 2601,2390"/>
                <TextEquiv>
                    <Unicode>hargehalten werden.</Unicode>
                </TextEquiv>
            </TextLine>
            <TextLine id="r3l47" custom="readingOrder {index:46;}">
                <Coords points="2480,2468 2515,2475 2535,2466 2597,2478 2614,2465 2650,2487 2671,2482 2678,2490 2700,2473 2737,2480 2740,2404 2696,2401 2681,2412 2658,2402 2601,2421 2571,2412 2541,2436 2481,2436"/>
                <Baseline points="2490,2459 2516,2460 2543,2460 2569,2462 2596,2462 2622,2463 2649,2463 2675,2465 2702,2466 2729,2466"/>
                <TextEquiv>
                    <Unicode>angnouw.</Unicode>
                </TextEquiv>
            </TextLine>
            <TextLine id="r3l48" custom="readingOrder {index:47;}">
                <Coords points="2245,2543 2559,2539 2583,2559 2773,2542 2875,2561 2919,2553 2921,2509 2814,2513 2735,2478 2616,2473 2535,2505 2447,2475 2248,2463"/>
                <Baseline points="2256,2531 2288,2529 2321,2529 2354,2529 2386,2531 2419,2531 2452,2531 2484,2532 2517,2534 2550,2535 2583,2537 2615,2538 2648,2539 2681,2540 2713,2541 2746,2543 2779,2544 2811,2544 2844,2546 2877,2546 2910,2546"/>
                <TextEquiv>
                    <Unicode>H. Hans N. Philip forer predicant</Unicode>
                </TextEquiv>
            </TextLine>
            <TextLine id="r3l49" custom="readingOrder {index:48;}">
                <Coords points="2235,2576 2567,2570 2692,2599 2881,2579 2879,2559 2775,2543 2236,2538"/>
                <Baseline points="2244,2564 2275,2562 2306,2561 2338,2561 2369,2561 2400,2562 2432,2562 2463,2564 2494,2565 2526,2566 2557,2568 2588,2570 2620,2571 2651,2573 2682,2574 2714,2575 2745,2576 2776,2577 2808,2577 2839,2577 2871,2577"/>
                <TextEquiv>
                    <Unicode>daselbst, sampt einem ußgeschoßnen</Unicode>
                </TextEquiv>
            </TextLine>
            <TextLine id="r3l50" custom="readingOrder {index:49;}">
                <Coords points="2243,2619 2385,2610 2525,2639 2594,2615 2709,2641 2771,2620 2819,2643 2903,2622 2904,2586 2821,2578 2786,2598 2499,2568 2413,2585 2339,2563 2244,2579"/>
                <Baseline points="2253,2598 2285,2598 2317,2599 2349,2600 2381,2601 2413,2602 2445,2603 2477,2604 2509,2606 2541,2607 2573,2609 2605,2610 2637,2610 2669,2612 2701,2613 2733,2613 2765,2615 2797,2615 2829,2615 2861,2613 2894,2613"/>
                <TextEquiv>
                    <Unicode>vom Gorgricht, hatt in synem und</Unicode>
                </TextEquiv>
            </TextLine>
            <TextEquiv>
                <Unicode>193
offentlich von Cantzlen verrufft, Hetz¬
und aber uß franckrych widrumb
anheimbsch worden, noch kein eidt
vssern landt empfangt, Ist dem Vatter
dem bystand, vnd bruder, vff ynge
legten fürtrag, anzeigt, ouch dar
umb ein schryben in die handt worden
das gemelter Caspar, sampt der frou
wen uff frytag hie erschynen sölle.
Rünitz
Vff der E. daselbst bericht schryben, wie
das Christen Mässerlis abgestorbne
frouw selig, mitt namen Anna Dachs,
ungfar vor einem halben jar, als sy
hres letsten kindts genässen söllen, Ir
ein Man vß vfwachender conscient
bekent vnd eröffnet, das Ir erstes
kind, weliches er nun 17 jar für syn
eigen fleisch vnd blut gehalten vnd vf
ersogen, mit imme, sondern einem an
dern, mitt naen Hans Scherler, by
welichem sy ein gute zyt gedienet,
zugehöre, und imme ouch sölle zugestelt
werden, vff weliche bekantnuß, vor
Welcheren y Irer letsten lybsfrucht
nit können entladen werden,
bald hernach dieselbe an die Welt
geboren, vnd ouch bald daruff ver¬
scheiden ge¬
.
Herl. antwortlich zu schryben
söllind nach forchen, ob söliche wort
nit ouch vor der gebammen vnd an
deren wyberen, so in kindsnöten
by ira gsin, geredt worden, vnd
so dem also, söllind dieselben dar¬
über ouch vernommen, und ir ussag
neben bericht, ob sy zu den kinds
arbeiten ouch zuglych mitt der
vest angriffen vnd behafftet, ouch
set wan Irer sinnen verwirt gewesen
oder nit, in herren überschickt, und
gemelter Mässerli, sampt syne
vermeinten Sohn uffen frytag auch
hargehalten werden.
angnouw.
H. Hans N. Philip forer predicant
daselbst, sampt einem ußgeschoßnen
vom Gorgricht, hatt in synem und</Unicode>
            </TextEquiv>
        </TextRegion>
    </Page>
</PcGts>
