4032 3024
1446 289 1525 372 40.
1553 285 2164 536 Montags in Morite
1734 477 1976 557 Exsenatu.
1575 477 1653 566 ph.
1544 540 2164 651 r kenner v. Werdt. Ind. G. Tachselt
1756 592 1921 662 slinist.
1565 642 2101 748 su der an Schmid, H. Langhauß.
1782 705 1870 772 Civ.
1568 730 2104 848 Hr. Gultzer Hirtz hinlag.
1592 869 1968 965 Bargen. Anberg.
1567 961 1895 1053 anh vogt schryben.
1592 1020 2173 1102 Inne deß an Inne gelangten Oberkeit¬
1589 1082 2162 1144 lichen beuelchs erinneren, vnd zuglych
1591 1113 2158 1171 verstendigen, wie vnd vß was ver¬
1593 1153 2154 1211 hinderlichen Vrsachen S. Valentyn
1580 1189 2173 1262 sich uff hütt zu erschynen entschuldiget,
1568 1228 2167 1301 Mitt beuelch, von demselben kurtzlich
1585 1269 2163 1339 zeverstahn, ob er dem obberührten Ir
1583 1311 2169 1384 Wansechen statt thun vnd gehorsame
1578 1349 2165 1431 leisten wölle oder nit. Ergibt er sich,
1580 1395 2155 1468 sölle Er H. Vogt demselben, wie ouch
1575 1429 2167 1505 dem Stoffel Schiltknecht, vnd syner
1575 1475 2176 1548 kundtschafft, daß sy von hütt über 8
1587 1516 2185 1597 tag alhie erschynind, byzyten ver
1576 1550 2155 1642 kündigen, widrigen bescheid aber an
1579 1599 2167 1684 nch alhar unverzogen langen lassen.
1806 1671 1941 1761 Bern.
1582 1741 2206 1839 Wegen Dorothea Freudenrychin habend
1603 1802 2160 1886 die H. Doctores widerbracht, Ob
1588 1828 2154 1929 wol sy hieuor mitt einer grossen
1596 1873 2164 1953 melancolii behafftet, gsin, ouch noch
1592 1908 2168 2003 setzt drey sinns und verstandts halb
1603 1954 2145 2060 zuneracht arbeitselig, deßglychen
1603 1985 2183 2088 vnd neben demselben an irem lyb mitt
1595 2030 2167 2134 dem schlag getroffen, So were doch
1599 2062 2151 2174 sölicher stucken halb einem Man, bis
1602 2102 2156 2224 hra gewohnen, noch wol müglich
1598 2141 2201 2258 hren lybs schaden aber betreffend, habe
1604 2182 2175 2307 sy ein unflätigs ullus und fistulam
1612 2221 2164 2343 sy dem Nabel, so gantz unheilsam
1594 2265 2182 2402 vnd dessenthalb nit allein geringe, sonder
1606 2300 2199 2441 gar kein hoffnung der besserung verhan¬
1607 2336 2196 2479 den, vnd ich böserung zu erwarten, da
1616 2385 2176 2517 ar sy zu einem man untugenliche
1611 2420 2162 2562 und nit thunlich, daß ein junger
1617 2450 2021 2563 Man sölte erbunden werden,
1637 2499 2171 2603 ner ehlich und fleischlich zu ver
1622 2524 2048 2661 ven zu gerische schalten
2012 2568 2220 2660 Bewohnen,
2912 228 2980 297 41
2281 362 2929 507 Dem dann die Hebammen In Irer beson¬
2281 415 2929 533 deren relation ouch zugestimpt, mitt
2278 448 2953 582 rmelden, Ir lybs geprästen vnd fluß
2269 504 2983 635 se wie fratt, vnd stäts offen, rünne
2281 547 2935 670 biß über die bein hinab, und gebe ein
2279 581 2971 709 rusten gstanck von sich, also das einem
2288 630 2940 749 widerman nit anzemuten sye, ira
2287 673 2947 800 ehlicher Wercken halb bygewohnen,
2280 726 2930 840 ob sy glychwol zu denselben, sonde
2285 771 2973 879 Er geburtsort antrifft, villicht tugen
2282 849 2542 942 lich seyn möchte.
2259 881 2942 1017 Nach yngenommen solichen bericht Ist
2301 942 2953 1045 dem Butherr Freudenrich derselb
2295 989 2950 1083 substantzlich entworffen, vnd daruff
2286 1030 3015 1132 die wahl vff gethan worden, ob er nun
2286 1076 2993 1173 wölle, daß dem spätig ufbunden wur
2296 1120 2958 1207 de, ira als synem Ehewyb an not¬
2287 1157 3000 1247 spendiger narung, cur, fahl vnd that,
2296 1214 2956 1310 fürsechung zethun und sy an einem
2307 1253 2975 1355 besondern ort in synem Costen zu er¬
2300 1295 2975 1387 halten, oder aber, daß sy nochmalen
2299 1338 2976 1432 von Imme glediget weise. Weliches
2301 1387 2982 1468 er nit allein dem Rechten vnderworff
2270 1437 2958 1523 sonder nochmalen selbs gantz ernstig
2291 1484 2952 1557 der schidigung begert, jedoch mitt
2296 1531 2971 1603 vorbehalt restitution Ires zu brachten
2302 1573 2971 1654 guts, vnd anderer ansprachen, so her
2302 1619 2670 1704 nach vermeldet werden.
2293 1672 2990 1760 Nach dem nun nicht soliches alles nach
2325 1731 2982 1803 notturfft erduret, Ist vß erselten
2317 1768 2974 1842 gründen, sonderlich wyl Irenthalb
2319 1812 3006 1887 kein besserung ze verhoffen, in Crafft der
2312 1852 2995 1924 satzung, die der Vnuermügligkeit halb
2305 1905 3000 1981 gemacht, ist, die schidigung zwüschen zuer
2324 1945 3007 2019 ergangen, als die Inen ouch beider stils
2317 1990 3025 2064 am rhat samsten, hieruff imme erloupt
2324 2033 3006 2109 sich anderfahrt nach glück und gebür
2321 2079 3034 2156 ehlich zeversorgen, ira aber nach gmein¬
2323 2125 3031 2201 einbruch die enthaltung von der Ehe vffer
2329 2169 2994 2242 egt: Im übrigen der Wüschen Inen
2325 2214 2997 2289 mitt diser sach ergangne Costen Wyl
2328 2256 3027 2331 es ein heimsuchung Gottes beider
2334 2314 3012 2376 yts ufgehert vnd Gottgschlagen, In¬
2314 2348 3039 2418 sonders aber dem Cleger Spätig, mitt
2335 2385 3030 2459 den H. Doctoren vnd gebammen vmb Ire
2331 2431 3031 2507 belohnung ein vermugen beschaffen, ouch
2327 2477 2994 2545 M Hans Jacoben Schor synen von der
2340 2520 3003 2591 geführten anklag deß Ehebruchs wegen
2345 2565 3015 2632 erlittnen Costen (wyl er an der arg¬
2347 2602 3028 2677 wönigen zu vnd uß wandlung selbs
2960 1427 2994 1499 l
