4032 3024
1464 251 1563 342 134
1572 325 2089 431 yn, und nun fürhin je ein
1575 383 2086 488 andern sich müssigen sölle.
2084 402 2188 472 deß
1551 496 2147 606 und diewyl sy demnach sitt 8 tag
1550 546 2149 649 dahar nit allein mitt irem gut
1566 580 2129 682 lin vnd hußrhat, sondern auch
1542 634 2131 720 mitt dem lyb zusamen gezogen
1557 666 2139 769 vnd fleischliche bywohnung ge¬
1562 714 2143 807 hept, Ist die erkantnuß der
1568 763 2138 862 straff für ings In gesessnen
1558 808 2163 907 Rhat geschlagen, und im fürtrag
1554 858 2161 964 Ir v. für sebilden beuolchen worden
1549 904 2129 986 wie daß dise psonen uß ein¬
1549 938 2151 1045 falt und unwüssenheit in sölichen
1540 985 2165 1080 fäler gerhaten, dann sy nit al¬
1550 1032 2138 1099 lein für sich selbs vermeint, daß
1540 1070 2136 1164 sy ein andern wol ehlichen möchten
1515 1116 2126 1195 wyb sy einandern Im blut mit
1551 1162 2140 1248 Ewandt, sondern ouch Inen Irem
1553 1207 2125 1292 anzeigen nach) von den Gricht¬
1545 1252 2149 1335 säßen darzu glimpff geben worden
1537 1289 2148 1389 vnd die Eheversprechung vor sub¬
1548 1337 2113 1431 lication deß jüngst ußgangnen
1540 1383 2139 1477 ermahnung schrybens, In Wwyfel
1550 1424 2138 1514 hafftigen stallen der fründt¬
1548 1470 2127 1561 schafft behutsam ze syn, geschechen.
1537 1518 2089 1584 Inmassen zuen solicher bylag
1554 1555 2112 1641 weder für ein zury, noch blut¬
1558 1602 2087 1671 schand anzerechnen se. Über
1555 1638 2132 1714 veliches nun Ir m sy ohne buß und
1555 1682 2123 1765 straffgelt ledig erkent, und im übrig
1564 1727 2143 1804 es by schon erkanten schidigung ver¬
1556 1756 2122 1861 blyben lassen. Eut Rhat Ledelg
1553 1803 1808 1871 vom 10. hujus
1714 1875 1881 1970 Gasse.
1556 1945 2127 2069 Hans Abi Ist von Margrethlen¬
1555 2012 2090 2106 her, syner mitt ussatz behafften
1555 2045 2126 2156 frouwen, wyl sy schon vor 4 jare
1543 2082 2072 2180 hn das Siechenhuß erkent, vnd
1549 2129 2075 2233 er sich siderhar stäts gelitten, In
1546 2169 2076 2271 hoffnung, das Gott etwan besser
1546 2199 2071 2311 ung schicken wurde, dergstalt
1553 2234 2110 2350 gscheiden worden, das imme, sich
1559 2274 2064 2383 nnderfahrt zu verehlichen, er
1543 2316 1658 2363 loupt,
1654 2322 1924 2391 ira aber die
2056 2352 2092 2384 .
1915 2359 2101 2437 Ehe gentz
1557 2348 2112 2472 lich spotten syn sölle, Vnd die
1540 2383 2102 2512 wyl er fürgeben, ira albereit
1572 2424 2089 2551 mittlist 30 lb fürsechung ge
1564 2455 2104 2610 schaffet gehaben, lassends nicht
1546 2501 1923 2602 darby bewenden.
2896 287 3011 360 135.
2463 337 2680 426 Arberg.
2625 402 2874 480 Orpundt.
2550 429 2620 480 .
2322 413 2533 505 Worben
2325 515 2952 611 dem vogt über syn und der E. zu Lyss
2299 575 2951 659 bericht schryben, antreffend Samuel
2329 617 2910 697 Löffel, ein zimlich alten Man, so
2326 659 2961 735 yner dienstmagd, Agnes genampt, die
2311 704 2944 781 Ehe versprochen, vnd vmb bewillig¬
2329 746 2959 822 ung deß kilchgangs angehalten habe,
2309 803 2997 860 so aber von deßwegen, das ein gmümmel
2303 831 2998 905 vnd gassenred erschallen, als solte deß
2318 876 3005 955 alten mans sohn selig, Hans gut, mitt
2310 921 3005 1000 gemelter syner versprochnen dienstmagd
2317 966 2992 1054 etwas vngebürlicher gemeinsch gehept
2318 1009 2980 1084 haben, yngestelt, vnd der sach zwar
2317 1058 2975 1137 nachgeforschet, aber mit grundtlichs
2308 1103 2977 1179 zu erfahrung bracht worden, Ant¬
2306 1155 2959 1225 vortz, Sölle gemelte beide Ehe¬
2317 1201 2944 1284 versprochne selbs gsönlich herhalten.
2317 1260 2969 1372 Dem H Predicant zu Lyß deßhalb
2313 1327 2521 1393 zuschryben.
2310 1363 2965 1451 Sölle gedachten Löffels kind, die sol¬
2323 1419 2944 1491 che red ufbracht haben söllend, für
2317 1451 2939 1535 sich forderen, vnd in bysyn zweyer
2311 1497 2893 1584 Chorrichteren, mitt ernstiger Er¬
2314 1539 2914 1613 mahnung, die Warheit, doch ouch
2300 1575 2927 1660 nit mehr zureden, dann sy wüssend,
2288 1629 2952 1712 befragen, was zwyfelhafftigs vnd
2292 1669 2952 1747 argwönigs zwüschen irem bruder
2296 1711 2941 1793 Hans selig, vnd dem meitli, eigent
2305 1752 2928 1830 lich gsin seye. Sölle aber allein
2298 1799 2944 1875 die Jenigen vernemmen, so alters halb
2308 1853 2947 1910 ur zugsame vehig und tugenlich sind
2306 1894 2937 1962 volgents nicht ehist berichten, vnd
2298 1932 2874 2008 das alles in Struwter ghenn,
2312 2037 2815 2137 Brientz Osch. Halle
2300 2134 2941 2220 Obwol der h. predicant sich beschwert
2303 2192 2922 2260 Hans Aplanalp und Barbli Zyb
2301 2228 2927 2300 ler, so einandern die Ehe versprochen
2315 2270 2901 2346 ehlich zusamen zugeben, diewyl er
2313 2317 2950 2391 sich hieuor, es sy mitt Uli Bertheu¬
2308 2355 2949 2432 wer, so nun todts verfahren, vn
2314 2395 2947 2470 schlichet gsin, mitt ira in zury v
2302 2436 2941 2529 gangen, vnd ein vnehlich kind by ira
2299 2476 2886 2546 ertüget, das ouch nit mehr im
2300 2520 2904 2608 leben, habend doch nicht befu
