4032 3024
1296 353 1408 436 820
1420 400 1974 514 das gegen spil zu erwysen sich er
1416 466 1973 542 potten, sondern vil mehr es bi
1420 500 1967 583 siner ledigsprechung verblyben
1410 538 1972 626 lassen, vnd die sach nicht vbergeben
1396 580 1986 666 sind sy von einandern ledig erkent,
1414 626 1990 713 vnd Inen anderwertige verehlichung
1404 668 1990 747 zugelassen, und wyl sy einanderen
1400 714 2000 798 den märit lychtferiger unbefügten
1429 752 1995 833 ryß ufgeben, jedes umb 3 lb ger
1406 792 2003 875 strafft. Diewyl dann aber der
1402 844 1985 922 tochter Vatter fürgeschossen, vnd den
1399 884 1993 967 Jüngling zur ledigsprechung etlicher
1400 924 1992 998 massen anlasset, In die aber
1390 965 1985 1044 derselb andrist nit, denn fals es
1394 1008 1987 1081 nit wider Gott, vnd ein Oberkeit
1399 1048 1984 1124 ouch imme an synem gut vnschedlich
1411 1091 1998 1166 se, bewilligen wöllen, ist imme
1400 1132 1989 1211 dem Vatter uferlegt worden, dem
1399 1183 2000 1260 Jüngling 4 l. an synen costen ze
1418 1215 1765 1285 tühr zu entrichten.
1618 1289 1973 1376 Berre. Oberburg.
1438 1338 1990 1426 Jacob Guntzigker und Susanna Bi
1439 1403 1997 1467 Hzius Ehe versprochne, mögend von
1429 1436 1989 1499 hütt über 8 tag als welichen er
1437 1473 1998 1542 ynem widerbringen nach vor Rhat
1425 1503 1988 1579 erlanget) ehlich yngesegnet werden.
1421 1552 1984 1624 vor der gmeind zu Oberburg.
1615 1594 1773 1668 Bern.
1437 1646 1973 1744 Erlauttens Tedel, das Christen
1443 1718 1990 1780 Stempffli mitt Anna Hoffman,
1437 1747 1987 1825 vor der gmeind zu Merkilchen,
1433 1782 1959 1856 Denne Hans Antoni Jagel stein
1428 1830 1985 1894 der Pott, mitt Verena Gaber¬
1435 1856 1993 1936 bul, zu Bümplitz kilchenrecht
1435 1893 1658 1963 thun mögnet.
1638 1940 1779 2034 Bern.
1435 1995 1959 2096 Jucien Thorwarter eignet das
1450 2063 1970 2137 khind, dessen sy schwanger gaht, zu
1435 2094 1991 2172 Josesch Thommet dem schryben, der
1442 2137 2006 2212 meldet, das sy hiebeuoch den abwesen¬
1439 2170 1986 2246 den Schnyder faltschlich zum Vatter
1448 2206 1988 2286 genamset, sie vß syner anwys¬
1452 2243 1981 2324 ung geschechen. Entschuldiget den
1438 2280 1977 2352 jungen durenheim und von Büren
1625 2322 1996 2404 Hieruff nun Ihre straff,
1433 2327 1994 2439 wyl sy nächig, biß nach der genißt
1443 2393 1999 2479 yngestelt, vnd erkent worden, das
1453 2427 1999 2524 hommet uff Mittwuchen ouch be
1455 2463 1737 2540 schickt werden sölle.
2569 259 2689 336 84
2177 371 2352 470 Berre
2032 401 2662 592 Preistenderen gehalte in
2083 469 2654 610 zu besserer einträchtiger hußhaltung
2063 508 2677 662 deß systlichen guts halb sich irem Ehetag
2087 559 2679 692 ach gerichten, und deß orts kein wytern
2067 591 2686 732 vnfig anzufachen, sonderlichen Er, sich
2067 649 2695 781 bescheidner gegen ira zu erzeigen, vnd die
2090 687 2672 816 fangensch. an gar niemanden zu¬
2080 724 2692 854 rächen, sy aber, sich ires rässen muls,
2074 780 2676 911 und Mattheus Müllers huß zu entzüchen,
2657 825 2700 867 .
2065 833 2670 941 gemahnt, vnd Inen ein Vrteil gelt
2062 916 2224 991 ufgelegt.
2045 934 2665 1067 desselben hußfrauw und töchter dann
2081 987 2682 1084 sönderbar von beschuldigetem inzug
2080 1026 2683 1121 und scherpffe deß mult abgemahnt,
2078 1071 2698 1160 zürnemmlich aber der tochter, sich der
2078 1108 2724 1197 färberin vnd Ires huses zu entschlachen,
2089 1179 2380 1250 hnbunden worden.
2281 1247 2416 1334 Bern.
2087 1320 2694 1408 Barbara Wyßhanen hatt Hansen Wys
2117 1391 2683 1441 den ysenkrämer der Ehe vnd das
2101 1417 2699 1487 er sy im stübli zu zwingen begert
2107 1457 2705 1530 angeklagt, vnd sich uff syn wider
2104 1501 2696 1573 sprechen, vff den Jungen fels, den
2119 1534 2724 1619 uswirt zum Lütken und Pretellin
2102 1590 2739 1650 vmb disen puncten berufft, deß wei
2108 1626 2756 1698 erkent, das dieselben vffen Mittwuchen
2107 1669 2753 1736 harbescheiden, vnd entzwüschen er zu er¬
2107 1725 2748 1789 stattung der letsten Vrteil hinab
2106 1755 2454 1830 gelegt woren solle.
2303 1823 2428 1907 Bern
2121 1889 2793 1976 Er. Hans R. Kilchberger sol, die vrsachen
2136 1956 2786 2000 ynes verweigerung, die in der wider
2137 1988 2775 2063 den zu Paten kilchgang anhochzyten
2125 2020 2744 2093 vnd kindtstouffenen bestimpten
2128 2073 2757 2137 Ordnung ufgesetzte buß zu entrichten
2130 2106 2729 2179 eröffnen, denne ouch den Jenig
2131 2149 2766 2214 so gestern vnd hütt darwider ver¬
2121 2191 2730 2267 fält, die straff abgeforderet, worden
2167 2272 2621 2365 Willissouw. Bern.
2171 2348 2790 2439 ost buter ein junger schmidknecht ist
2172 2415 2805 2473 uff an ihn gescheihne frag bekant,
2176 2444 2785 2511 lich gsin, Elßbeth Yßeli, deß so
2169 2481 2792 2547 grebers tochter, vffem nütken hats
2180 2532 2797 2607 tag die Ehe verheissen, vnd ira ein
