4032 3024
1245 376 1347 448 232
1517 369 1727 476 Künitz
1349 455 1960 558 Hanns Scherler ist nach ußgstandner
1366 521 1977 608 gfangen schafft, wegen mit Cristen messeren
1358 570 1975 659 hu frowen begangnen fehlers, ernstig
1364 616 1974 697 zue besßerung und vermant worden.
1354 663 1984 756 den by ira erzügeten sohn in der forcht
1373 704 1973 803 Gottes ufheer zugen unnd festig zur
1362 757 1701 840 kinderlicher zehalten.
1333 832 1949 929 uff mitwochen söllend wegen dryer
1384 888 1937 976 gfangnen wybspersonen, alhar
1366 946 1677 1025 bescheiden werden.
1405 981 1928 1078 sie alte hirtin. Der gieser
1393 1034 2002 1112 Argöwers frow. Brugger dersteinhower
1712 1085 1987 1175 der schers. Leg.
1374 1099 1485 1155 frow
1388 1150 1984 1232 Inzwüschen sol durch den Togweibel
1403 1196 1976 1268 nach einem gwüssen weberknecht
1416 1238 1981 1323 by herren Jacob Koch dienet gstelt werden.
1547 1293 1787 1404 Dav.
1388 1376 1994 1485 go sol wegen dauid singenbergs der
1399 1446 1972 1526 die schidigung, ob syner mit dem eyd
1390 1488 1975 1570 verwissnen frowen begert mich by
1404 1536 1991 1615 Grichtschryber, was sy bekent und
1402 1583 1995 1667 wie es mit ira beschaffen, erkundig und
1737 1635 1792 1688 .
1418 1629 1714 1703 nicht widerbringen.
1667 1671 1720 1730 .
1449 1714 1999 1818 Mittwochen den 6. maii 1679.
1580 1798 1771 1884 Senatu
1432 1848 1801 1947 Dachselhoffer Index.
1562 1913 1802 1998 ex Ministris
1574 1975 1975 2086 chmid herren Rütimeyer
1355 1976 1539 2075 H Decan
1569 2033 1816 2134 Ex civibus.
1413 2079 2012 2192 Herrn Mannser herr von werdt, Hr. Hoch
1509 2172 1828 2274 ynder Wangen
1417 2238 1986 2324 Schryben an herr vogt zu angen und 2
1422 2289 1970 2368 zu Wynow, das nicht die ehr ansprach, so
1435 2323 1997 2414 Andres Amman an Barbara Hund zuer
1432 2371 2023 2457 than, ob glychen ir vatter imme die versprochen.
1442 2412 1991 2491 doch, wyl sy iren willen darin nit geben
1427 2448 2017 2550 noch sich bereden lasßen wöllen ufghept,
2611 270 2687 337 233
2067 307 2695 489 ihnen darneben, sollche hendel ze schleicht elen
2066 362 2702 543 abgstrikt und befolen haben wöllind, diser
2031 391 2724 613 welsche den geschen des e
2060 532 2275 648 Hrn Rechten.
2095 581 2372 714 Herr Wiendisch
2069 645 2750 809 syl Barbara Schmid, Hansen Renwald die ehe
2090 696 2739 831 euersprechen durch iren stieffvatter zwingel
2061 739 2750 894 worden, daruon aber weder vort großvatter
2088 787 2752 927 noch großmutter etwas gwüßt, ist erkent,
2070 845 2751 981 das dise ehr guth der satzung crafftlos syn, das
2074 877 2774 1009 em anderer forth sich zeuerehrlichen erlaupt
2077 931 2762 1059 der costen aber dem stieffvatter und tochter
2073 1021 2383 1120 uferlegt zu solle.
2137 1090 2628 1212 kilchen furnen Riederen
2076 1155 2747 1272 Die ehr ansprach so benedicht auter an Barbli
2065 1210 2746 1318 wenger ghept und ira ein stiken uff die ehe
2088 1261 2753 1368 geben ze haben fürgept, ist in ansehe er dem
2081 1315 2766 1416 diken ira wideriren willen zugschoben, auch
2079 1354 2772 1454 das er selbige nit gnugsam erhalten nichtig
2088 1403 2755 1502 erkent, jetwederen sich synem glück nach
2101 1449 2758 1556 zeverehelich erlaupt und imme der costen
2103 1532 2225 1598 ferlegt
2121 1565 2666 1672 Gätterkhenden Utzenstorff.
2104 1622 2797 1719 Diewyl hr. Hans Reber predicant zur Böter
2101 1687 2781 1763 kinsen terclag zwar so Anna Kuntz wider
2098 1727 2802 1811 inne gfürt, als das zu ira an einem montag
2095 1778 2786 1858 In einem wöscherhüsli gredt, so ir gschafft vor
2090 1819 2799 1902 ufhan sich zerthun und fleischliche werkh mit
2108 1871 2747 1947 imme verbringen sölle, das er sy von einem
2099 1920 2761 1998 Denickel in den anderen gstossen und glychsam
2102 1965 2796 2043 zwungen. Item als syn husfraw in einem schweis
2097 2005 2750 2087 bad gsin er sy kuntzenen küsst klempt
2133 2049 2800 2129 und gredt, sy habe im zwar des heimblich glich
2107 2100 2797 2174 hert gmacht, wurde aber, wo er fleischlichen
2101 2142 2793 2219 Werk mit ire verbringen könte wol ein
2113 2195 2815 2256 werden, auch anderer ungepfarren nit, doch
2114 2232 2815 2299 bekantlich, das er sy uf dem hindern tätschlet,
2115 2277 2793 2356 und uff ein zytt gredt, wan im schon uff dem
2127 2322 2793 2399 Cantzel etwas hinden us entrünne, was
2132 2367 2814 2455 es schud, auch als er in amman gelins hus gsin
2131 2422 2810 2483 bein trenckh und wol beynet gsin, habe er
2131 2450 2822 2527 zwar ußhin doch stäts der nebendstuben thür
2128 2494 2806 2582 zu trengen und als er dis nit die rechte thür
