4032 3024
1304 924 1346 968 .
1288 373 1387 454 416.
1356 462 1884 582 Lotzwyl. Hoffingen
1347 571 1922 670 deß h. predicanten zu Lotzwyl von
1349 621 1920 703 einem Jhar angestelten hußhalten
1362 656 1930 745 halb dem H. Decan schryben, fall
1363 701 1936 779 er vnd mit er ordnete herren die¬
1357 745 1924 823 selbe, vnd sonderlich das Imme synes
1361 784 1928 851 bruders, deß h. predicanten zu Sie
1361 831 1931 899 nouts tochter vnd derselben man
1354 865 1934 931 zur verwaltung ins huß gesetzt worden
1351 906 1941 983 imme nutz und ersprießlich syn erken
1349 950 1953 1020 nen mögend, solle er Inne vermahne
1344 990 1948 1060 es darby verblyben zelassen, vnd
1346 1033 1948 1097 so er sich seuer dan wider setzen
1351 1069 1947 1139 wölte, alhie zu erschynen, vnd syne
1360 1113 1949 1182 vrsachen fürzebringen, hieneben zue
1363 1165 1943 1223 ouch exhortieren, daß er zu mehrer
1381 1196 1956 1264 parsamkeit desto furer anheimsch
1329 1233 1534 1311 verblybe.
1625 1327 1793 1413 Bern.
1401 1409 1945 1484 In der vermög eines Rhat zedels ge¬
1386 1462 1960 1525 dato 25 Augusti widrumb für nich
1386 1493 1972 1564 gewisnen stristigkeit zwüschen v. Statt¬
1399 1529 1972 1607 schlosser Binder und Cunrad Schuman
1381 1567 1969 1644 dem schnyder, gesprochen, Es sölle der
1389 1607 1969 1679 selb sich erkennen, daß er so wol mitt
1404 1647 1959 1726 sgossnem fluch, als dem schmachte.
1375 1682 1951 1755 del vberfahren, vnd von dem H.
1367 1718 1971 1800 Stattschlosser, ouch allen denen, wel¬
1377 1757 1958 1829 chen er den Zedel Im zorn für die fus
1384 1798 1966 1868 geworffen, sonderlich aber von der
1372 1836 1950 1908 Stattschlosserin, Schryber Gummiers
1378 1853 1966 1946 hußfrouwen, vnd Hans Rusts selige
1378 1908 1973 1981 ledigen tochter, welichen dryen per¬
1368 1943 1947 2014 sonen er bekent, die schmachschrifft
1371 1982 1980 2057 sonderbar appliciert ze haben, ander
1389 2009 1981 2081 nüt wüsse, dann alles ehren liebs vnd
1391 2050 1969 2120 nts, bätte sy umb verzychung und
1374 2083 1981 2159 sye imme leid etc. Vermittlist dann solche
1393 2125 1969 2196 erkantnuß die er so mundtlich, als
1393 2157 1952 2228 mitt einer glüpt zu deß H. Richter
1388 2198 1968 2276 hand verrichtet) obgenamte personen
1381 2220 1975 2309 hrer ehren allersyts wol verwahrt
1391 2266 1977 2341 syn, und er by denen blyben die er halte
1404 2297 1975 2368 und die wyl er aber, wie zum theil
1412 2339 1976 2412 ingezogen, synem nebend mentschen
1400 2372 1966 2455 den bösen seind in den rathen geflu
1409 2406 1982 2490 thet, sölle er (wie dann auch beschehen,
1400 2449 1982 2525 von desselbenst wegen den fuß fahl thue,
1408 2490 1983 2564 vnd vff gebognen kugen Gott den herren
1397 2518 1999 2609 umb verzychung pitten, ouch dannet
2538 365 2628 447 417.
1988 421 2652 576 s wol von erzelter vrsachen, als auch deß
1985 479 2616 610 uff inne erwisnen ynzugs wegen, biß
1992 504 2647 644 am montag die gfangenschafft uß stahn
1985 556 2622 681 den gast guldin erleggen, der Costen
1989 581 2654 718 aber beidersyts vfgehept, vnd Ir span
1998 635 2654 766 hiemitt, Ir G. beuelch nach, wol ver
1995 713 2193 804 stragen schn
2188 775 2324 856 Bern
2018 811 2661 944 wüschen Felix Stüßi dem Wäber, Inngen
2021 881 2628 988 yner nüwlich überkommen sohnsfrouw
2010 882 2678 1021 mitt zustand sienhard kamms deß schmids
2018 954 2687 1050 lins vnd Hans Steiner, dem stein houwer
2009 988 2681 1087 andt theils, über iren span etlicher worten
2003 1027 2661 1132 wegen entstanden, erkent, diewyl der
2003 1061 2667 1168 Antworter Steiner nit allein einem ehrlichen
2007 1106 2704 1205 Man, so alhie vnder zugen gestanden, syner
2016 1149 2685 1240 eignen bekantnuß, vnd desselben zügnus
2031 1187 2657 1271 nach, angezeigt vnd vermeldet, daß ge¬
2022 1224 2662 1306 melte junge frouwen hie nüt verheissen
2031 1257 2655 1340 sondern ouch alhie offentlich bekantlich
2022 1294 2653 1388 gsin, daß er der Ehe, noch vil wenig
2022 1323 2644 1423 byschlafs halb, einiche ansprach an sy
2031 1356 2667 1447 habe, ob wol sy Inne (wie er mehr dan
2014 1411 2693 1490 wytleüffig erzelt) lange zyt am nar
2043 1440 2673 1528 ken seil gefuhrt, dahar er sich mitt
2043 1477 2659 1563 vßgoßner calumni gegen Ire rächen
2026 1511 2659 1602 wollen, Er deßwegen Inen den Jung
2042 1558 2680 1640 Thelütz an Irer bezognen Ehe kein yn¬
2049 1606 2677 1676 trag thun, der Worten halb aber
2034 1637 2712 1713 da er ira an offner Kilchstraß, vnd sonst
2049 1673 2713 1752 zugeredt, ouch alhie wideräfferet, Ja
2047 1716 2685 1788 ouch vermehret, daß sy Inne schandtlich
2058 1754 2657 1838 bschissen vnd betrogen habe, wie ein
2065 1793 2677 1866 ehrloser oder ehr gessner Schlepp
2080 1827 2684 1901 ack, sich erkennen, daß er gegen
2064 1865 2701 1943 hrauberfahren, vnd deß halben fra
2071 1901 2738 1985 allen Costen, alhie authorgricht vfgangen,
2071 1950 2719 2019 abtragen, hiemitt dann die ein vnd
2067 1961 2736 2062 andere party irer ehren widrumb wol
2055 2030 2431 2104 vspahrt syn sölle
2075 2056 2732 2156 vnd diewyl er vnder syner langen erzell¬
2085 2128 2703 2196 ung gedacht, daß der Jungen frouwen
2087 2152 2702 2237 basen, by deren sy gewohnet, sy beide
2092 2189 2680 2264 zu desto mehrer anzettung einer Ehe¬
2094 2234 2691 2316 zusamen In ein gmach gelegt, sol die
2082 2264 2717 2339 selbe beschickt, vnd hierüber gerefor¬
2094 2326 2307 2390 mie beste de
