4032 3024
1395 353 1487 432 504
1546 407 2041 563 Rarsohn. Englische
1733 506 1922 607 velhoffen
1489 539 2055 695 Ob gesich leisten scherends zu fursten
1362 587 2035 722 Abend tochter von Vater zimmerman unter
1503 651 2029 774 ohn veter um ehren begert, so den
1489 711 2045 823 auch vergünstiget worden, des
1483 756 2044 855 die mugen ein andern nützit und
1483 793 2024 917 heißen er nun unwillig und sy
1473 842 2036 951 Lienhart Stelhofers sohn der auch
1527 902 2031 1016 werk lassen, so es ihre gfallen.
1459 929 2015 1051 lasßen, eben ein sölliches bewisen
1456 995 2028 1087 und allso von beiden gscheiden, werden
1490 1039 2013 1141 sölte, ist, da doch sich solchers
1467 1096 2016 1188 halb sich gebedenken bis monter
1478 1143 1751 1233 zil vergont
1588 1220 1813 1317 Aquow
1453 1282 2033 1390 Schryben an vogt, der Peter blasen
1429 1341 2024 1437 wegen derselb syner abgscheinen
1443 1395 2017 1475 und dero vatter umb zu erkent.
1476 1443 1997 1523 costen noch nit satisfaction thal
1468 1490 1987 1581 o war samblich alhar schaffe.
1486 1556 1993 1662 Münstigen Mos dedorff
1460 1629 2012 1722 syl hand Böglis uferlegt wartze
1463 1679 2013 1770 nit verfloßen, die doch Margreth
1449 1731 1990 1812 Täger gschwengeret und ire
1450 1781 2004 1863 die ehr versorgen und solches straken
1419 1824 2026 1914 weider die ehe satz und sicht ist solhe
1463 1882 1992 1960 ehe nichtig erkent söllend, so alls
1460 1930 1975 2008 felbere abbüssen und er des
1452 1975 2009 2051 Wartheils halb vor anfahen dess
1454 2018 1950 2099 ein er bericht werden, soll.
1462 2072 1990 2163 Frißwyl Dürtenrecht.
1465 2140 1986 2234 Ib glych Anna vord, und Riches
1423 2207 1952 2281 Scherer blutt uff ein anderen
1438 2240 1993 2329 gleich doch nit bekant einiche that
1412 2296 1986 2379 verbracht ze haben der fordenen
1445 2347 1990 2425 scheinen aber es wahr ze machen
1436 2394 1973 2472 mit kundschafft unserstaht
1418 2434 1967 2518 sol durch den landvogt und
1394 2478 1966 2558 Trachselwald die kundschafft
1395 2525 1975 2612 verhört und nicht uberschikht
1402 2580 1530 2648 werden.
2711 415 2813 497 505.
2087 504 2760 649 d Contags 23. Nov. 1629.
2271 599 2449 664 exsen.
2102 639 2637 736 gr. v. Bickhart jud. h. Aman
2270 693 2411 763 Plinist
2105 719 2661 826 Hr Langhauß. Hr. Rütimeyer.
2282 791 2373 853 cit.
2117 812 2796 905 S. Munnier. Er von Werdt H. Heimberg
2118 875 2326 953 gr. Reinhart
2107 924 2565 1076 Werdten. Lausana.
2089 1057 2799 1150 Andria Robin hatt wider Andre Durant
2099 1127 2739 1178 Iren zum dritten mal vom Cantzel zu
2111 1156 2757 1225 Ifferdt ordenlich citierten: vnd vber den
2104 1193 2748 1247 letsten auff ußblibnen Eheman, die schi¬
2104 1228 2737 1296 digung, vnd das sy sich Costens halb ob synem
2104 1269 2534 1333 gut erholen möge, erlanget
2100 1284 2732 1379 Ankausanna schryben. Inne, wo er sich
2095 1357 2745 1414 widerumb zu her lassen wurde, herre
2103 1392 2200 1454 wysen
2320 1421 2469 1516 Thun
2119 1510 2740 1580 athrin Spiler in halb habend die heb¬
2117 1550 2739 1617 ammen widerbracht, daß sy zu keinem man
2117 1590 2751 1659 vermüglich sye, dann sy kein wasser behalten
2108 1625 2767 1700 möge, vnd sye Inen noch kein arbeit seligere
2107 1670 2734 1730 fürkommen, so ira eintweders von einem
2108 1706 2707 1763 fahl, streich, oder wurff begegnet seye
2106 1719 2773 1811 Wyl nun in ich nit befunden, daß Uli Scheid
2114 1779 2741 1841 legg sine neben der vnuermügligkeit
2107 1810 2763 1874 yngeführte vff malefitz gemeinte Clag
2108 1849 2754 1916 puncten, als daß sy inne syner mannheit
2121 1882 2744 1949 beraubet, synem Khind durch ein fliegen
2100 1919 2741 1987 züg vergäben wöllen, und was derglychen
2118 1957 2737 2029 zungsam vnd förmlich erweisen, habend
2104 1989 2745 2060 sy dieselben wyter zebringen nit nötig
2100 2025 2738 2094 erachtet, vnd deßwegen vber Ire strytig
2094 2068 2740 2134 keit abgesprochen. Diewyl die gewüßheit
2094 2102 2758 2154 deß ab ira geklagten, vnd durch sy bekenten lybs¬
2109 2137 2744 2195 prästens durch der hebammen relation sich befunden,
2093 2169 2711 2234 so sölle in krafft der Satzung das ehliche bandt
2095 2202 2695 2270 zwüschen Inen ufgelöst, vnd Imme zwar, sic
2101 2233 2711 2306 anderfahrt her ehlichen erloupt, ira aber
2101 2264 2721 2330 die Ehe ses were dann das sich seiner mitt ira
2095 2302 2723 2375 lyden wölte, welichen sy bevordrist harstell
2107 2334 2734 2415 sol. abgestrickt und verpotten, und diewyl
2100 2378 2714 2436 dann der fäler sich zu beiden syten befindt, In
2095 2409 2728 2476 dem er vil uff sy geklagt, aber nit gnugsam
2101 2444 2745 2526 erwisen, Sy aber die schuld vnd vrsach Ires
2104 2477 2758 2560 lybs prästens imme zu massen und zu legen wölen.
2093 2514 2731 2582 len, ohne das sy fröliches vff Ihn bringen vnd
2102 2547 2730 2632 erwahren möge, als weliches er heutiglich
