4032 3024
1382 340 1501 420 368
1462 696 1499 760 3
1504 413 2052 542 Auffbrieff erlanget gehept, Ist
1510 476 2061 575 imme uff hütt begegnet, und uff
1488 512 2043 611 syn klag bekantlich worden, daß
1486 561 2068 663 sy mitt soldaten vmb einandern
1489 606 2048 686 gezogen, aber allein mitt einen
1483 649 2073 740 habermal grämpler verfalt haben,
1492 690 2062 780 Wyl nun er ira daßelb nit be¬
1490 731 2064 817 zischen wöllen, sind sy nach gemei
1488 768 2058 863 er form gescheiden, vnd ira der Costen
1485 809 2062 894 ufferlegt, ouch im übrigen erkent
1498 868 2071 943 worden, daß sy angentz abbüßen,
1476 902 2050 987 und entzwüschen umb die übrigen
1467 939 2067 1033 fäler, wie souch vmb deß grämp
1476 987 2039 1071 lers mann befragt werden solle.
1698 1066 1845 1144 Bern
1504 1131 2033 1220 Tanne Commets deß sattlers halb
1508 1190 2036 1251 Ist hieuor anzogen worden, das
1495 1227 2072 1297 er mitt M. Michel dem nachricht
1489 1260 2065 1330 hinuß gantzig gangen, alda, neben
1469 1297 2074 1373 demselben, mitt einer wybsper¬
1483 1340 2055 1413 ohn argwönig compisiert habe.
1473 1378 2062 1452 Ob nun zwar uß der Brudermei¬
1465 1426 2045 1491 sterin zugnuß sich befunden, daß
1486 1456 2050 1532 ein ira unbekante wybsperson
1479 1503 2055 1574 by Inen gsin sye, vnd das sy inen ge¬
1475 1546 2050 1618 kuhlet habe: hatt er sich doch
1465 1591 2063 1662 entschuldiget, das er mitt dem Ver¬
1474 1628 2060 1699 schmächten diener weder gesten noch
1477 1677 2081 1745 truncken, vnd niemandt, als Maritz
1465 1717 2062 1793 Schnell vnd 2 alte Weyber, da
1471 1758 2071 1833 gsin schen, die nun ouch beschickt vnd
1483 1800 2086 1877 verhört, aber nüt sonders lüget worden,
1470 1843 2072 1914 denn daß sy gemelten M. Michel
1472 1900 2062 1962 vnd Inne, wie ouch 2 meitlin, die
1467 1925 2089 1990 hnen nit bekant, fur weliche die Bru¬
1462 1971 2072 2047 dermeisterin ein teig angemacht,
1446 2017 1819 2085 da gelassen habnnt.
1671 2088 1804 2165 Bern
1798 2093 1882 2179 .
1496 2153 2035 2240 Daniel von Werdt deß Jungen
1489 2209 2059 2277 halb ist durch den her richter wider¬
1483 2257 2051 2312 bracht, daß hr. Abraham syn bruder
1481 2290 2051 2355 Inne ußem huß vnd andrist wohin
1477 2317 2078 2395 an tisch, ouch deß muterlichen guts
1483 2352 2081 2434 halb dahar er so vngedultig
1477 2403 2061 2472 die gebür verschaffen wölle. Dar¬
1478 2443 2068 2509 uff er wider ledig glassen, und
1482 2474 2077 2560 ernstig vermahnt worden, demselbe
2771 348 2837 410 369
2157 395 2818 529 hierinn bevolgen, sich der trunckenheit
2291 467 2799 541 e vnd die elteren nach dem
2158 499 2803 583 zemüssig Gottes zu respectieren, by
2152 557 2318 612 wort
2153 543 2813 649 mydung des fluchs Gottes, vnd der
2146 604 2444 695 oberkeit straff
2175 713 2750 837 Montags. 17. Aug. 1629.
2175 797 2619 926 H. zu Dachselhoffer. Ind
2257 861 2553 921 ministri ambo
2210 879 2818 992 hr Koch. Er im hag. Hr. Monnier.
2180 1012 2651 1120 Worb. Münsingen
2172 1102 2818 1190 Anna Wantzenried, so sich hieuor von
2192 1165 2812 1233 Jacob Läderach, scheiden lassen, Ist als
2166 1191 2833 1277 der unschuldig person erloupt, sich ander
2169 1251 2443 1320 fahrt zu verehlichen
2378 1286 2523 1397 Gimel
2468 1365 2609 1448 Savoy
2188 1387 2343 1463 Bougy.
2166 1466 2835 1549 Jaqueman Moschet hatt wider Nico¬
2197 1524 2730 1595 las violat, Iren Eheman, so sy vor
2730 1533 2794 1591 7.
2196 1564 2808 1637 Jaren verlassen, vermög yngelegten
2192 1610 2795 1684 schyns, ein Ruffbrieff von 3 zu 3 l
2190 1652 2839 1738 erlanget an Cantzel zu Bongy ob Pierry.
2185 1763 2701 1858 Koufdorff Oberbalm
2169 1860 2822 1948 Hans Bachman hatt wider Hans Nisen
2201 1926 2844 1992 geklagt, wie daß der selbige Inue zu ab¬
2198 1967 2824 2029 ertuschung einer Weil gschrifft, vff den
2189 2000 2837 2079 h. von Toffen selig, die 3400 lb. Junge
2195 2047 2850 2111 halten, In syner nit gröblich übernom¬
2194 2096 2848 2152 men habe. Zur clarification der sach
2191 2121 2849 2198 sind diser tagen vnd vff hütt zu beiden
2198 2172 2808 2239 als Hans Theil käß, syn Bachmans do
2185 2210 2805 2276 maln gewesner Vogt, vnd Wolffgang
2183 2251 2820 2315 Hoffman der schryber, vff deß Clegers
2185 2289 2807 2361 Denne Hans Nun hr. zu Rümmligen, der
2187 2332 2816 2397 hußwirth zum Wäberen alhie, Hans
2189 2372 2811 2440 Sägistenman und Peter Wyniger uff
2176 2422 2814 2487 deß antworters sten Kundtschafft
2193 2450 2803 2533 verhört worden. Ob nun glychwol
2185 2491 2781 2580 sich erfunden, daß Risen von den
