4032 3024
1373 335 1488 404 384.
1479 392 2025 512 nit volkomme impotentiam, aber
1470 451 2009 552 ein große hindernuß verursache, daß
1460 489 2005 597 zu procreation eines kindts untugen
1442 524 2009 623 lich, deßwegen uß disen und anderen in
1460 572 2006 657 fürlichen ursachen und umbstenden
1459 617 2027 708 ouch von der wybspersohn hörgen auch
1447 653 2014 756 könind sy das kind keinem als dem
1441 701 2012 777 eig zueignen, dem es nun zugespro
1436 738 2012 825 und verners erkent, daß ers uff ein
1448 784 2024 867 zu synen handen nemmen, zu geben ufe
1441 823 2017 904 züchen, sich irer gselschafft gentzlich müße
1429 871 2024 947 und dann dem eheman dem er ouch aber
1437 920 2014 981 ten sol allen costen von disers handels
1449 949 2005 1024 san ufgelüffen, wie auch die kindbetten
1445 996 2026 1073 und erhaltung deßelben, biß dato abtrag
1429 1046 1516 1121 sölle
1448 1074 2042 1167 Innn die ehrbarkeit schryben, die freun
1446 1134 2008 1212 für sich ze forderen und ira das vergegen
1435 1184 1944 1248 der gmeinschafft zu eröffnet
1536 1246 1782 1337 Bargen.
1383 1294 2032 1388 Hanß Känel ist durch die herrn Doctoren
1422 1358 2018 1422 zu einem wyb untugenlich erfunden,
1426 1397 2034 1461 und deßwegen erkent worden, das er und
1393 1437 2035 1493 Elsbeth Schiltknecht von einanderen ge¬
1424 1468 2025 1543 scheiden, der sich anderfart zeuer ehlichen
1420 1511 2008 1569 erloupt, iure aber, es wölte sich dann
1418 1548 2026 1612 eine mit im lyden in welichem fahl
1423 1579 2028 1659 er die persohn stellen sol) die ehe verzogen
1414 1620 2027 1700 vnd der Costen vons besten wegen con¬
1406 1672 1710 1741 spensiert syn solle.
1432 1715 1903 1812 Bärn, hindebanck.
1423 1774 2016 1862 Ann herrn zugenet schryben, sölle gr
1432 1836 2010 1907 Doctor Fabri umb syn an H. Ludolff,
1431 1876 2037 1946 äller, syn herren zugenets schwager ver
1428 1913 2044 1992 ligen gehepte ansprach, sampt dem Costen
1423 1957 2032 2027 befridigen, ohne lengers ufrüchen, dann
1433 1998 2007 2069 myn herren söliches der billigkeit gemäßen,
1430 2031 2044 2108 befinden und imme zuerstatten yngebun
1425 2078 1777 2166 den haben wellindt
1600 2129 1759 2223 Bärn
1441 2172 2046 2266 Hanß zum Stein dem wirth zum Schür
1444 2230 2044 2305 zen ist uff sein versprechen anzeigt worden.
1436 2274 2041 2341 das mit zu an sein entschuldigung, das er den
1442 2303 2048 2389 Feyweybel von Rotelfingen handerlichen
1447 2358 2007 2422 hauptlüthen von gwüßer abtheylungen
1423 2396 2031 2466 wegen nach dry uhren zumeßen unndt
1424 2425 2031 2503 trinckenstatt und platz geben kommen,
1435 2474 2026 2542 jedoch zum vermant haben wellind,
1428 2512 2048 2585 ir der ordnung flyßig ze observieren.
2670 341 2773 414 385.
2101 407 2776 553 sas dann den unfug antrifft, so sy nem
2099 456 2778 587 fürgäben nach durch Hartman Etter mit
2107 493 2759 622 den landtlüten und nachwärts mit imme
2116 556 2724 669 truffner wyß angefangen worden,
2106 587 2785 702 soll derselb beschickt, vnd darumb gerecht¬
2087 668 2389 766 efertigt werden.
2258 722 2398 818 Harn
2313 761 2758 854 hooff und sein frouwel
2105 815 2775 921 sind zusamen zezüchen und ehrlich hußze¬
2094 846 2795 978 nhalten by von der gfangenschafft vermant
2101 900 2812 1008 unnd dem vatter anzeigt worden, daß sie
2104 943 2771 1063 unnd die mutter, wo von nöten sy mit
2115 970 2794 1101 guten worten zu irer gebür und beßeren
2106 1036 2599 1163 hushaltung wysen sollindt.
2239 1131 2662 1228 Bärn Fryburg
2092 1183 2795 1297 Agatha Mort, wieder Niclaus Grybo¬
2100 1231 2793 1352 ilet ein Ruffbrieff an Cantzel zu Bün
2298 1307 2495 1382 abbüssten.
2095 1328 2167 1393 plitz
2103 1343 2792 1457 Morya Gillin und Verena Müller
2108 1410 2795 1505 wyl ire angebne hochzyter nüt begegen.
2095 1450 2794 1546 ment, sind einmal uß und ledig glaßen
2124 1493 2789 1578 vnd vermant worden, dieselben zu¬
2094 1540 2788 1649 suchen und mit inen kilchenrecht zu thun
2222 1616 2668 1736 n Cappers wyhl
2128 1667 2765 1790 zin schryben zu tradicant daselbst,
2119 1732 2763 1825 sölle den sichs manuel umb sein
2125 1778 2762 1863 ansprach befridigen und gedencken
2125 1817 2794 1900 ob er syner sumnuß zu genießen oder zu
2125 1860 2755 1952 entgelten haben werde, wo nit
2123 1906 2764 1989 innert nechst Michels tag hie erschien
