4032 3024
1302 340 1405 415 262.
1362 390 1977 516 denselben allein In ein handt glüpt ve
1371 453 1979 563 zenemmen, uff einem inne uns ambts
1381 509 1986 611 man kommlich bedunckenden, jedoch fin
1361 540 1978 652 derlichen tag, alhie zu erschynen
1363 611 1540 732 Wyl
1535 659 1571 733 o
1647 637 1848 753 Bigler.
1345 716 1985 836 Madlen Schneiters ergerlichen leben
1379 782 1882 858 und üppigen wesens wegen
1876 814 1974 863 Ist
1379 819 1979 903 owol zu Wilhelm von Dießbach,
1363 857 1981 939 als verwaltern der herrschafft Wyl
1372 903 1980 998 als auch dem Frytweibel schrifft¬
1380 947 1988 1031 lich beuolchen, wo sy hinder Irem
1375 989 1989 1087 bezirk zu betretten, sey gewarsam
1358 1031 1632 1111 harzeschaffen.
1607 1098 1764 1197 Bern.
1374 1178 1966 1265 Abraham Werlis frouw, hatt sich
1387 1233 1974 1291 erlüteret, daß sy irem Man, von
1388 1264 1973 1339 hres knaben wegen, vnd damitt des
1372 1303 1971 1387 gütli nit zerstroüwt, wie eßigen
1383 1352 1987 1420 haben wölle, so fehr er sich besteri,
1394 1389 1973 1466 dessen er sich dann anerbotten, ouch
1375 1434 1985 1501 gantz ernstlich darzu vermahnt worden
1369 1475 1998 1542 mitt einer glüpt, nit von der Statt
1361 1509 1993 1580 Zewychen, sondern mit gl. erkantnuß
1365 1552 1977 1635 vber syn dritten fäler zu erwarten
1382 1644 1893 1729 Berne. Willisouw.
1368 1735 1976 1818 Elßbeth yseli Ist mitt varierend
1377 1792 1970 1854 Worten der Eheverheissung gegen
1370 1821 1948 1894 Jost Suter dem schmidknecht be¬
1369 1862 1975 1938 kantlich gsin, vnd vermeldet, dieselbe
1370 1906 1964 1974 by dem brunnen durch ein trunck
1378 1942 1970 2014 geschechen ye, wyl er aber dar¬
1366 1984 1982 2062 nach wyters nüt daruon gseit, habe
1351 2031 1963 2101 es nachgehnds dem anderen verheissen.
1356 2065 1962 2144 Jahar nun, vnd wyl es mitt demselben
1372 2107 1987 2177 lybs gemeinschafft gehert, der schmid
1349 2144 1997 2226 der schidigung begert, die imme ouch
1349 2192 1985 2264 verlanget, mitt erlouptnuß, das er sich
1356 2228 1992 2310 wol ander fart versezlichen möge, vnd
1346 2272 1962 2359 sol es Imme vmb den vß geseckleten
1357 2318 1961 2395 guldi für das Vrteilgelt fürge¬
1371 2355 1976 2440 schlagen, der überig Costen dann
1360 2397 1997 2486 rchgehept yn, deß meitlis zwifache
1358 2435 2007 2543 versprechung für that getragen,
2591 284 2705 363 263.
2110 333 2713 496 deß wullwäbers vnd der Otter¬
2073 395 2668 538 linen halb, so ein andern die Ehe
2082 461 2132 518 vnd
2061 426 2693 587 sre geschentlichen der
2067 468 2682 624 Statt an einem ort ufhalten sollend,
2079 522 2690 670 durch den Chor weibel fürsechung
2089 570 2696 710 gethan weden, das sy beide wider
2072 615 2684 771 bhendiget und ynzogen verdint
2215 736 2393 834 Bern
2089 788 2716 943 deß Jungen Lutzen klag, so er wider
2099 865 2727 980 die alte Thorwarterin Inderen
2102 903 2727 1015 namen der Güntisterger erschinnen)
2098 956 2696 1055 abermaln geführt, Ist biß nach
2095 996 2715 1102 der h. zyt vfgeschoben, mitt dem be¬
2120 1053 2737 1136 heid, das sy denzinglen Ire kundt¬
2117 1095 2715 1187 schafften harhalten, vnd entzwüschen
2099 1143 2730 1230 der Chorth. der alten frouwen, by
2092 1187 2738 1281 betreüwung deßlochs, frid und an¬
2092 1244 2478 1338 stand gerieten solle.
2273 1344 2438 1424 Bern
2673 1424 2729 1478 .
2117 1411 2690 1500 Hans Rohren kuger, der deß zu
2125 1467 2776 1543 Walckringen gefundnen khinds vatter
2141 1513 2717 1584 yn sol, nachgefragen, und uffs
2133 1557 2587 1631 erst Chorg har zu bescheiden
2296 1626 2477 1716 Abbücht
2126 1706 2752 1788 Alßbeth Salisperg vmb Iren ersten
2144 1764 2447 1830 ledigen fäler.
2149 1931 2704 2015 sie ist das Gorgricht wegen
2153 1996 2719 2073 der h. zyt uffgeschlagen, word
2134 2100 2601 2198 Bern. Lengnouw.
2148 2185 2733 2272 Wilhelm Buegel, dem großen Beck
2167 2257 2781 2317 alhie, Ist ein zedel auch predicant
2155 2285 2787 2356 zu sengnouw vergünstiget, sich mitt
2156 2331 2793 2405 Maria Graf ynsegnen zelaßen
2161 2372 2800 2449 hernaher 30 Maii hatt er angeben
2160 2430 2805 2477 das er von fürgefallner vnglegenheit
2153 2465 2813 2535 wegen den kilchgang zu Künig ver¬
2173 2497 2405 2567 richten wölle.
