4032 3024
1385 384 1508 467 534.
1369 446 2058 629 Frytags in decembris 169
1711 573 1882 656 Exten¬
1459 609 2027 739 s v Bikhart. in Amman Jud.
1686 700 1858 778 Minist.
1463 726 1998 845 hr. langhauß. Hr. Rütimeyer.
1700 833 1815 910 w.
1476 882 1726 953 zu Munner.
1741 903 1992 964 sr von Werdt.
1474 935 1726 997 S. Heimberg.
1743 947 1993 1010 gr Reinhart.
1703 1022 2000 1120 Diemptigen.
1457 1113 2034 1205 Hans Stucki, so hieuor von Mar¬
1481 1170 2035 1240 greth Syber von derselben fälers
1465 1211 2037 1283 wegen gescheiden worden, hatt nach
1454 1253 2026 1324 fürübrigem halbjärigen wart.
1459 1297 2048 1374 zil erlouptnuß erlanget, sich an¬
1454 1337 1855 1412 derfart ze er sehlichen.
1474 1440 1988 1543 Signouw, Turgoüw
1453 1526 2038 1610 Madlen Schnyder hatt wider Hans
1461 1584 2048 1652 Jacob Vater, ein müllerknecht, yn¬
1466 1625 2023 1690 gewandt, das er frapfrecht vnd red¬
1459 1670 2024 1728 lich die Ehe versprochen, vnd dar¬
1461 1707 2026 1776 über bywohnung by ira geheyst
1459 1749 2012 1814 habe. Deren er zwar anred, der
1453 1785 2012 1855 Hherr heißung aber glaugnet,
1442 1824 2011 1902 one das sy darüber etwas bewi¬
1456 1866 1994 1939 sen. Wyl nun diß kein Ehe
1456 1907 2022 1980 geben mag, vnd sie beidersyts arg¬
1459 1948 2035 2025 vönige sachen ab ein andern ge¬
1442 1989 2033 2067 klagt, sind sy beide yngelegt,
1427 2037 2022 2102 vnd die wyl so wol einer kundt¬
1458 2079 1984 2154 schafft als syner klag nach sy
1436 2119 2009 2199 verschinnen Sommers uff dem Obern
1441 2157 1983 2241 Breitmoß by einem Stun, so sich
1440 2211 1992 2285 Christen Keller namset, von
1434 2242 2005 2320 Hapkeren, die gantze nacht zu
1425 2286 2012 2375 dem karbett gsin syn sol, ist an
1421 2328 2007 2419 S. sechs zu thun geschriben worden.
1433 2381 1993 2463 denselben, wyl er jetz zu Ober¬
1435 2429 1975 2517 hoffen dienen sol, harzehalten.
1473 2483 1999 2595 Münzingen. Signouib.
1451 2551 2016 2650 zwüschen Martin Baltzli vnd syne
1468 2600 2046 2687 tochter, eins. denne Peter Blaser
2687 388 2800 469 535.
2142 458 2773 574 anders theils, erlüteret, diewyl sich
2137 526 2769 613 erfinde, das die 4 oder 5 ducaten vor
2130 544 2779 672 vnd das sy Baltzlinen den Chorhandel
2135 602 2751 699 wie mich verstand gsin) wider
2138 644 2791 749 Inne angefangen, ußgerichtet wor¬
2136 697 2751 780 den, sölle er dieselben nit, sondern
2125 739 2746 832 allein was er nach der action ge¬
2120 785 2784 879 wärt, namlich 55 166 an den ge
2127 831 2812 921 sprochnen 25. Cronen abzezüchen haben,
2126 873 2822 950 und sy uff dise form ohn wytern ver
2135 910 2805 1004 zug bezalen: vnd wyl er kynnerlich
2130 960 2784 1052 harzebringen gsin, ist imme 6 lb in die
2143 1010 2802 1106 buchsen uferlegt, vnd der Costen, sitt
2128 1051 2814 1140 dem letsten Schryben ufgelüffen, uf
2298 1099 2805 1179 Hieneben dann deß punctens
2130 1116 2297 1180 gehept.
2136 1140 2815 1218 halb, das er syner jetzigen Ehefrouwen die
2123 1197 2783 1268 Eheversprochen, vor vnd eh er von der
2131 1234 2782 1317 Baltzlinen ledig gsin, weliches er zwar
2136 1293 2777 1353 tark verneinet, das Manual vnd
2137 1312 2776 1397 die Kind bette aber das wider spil be¬
2127 1360 2755 1447 wysend, ist imme syn ungründtes
2134 1403 2784 1475 vnd vnuerschamtes meinen zu erkennen
2145 1454 2784 1533 geben, Jedoch von gwüsser vrsachen vnd
2135 1498 2778 1577 deß besten wegen das milter an die
2134 1535 2791 1616 hand genommen, vnd er Im frider heim
2130 1594 2409 1654 gelassen worden.
2398 1651 2703 1740 Münsingen
2173 1662 2396 1750 Rubingen.
2407 1712 2642 1767 Rötenbach.
2155 1809 2798 1885 Syl Barbli Schnyder, wirthsmagd zu Ru
2155 1865 2728 1923 bingen, der Ehebrüchigen that, mitt sol¬
2154 1895 2746 1961 Moser begangen, alhie heiter bekantlich
2167 1931 2754 1997 in Ist bevordrist erkent, das sy beider
2171 1964 2776 2029 yts nach inhalt der Satzung söllindt ge¬
2154 2003 2755 2053 strafft werden, und deßwegen an die E
2171 2044 2778 2103 zu Rötenbach geschriben worden, gemelten
2160 2079 2452 2144 Moser harzehalten
2166 2086 2766 2171 Was dann das daher entstandne gfacht
2167 2150 2754 2210 antrifft, so Uli Mosers frouw fürge¬
2170 2175 2739 2248 nommen, in dem sy uff von irem knecht
2159 2218 2745 2287 erfahrne that gan Rubingen hingangen
2167 2248 2757 2314 zwey andere wyber mitt sich genommen,
2162 2287 2764 2347 und gemelte wirts magd, als sy die in der
2162 2313 2767 2390 bunden gfunden, mitt schlüssen angriffen
2158 2355 2744 2427 vnd vbel darmitt tractiert, Ire ouch
2172 2390 2746 2452 die zupffen abgehortten. Wyl sy söliches
2170 2424 2734 2506 erst nach der that fürgenommen, Ist ira
2167 2467 2732 2532 alhie Zur straff 6. lb. vnd den zweyen
2172 2499 2753 2563 wyberen, die sy vnder anderem furgeben
2170 2537 2757 2601 mitt sich beredt, Iren Kosten abzetragen
2173 2576 2777 2651 uferlegt, der Tirnen, wyl sie vnuer¬
