4032 3024
1399 378 1494 442 524
1496 421 2043 566 etlicher massen verdächtig macht
1468 474 2019 589 und dann er ihro nit gestendig
1467 524 2016 633 das er schon vor diser Irer Ehe
1484 562 2010 663 prästhafft gsin, und ira das
1479 604 2003 697 schon in der ersten nacht vor¬
1473 649 2013 753 gesagt habe, sind sy nach hut
1464 693 2019 803 der satzung widerumb zusam¬
1456 742 2000 841 enn gewisen, mitt vermahnung,
1446 783 2004 868 das sy friß und lieblich mitt ein
1465 820 1998 905 andern zushalten, sonderlich
1454 860 1998 953 er nochmalen gebürliche artz¬
1454 906 1979 993 nyen vnd mittel recht erfahr¬
1452 949 2007 1036 ner psonen antwenden, vnd hie¬
1454 991 2015 1070 neben ira, was einer hußmuter
1434 1036 2013 1109 zustaht verstruwen, sy dann sol
1441 1082 2007 1152 ches trüwlich verwalten, vnd allen
1424 1113 1996 1187 vnwillen fallen lassen, mitt Ihm
1446 1161 1997 1225 ein mittlyden vnd gedult haben,
1435 1199 1982 1277 ouch beidersyts gott umb syn seyen
1429 1241 1989 1310 anrufften söllind, wie sy dann
1422 1280 1812 1344 zethun gelopt habend.
1490 1323 1946 1399 An die E. soliches schryben.
1676 1410 1807 1481 Mous
1470 1490 1984 1564 Andres Remundt, der schnyder vnd
1454 1533 2007 1603 soldat hatt Maria Järli syn ehe
1463 1565 1983 1639 frouw der trüttelose anklagt,
1454 1603 1985 1670 zn dem sy sich nächtlichen wyl by
1451 1644 1979 1704 Peter Commet, Hußknecht Jacobern
1446 1677 1975 1746 Spittal neben dem Sprüwer kast
1437 1720 1981 1784 argwönig ufgehalten, der sy vol
1436 1751 1971 1820 gents hinuß in die schüren zu den
1436 1793 1991 1855 mäderen vnd höüweren geschickt,
1429 1829 1951 1898 by denen sy vbernacht gelegen,
1457 1875 1508 1923 ge
1522 1866 1615 1916 .
1609 1866 1963 1937 dargegen sy söliches
1436 1891 1972 1965 alles verneinet, vnd ein andere
1452 1938 1977 2005 eybs person, mitt deren sich ein sol¬
1441 1981 1987 2049 ches zugetragen habe, mitt namen
1440 2021 1999 2074 Elsbeth Thommet, gestelt: die dann
1436 2044 2015 2127 soliche vmbstend, wort vnd werd
1435 2098 1983 2158 angezeigt, daruß man abnemmen
1435 2131 1975 2203 möge, das sy ouch ein ist in gemelt
1433 2173 1975 2236 churen vbernacht gelegen, aber
1429 2212 1977 2279 doch In disem stuck nit die recht¬
1435 2251 1987 2317 schuldige sye, dann gemelte heu¬
1432 2287 1979 2344 wer, mitt namen Bendicht Rudolff
1435 2331 1957 2397 und Uli Bächer gezüget, daß sy
1436 2371 1974 2432 an einem abend ein frouw by dem
1434 2408 1986 2469 husknecht stahn gesechen, der Inen
1429 2450 1936 2507 beuolchen, wann sy zur Schüren
1430 2480 1973 2541 komme und anklopffe, ira ufze
1422 2520 1956 2578 thun, wie dann beschechen, also das
1420 2545 1966 2620 gemelter Rudolff sy hinyn gelassen,
1411 2583 1984 2656 und Bächer sya gfragt, worumb
1399 2626 1980 2712 sy nit in ein Wirtshuß gange, vnd
2719 414 2802 474 525.
2150 463 2787 570 was ir vorhaben sye, darüber sie
2141 520 2788 613 vermeldet, sy musse morndrist mitt
2144 559 2782 659 Irem Man thoren, welicher lang vmb
2154 607 2765 701 einandern gehudlet, Im Franckrych
2152 652 2759 752 ssin und zu einem wyb unnütz und
2148 702 2762 786 untüchtig sye. Es habe auch der
2146 739 2808 828 husknecht nechst darnach gevolgten Son¬
2137 786 2789 873 tags imme Bächer gemelten Remundt
2138 829 2760 905 vor dem obern thor gezeigt, und uff
2124 878 2748 945 denselben dütet, der sye der frouwen
2146 919 2767 995 Man, die by Inen Jnder schuren vber¬
2140 955 2750 1032 nacht glegen sye. Komundt aber
2128 998 2802 1072 nit eigentlich angeben, wädere vnder
2131 1049 2796 1125 disen beiden es gsin sye. Hieruff er¬
2122 1085 2762 1163 kennt, es sölle der hußknecht vffen
2125 1133 2782 1204 Montag citiert werden, vnd beid par¬
2133 1180 2746 1255 tyen, als dann ouch wider erschynen.
2146 1265 2567 1353 Oberbalm. Bern
2130 1355 2768 1424 Vber den Wucher handel, den Hans Risen
2134 1408 2758 1466 wider hern Hans Stürler geklagt, sind
2148 1442 2791 1511 nachvolgende kundtschafften gestelt vnd
2131 1487 2487 1551 verhört worden, als
2142 1524 2788 1604 Erstlich S. Jost von Vattentryb, den hatt
2154 1580 2770 1638 züget, das se Stürler dem Risen zum recht
2153 1618 2751 1674 estruckenlich vorbehalten, er gebe Ihm
2138 1661 2778 1720 den wyn andrist nit denn tuschs wyß,
2128 1694 2791 1746 vnd habind daruff nach Hans N. Kindt¬
2134 1741 2766 1790 hemmer geschickt, denselben gan Marten
2146 1769 2620 1837 abzefertig. den wyn ze suchen
2137 1812 2759 1888 Welicher gezüget, daß als er hinüber
2166 1868 2759 1920 ganturten kommen, gen schon zwen
2163 1886 2781 1958 buren vor imm alda Im käller gewese
2156 1938 2782 1998 enn, die den seyn besichtiget vnd ab¬
2156 1968 2761 2038 gemässen, ouch, wie Inne bedunkt,
2156 2014 2428 2078 vol zufriden gsin
2160 2048 2819 2129 Hartmanttter der schryber. Er sye zwan
2157 2105 2785 2166 nit anfenglich bim märit gsin, aber
2160 2137 2776 2192 hernach zum Gerberen, da sy den ent¬
2148 2176 2785 2238 standnen van hingelegt, were imme an
2163 2213 2793 2277 gezeigt worden, die sach sye vermittels
2160 2247 2770 2318 hinzugethaner 30 r richtig und angen
2152 2287 2758 2349 nommen, hiemitt die Beilgschrifft zum
2155 2329 2781 2391 theil zugelt vnd theils in wyn bezalt,
2145 2360 2764 2437 und er möge nun die übergab fertigen
2161 2425 2800 2522 Der wirth zum Bären hatt zuget, er haben
2167 2485 2791 2545 dem Reisen ein vaß deß wyns abgekoufft
2158 2517 2766 2587 umb 15 t. und die maß im wirts
2147 2554 2518 2629 huß er ab verstriben.
