4032 3024
1397 332 1466 388 20.
1615 337 1908 451 Liessbach.
1483 438 2056 540 Margreth Koler ist der ehe ansprach
1487 509 2051 596 Caspar Boumer an sy than, wyl sy ih
1476 559 2083 651 eltern vorbhalten, und das ihnen nit
1471 602 2073 683 belieben wil ledig erkent, ihnen an
1494 655 2088 733 derfarth sich zeverehelichen erlangt
1490 707 2082 781 doch das er nit mehr ehrlichen elter in
1475 752 2092 844 kinder hintergange, sy fürohin sol
1486 801 2093 902 anmutter von eltern zu wyse der
1493 850 1958 945 rosten ist compensiert
1702 911 1845 994 tur
1497 972 2081 1080 d Barbara Hand Peter Barters
1496 1038 2085 1125 In dem er sy geehelichet iren lybspren
1515 1091 2080 1172 ein nit wol mehr ze helffen, alls ine
1502 1135 2095 1220 hebammen vermeldet, das sy namlich das
1502 1190 2088 1276 waß er nit behalten mag verschwiget
1513 1235 2115 1318 int sy wegen dohar entstehender untücht
1504 1281 2106 1365 igkeit zuo einem man ehelicher banden
1502 1334 2103 1421 ledig erkent, der ersten weth gschlagen.
1514 1378 2109 1461 geten in gut zu bekent, und wo etwas
1512 1424 2094 1517 gestand sich deßhalb eröügte, solches an
1516 1474 2103 1563 ehern lüthen ze betragen stehen, sölle
1565 1526 2106 1614 auch von jenig, der sy ins künfftig ehelich
1510 1556 2078 1672 wölte alhar mit imme der nohturfft
1541 1624 1852 1713 ach gereden stollen
1851 1643 1966 1721 d
1670 1682 1830 1779 Barin
1532 1764 1588 1824 an
1674 1746 2108 1844 lthard wil, Salomen Metzer
1520 1808 2071 1885 die ehr versprochen ze haben nit an seyn
1536 1857 2125 1942 nderst, wan das den so da gert im trunk
1603 1899 2103 1999 sye die kuntschafften sölliches
1544 1953 2088 2044 uch nit expresse zu gebend, glychwoh
1525 1999 2095 2087 die umbstend sehr verdechtig erfor
1533 2043 2041 2140 sich nit ergeben wöllen, ist er den
1513 2095 2102 2193 Frytag sich ze besinnen abhin bekent,
1544 2143 1944 2268 Barn Rüttingen
1512 2217 1991 2348 Heini Moster von Kütig und Ca
1540 2301 2024 2401 hott, die in der ehe angesprochen, we
1525 2338 2104 2450 erglych wol nit angentz bekantlich
2807 260 2907 329 221.
2204 306 2875 446 syn wöllen sich doch im loch eins besßeren
2201 356 2889 490 gheit und sy zkilchen zefüren ergeben, sin
2199 409 2898 563 förmklich z'samen bekent, hand auch beide
2193 458 2910 600 innert bestimpter zytt der 6 wochen kilchel
2205 512 2928 634 recht ze thun, anglogt, des jenigen meit
2205 564 2926 686 lis halb, dem er glychwol us syner meisterin
2210 628 2907 732 doch unbefugtem befelch die zupffen abge
2849 678 2904 723 verd
2201 673 2850 787 howen ist er wie zuglych der meister
2210 717 2881 836 noch 2 knechten gepürlich censuriert
2172 771 2903 884 und vermant worden, derglychen groben
2214 820 2897 939 sachen sich ze müsßigen und wan ihnen etwas
2209 870 2914 980 argwöniger personen und sachen fürfallen
2207 922 2902 1033 end selbige an gebürenden ortheischeiter
2203 971 2906 1069 leiden, wyl aber der Karrer des meisters
2214 1029 2922 1115 und oberzieglers ermelts meitli zimblich
2210 1076 2862 1173 lang im stal bhalten und wo nit der
2217 1130 2883 1220 that, doch des vorhabens argwönig solle.
2221 1172 2898 1268 ervntzit Frytag ghalten und obiger
2217 1232 2692 1329 maßen conjuriert werden
2186 1441 2805 1544 Dff frytag. 24. april. 1629.
2129 1511 2852 1611 Exsen. H. vnd Bickhart. S. Dachselb. Jud.
2264 1576 2439 1635 H. Schmid
2134 1576 2246 1647 Minist.
2537 1583 2838 1671 Gr. Rütimeyer
2130 1639 2212 1714 Civ.
2254 1629 2860 1708 h Fischer inhag, Monnier
2248 1672 2594 1753 von Werden.
2297 1779 2518 1890 Ains
2193 1864 2928 1967 diewyl Hans Reidi gegen dorothe Weide
2197 1941 2885 1985 nit allein die Ehe versprechung vnd
2199 1968 2888 2041 fleischliche bywohnung, deren sy Inue
2191 1999 2901 2085 anklagt, verneinet, sondern ouch fürgele
2198 2044 2877 2110 vnd zugelendt, das einer, mitt namen
2186 2091 2895 2152 Matthys Probst gestern vff der alhar
2201 2135 2898 2209 reiß zuen nach geschruwen, was er
2198 2176 2886 2252 mitt deß Leibenschindters zur Crep¬
2214 2223 2868 2293 hun wölle, dahar er vff bewysung
2205 2259 2890 2343 getrungen, deren ouch sy ertharten wöll
2178 2298 2920 2377 Sind sy beide zu dem end widerumb
2201 2355 2892 2415 hinder sich gewisen, daß er gemelten
2798 2396 2900 2434 worten
2213 2398 2900 2467 probst stellen, vnd da er derselben ge¬
2215 2451 2879 2510 stendig, oder vberwisen, demnach die
2228 2482 2912 2554 hat ußfündig gemacht, vnd volgents
2207 2517 2920 2592 mitt bericht, wie sich die sach bschaffen be¬
2218 2565 2921 2642 funden, beid ptzen zur Enderteil har
2230 2600 2627 2683 geschickt wo söllint.
