4032 3024
1436 349 1548 440 510.
1696 428 1980 546 Nider Bipp.
1711 493 1982 588 Attiswyl
1509 518 2039 666 Hans Lysern ist der oben tag
1524 597 2081 726 4gr. verpotts vnd abtritts halb
1512 629 2067 758 gefasste that schlag eröffnet, der
1499 675 2068 802 selb bestätiget, imme für allen
1492 710 2071 829 osten, den er Jacob Meyern ent¬
1498 753 2077 876 richten solle, In ansechen sowol
1479 792 2059 897 deß herrn vogts schrifftlichen recomme
1465 829 2053 948 dation, als synes eignen wybs
1477 871 2049 991 fürpitt, wyters nit dann 20 lb
1479 924 2054 1022 uferlegt und syn straff damit
1471 967 2048 1067 ußzestahn bewilliget, weliches
1465 1012 2030 1105 alles dem vogt zugeschriben, vnd
1455 1045 2025 1137 Imme beuolchen worden, gemelten
1450 1092 2039 1184 schleger und syn froutte für sich
1447 1123 2031 1228 zeforderen vnd alles ernsts zeit
1448 1164 2014 1264 mahnen, sich beidersyts gegen ge¬
1458 1201 2019 1290 agtem Lyser, synem wyb wider
1431 1243 2015 1338 khinden, nit allein der troüw
1441 1286 2037 1376 vort, sonder ouch alles vnfugs
1444 1320 2040 1409 darzu dann dise Inen ouch kein
1438 1360 2043 1446 anlaß geben söllend) Zeuberheben
1420 1395 2030 1490 Mitt andeten in gemeltem schryben
1435 1438 2025 1522 daß so Eyser synem Verluten nach
1429 1476 2030 1562 sich nach glegenheit dadannen ent¬
1417 1528 2037 1598 set vnd andrist wohin züchen möchte
1414 1550 1982 1638 und wölte, söliches das sich erist
1414 1597 1867 1672 und nutzlichst syn wurde.
1498 1668 1549 1722 s
1583 1662 1972 1760 Schwartzenburg
1422 1714 2029 1812 diewyl Anna Byeler irem Ehe¬
1434 1774 2000 1839 man Hans Stübi den kurtz vor
1432 1807 2012 1889 nechst verschinnen märit begangne,
1429 1847 1991 1924 durch sy ab imme geklagten und
1406 1890 1988 1954 durch Ihn bekenten fäler, über
1399 1916 1988 1990 syn mitt schlechtem ernst gethanes
1387 1957 2000 2027 umb verzychung pitten, nit über¬
1417 1999 1972 2071 sechen wöllen, sondern vff das
1405 2034 1985 2117 blosse recht der schidigung getrun
1412 2079 1991 2153 Ist das ehliche handt zwüschen zuei
1406 2108 2006 2186 vfgelöst, vnd neben den gemein¬
1398 2150 1988 2226 en conditionen beider plyen halb, imme
1385 2190 1955 2274 der von diser sach wegen erlittne
1393 2229 1949 2303 Isten in zimm und billigkeit
1389 2268 1990 2342 vferlegt, vnd die vndere Herbug
1385 2308 1992 2394 syn straff alhie ußgestahn, ge¬
1375 2342 1674 2420 zeigt worden
1612 2410 1864 2483 Signons
1396 2456 1925 2554 Martin Baltzlis vnd Peter
1398 2521 1959 2589 Blasers halb hatt der H vogt
1401 2551 1940 2629 nicht schrifftlich berichtet, woran
1379 2590 1930 2680 die spennige Costens hinlegung
2731 421 2815 492 51
2152 475 2830 590 bißhar erwunden, vnd meistentheils
2159 541 2818 636 die schuld Baltzlis einzönigkeit zu¬
2159 580 2814 683 geschriben, deßwegen vnd damitt
2154 623 2789 712 nicht desselben ein ist ab: vnd ledig
2135 673 2811 757 verdint, habend sy die sach von ein¬
2151 714 2794 801 ein an das ander gerechnet vnd
2142 752 2764 845 volgents erkent, daß es beuor
2154 801 2828 890 drist by den Im anhang scheidbriefs
2155 850 2827 935 hinzugesetzten imme zugesprochnen
2153 900 2803 979 18. 5. verblyben: vnd demnach
2145 940 2807 1019 so wol der Costen, so syner tochter
2141 985 2790 1058 durch die schidigung zu erkent worden
2155 1037 2814 1110 als ouch der Jenig, so sider har mitt
2145 1076 2810 1154 nachwerbung deß ein vnd andern
2143 1122 2787 1197 vfgelüffen, vnd durch Inne Baltz
2144 1162 2809 1244 li bißdato geforderet worden, uff 70
2151 1212 2791 1278 gemoderiert, vnd also Blaser
2153 1262 2791 1319 Imme nit wyters als in allein und
2149 1295 2819 1370 überal 25 t schuldig seyn. Dar
2155 1339 2812 1407 in dann das Jenig, was er Blaser
2149 1387 2808 1446 Inne berechnen kan, Imme oder synes
2152 1425 2813 1493 tochter sitt dem anfang des Chor¬
2149 1466 2808 1526 handels gewärt ze haben, abgahn
2147 1503 2795 1577 vnd abzogen worden, was aber sey
2147 1550 2786 1620 von Imme vor demselben empfang
2139 1590 2795 1673 haben möchte, Ire vnabgezogen
2134 1631 2446 1699 vblyben solle.
2151 1680 2812 1774 An den h. vogt antwortlich schryben,
2160 1741 2788 1800 den Blaser nun dahin zehalten,
2162 1778 2795 1846 das er mitt gemeltem Baltzli (we¬
2150 1820 2797 1872 lichem hieneben ein Vrteil gelt ufer
2149 1861 2786 1928 legt worden) diser Vrteil nach ohn
2140 1898 2660 1966 Būeren verzūg abschaffe.
2180 1967 2667 2052 Schüpffen. Hiegefriedt.
2155 2048 2735 2126 Obwol, Bendicht Kaser gegen Barbli
2186 2103 2735 2164 Schaller einer Wittwen allein des
2166 2140 2745 2199 byschlafs, der eheversprechung aber, ouch
2177 2169 2738 2228 vber sitt Montags an Ihn gewandte
2164 2203 2729 2259 gfangensch nit bekantlich syn, der
2170 2242 2733 2298 vatter ouch daryn nit bewilligen
2168 2268 2713 2333 wollen: So ist doch so wol vß der
2161 2305 2739 2372 langen composation vnd bywohnung
2167 2342 2765 2418 sitt verschinnen pfingsten, als ouch synen
2162 2380 2746 2441 Im schryben vermelten getribnen reden
2156 2420 2762 2490 vnd anderen vmbstanden, söliche gnug
2153 2463 2746 2525 beschynlich vnd abgenommen gsin, deß¬
2158 2501 2732 2548 wegen, vnd die wyl gemelte Barbli
2153 2535 2739 2602 gnug der E. berichts bißhar ein guten
2156 2566 2741 2647 namen vnd Lümbden gehert, beide
