4032 3024
1324 355 1424 424 302.
1612 409 1937 504 veracheren
1388 451 1974 574 Anna Graff und Ruff urffer von
1401 528 1984 614 einandern gescheidne personen sind
1395 556 1978 646 über ire erlüterung vor nechst ver¬
1407 589 1985 681 schinner pfingsten, da sy inne der ehe
1397 625 1992 725 halb angesprochen, von der E. harge¬
1405 669 2001 763 visen worden. Diewyl nun sy so
1387 715 1978 798 wol hie als darbe zwar daruff ge¬
1382 744 2003 835 düstet, das sy etwas anderwertiger
1393 785 1996 880 Eheansprach gehept, von synes loug¬
1387 828 1996 909 nens aber, wann ira nur ir zuge
1382 868 2004 948 bracht gut wider zugestelt werde,
1386 905 2000 994 sy imme nüt nachfragen wölle, ist
1378 944 1984 1027 Imme erloupt, mitt syner anderen
1378 996 1964 1062 versprechung fürgefahren, der
1387 1032 1982 1105 Costen wett geschlagen, vnd zytlichen
1393 1068 1999 1145 guts halb Inen nochmalen die Weg
1381 1109 2002 1187 wysung geben worden, sy zu beiden sch
1387 1147 2016 1238 darzu ehrenlüt nemmen söllen.
1381 1188 1614 1247 vnd meint.
1388 1209 1864 1301 der E. söliches zuschryben
1581 1307 1864 1388 Merkilchen
1606 1364 1880 1443 Walladorff.
1402 1422 1975 1494 Jacob Schnitz wider Apoloma
1398 1462 1959 1530 Rigelmeyer, syn hußfrouw, von
1399 1500 1968 1569 deren erklagt, daß sy mitt et¬
1398 1537 1979 1601 lichen soldaten uß den hochen Grichten
1402 1574 1968 1637 von ihm zogen, ein Ruffbrieff
1393 1617 1987 1693 von 3 zu 3 wuchen ad formann
1405 1654 1596 1712 ertheilt.
1561 1707 1870 1804 Bläsisburg.
1387 1802 2000 1875 Cathrin Baldenwyl ist ein eben¬
1411 1859 1980 1912 messiger Rufbrieff wider vo¬
1416 1889 1986 1954 rentz ruchtin iren vor ungfar 8.
1413 1929 1987 1992 oder gharen zu krieg gezognen
1391 1975 2000 2043 Eheman vergünstiget worden an
1388 2004 1894 2077 den Cantzel zu Stänisburg.
1571 2079 1885 2156 Rapperswyl
1402 2121 1665 2209 Zimlisperg.
1736 2123 1957 2212 Bittwyl.
1668 2145 1720 2210 u
1394 2204 1960 2273 Obwol Samuel Schnyder wider
1412 2251 1933 2309 Ursula Rutsch yngewendt, sy
1406 2282 1993 2347 Imme die Ehe verprochen, vnd gelt
1408 2325 1993 2386 daruff abgenommen, er ouch dar¬
1412 2360 1975 2417 über an Iren Bruder ordenliche
1409 2391 1965 2462 verbung thun, der imme die sach
1414 2424 1999 2492 gefallen lassen, vnd dieselbe so wyt
1420 2461 2011 2518 kommen, daß albereit von dem Ehe¬
1410 2498 2012 2576 tag geredt worden. Jedoch, die wyl
2687 318 2776 387 303.
2102 375 2793 532 sy alle Ehe versprechung, vnd gelts abnemme
2111 433 2784 549 ung uff die ehe hin vernemmet und hin
2111 479 2766 606 gegen gemeldet, daß er ira das gelt
2104 507 2778 641 heimlich vnd wider Iren Willen Insack
2121 557 2762 686 geschleickt habe, Nun aber jede Ehe
2115 611 2796 719 zn bysyn e. ehrlicher Mannen bezogen wer¬
2113 642 2797 754 den, wo nit ungültig syn sol, ist die
2130 687 2784 796 gemeinte Eheansprach vfgeherst, vnd
2121 739 2780 834 Jeden, sich anderwertig zeverehtlichen
2114 771 2774 875 erloupt, der Costen aber, wyl sy vo
2119 811 2764 905 einem Ehrsamen Chorg verleidet, daß
2107 845 2764 952 derglychen vnbestendigkeit an ira nit
2115 910 2594 1003 nüls, ira uferlegt worden
2321 985 2427 1073 Lyß.
2104 1051 2777 1144 Barbli hinck hatt mitt dem grossen buch
2120 1099 2781 1173 Hans Bertschi der Ehe angesprochen
2114 1144 2775 1220 als der sy vermittlist verheissung der
2126 1179 2756 1259 selben zu synem willen gebracht, vnd
2118 1220 2772 1312 geschwenget habe. Wyl sy aber, vff
2119 1265 2788 1351 yn verneinen nit bewissen können, sind
2120 1303 2793 1390 y von einandern gescheiden, vnd Imme,
2124 1356 2762 1434 als der deß byschlafs gestendig, die
2114 1388 2812 1458 annemm und ufferzüchung deß khinds
2137 1437 2791 1510 als sy es imme in den genißt bim eid
2127 1479 2767 1551 zueignen wirt, ira ouch zu für die
2134 1522 2820 1605 kindbetti, neben abtrag zimm und bill
2136 1569 2822 1646 ichen Costens diser sach, vßzerichten vfer¬
2136 1613 2804 1692 egt, vnd Jedes syn straff ußgestahn
2119 1655 2496 1737 hinab erkent worden
2192 1754 2764 1846 Trachselwald. Litwyl
2121 1838 2803 1924 Ulrich Ritter und Cathrin Aber sold, wyl
2116 1900 2814 1957 y beidersyts ein andern bekantlich, daß
2125 1932 2815 2004 zu Irer Ehezusag der vorbehalt beschechen
2133 1977 2817 2027 das er zu ira gan trißwyl züchen und
2144 2018 2803 2077 ich daselbst hußhäblich setzen sölle,
2132 2055 2814 2120 Er aber nun von deß intigs wegen so
2116 2087 2823 2155 liches nit thun können noch wöllen und
2123 2142 2826 2198 alß beide geruwen und der schidigung
2123 2175 2842 2241 begirig, Sind wider von ein andern, mitt
2134 2225 2823 2280 compensation Costens, ledig erkent, vnd
2126 2258 2829 2323 In die fryheit gestelt worden, sich ander
2131 2295 2458 2365 fahrt gesehlichen
2219 2350 2797 2450 Hertzogenbuchse. Deitung
2148 2419 2832 2509 Vrsula Kopff, wyl sy keiner the ver¬
2155 2481 2855 2548 prechung gegen ders Stubern bekant¬
2150 2523 2809 2595 lich, er ouch vor zweyen zu imme ge¬
