4032 3024
1304 360 1433 436 278.
1420 396 1960 513 er erwarten, vnd also mit be¬
1412 458 1976 548 kantlich syn wöllen. Als ist an
1408 495 1961 589 beide ort geschriben worden, ge¬
1405 536 1973 631 namsete personen offen montag
1408 570 1666 648 zicher zehalten.
1583 648 1966 749 Schwartzenburg.
1440 721 1981 823 wüschen Michel vnd Elßbeth handt
1433 786 1990 861 erkent, daß Ire der Satzung aller¬
1413 825 1981 909 dings widrige eheversprechung nit
1431 861 1981 951 tig und krafftloß, imme zwar sich
1417 901 1988 979 anderwertig, Jedoch daß ers zus
1416 943 1979 1020 künfftig fürsichtiger, vnd mitt bes¬
1424 982 1985 1063 serer rechnung syner hußhaltung,
1423 1016 2001 1104 kinden und fründtschafft fürnemmen
1424 1058 1974 1132 ze sehlichen erlaupt, ira aber Ir
1429 1103 1986 1180 vartheil wider erfrüschet syn, also
1399 1145 1976 1223 das sy sölicher wider vor anheben, vnd
1400 1187 1972 1255 nach verfliessung desselben mutte
1418 1217 1971 1285 einem ordenlichen schyn erloupt,
1417 1259 1970 1323 nuß nemmen. Hieneben Jede par¬
1420 1295 1959 1374 ty Iren Costen diser sach an sich
1430 1337 1735 1400 selbs haben sölle
1415 1375 1986 1459 Was dann die mittel zu Irer ver¬
1420 1427 1972 1483 wysung antrifft, habend Hans
1399 1456 1984 1523 Sigrist, welicher vmb syn Ehebruch
1417 1487 1981 1555 die straff alhie angenen an dhandt
1412 1534 1987 1597 nemmen sol) und syn hußfrouw an
1407 1572 1969 1638 ders nit yngewandt, dann daß die
1404 1605 1989 1677 Elßi Landt so wol mitt dem Weibel
1417 1656 1972 1713 wyß, als Irem abgescheidnen Ehe¬
1411 1695 1970 1746 man sitt dem, daß sy hie vor
1416 1730 1966 1787 horgricht gsin, vber die Wahrnung
1418 1763 1990 1826 gessen vnd truncken, den abgescheid,
1417 1809 1981 1853 nen nach dem scheid wider behuset
1411 1839 1744 1907 vnd behoffet habe.
1431 1867 1953 1945 zum Eltschinger aber, so durch
1414 1923 1975 1978 den 18. Richter, ergangnem rhat¬
1418 1963 1999 2034 schlag nach, sonderbar verhört worden,
1425 2001 1957 2071 hatt bezüget, daß ein gmeine red
1406 2052 1945 2113 ye, daß sie mitt ob anzognen zu esse
1411 2082 1966 2149 vnd trincken siderhar gmeinschafft
1420 2121 1984 2185 ghan zeige, wüsse aber nüt eigent,
1409 2160 1968 2239 lichs, vnd das er selbs gesechen, hieuon
1418 2203 1538 2268 zezügen
1624 2253 1834 2337 Bollingen.
1393 2289 1984 2391 Dem 8. predicant schryben, sölle
1442 2362 1944 2418 dem vnfordenlichen leben vnd
1428 2390 1971 2453 wesen, so bim Badhuß an Samb
1423 2424 1966 2492 stags nächten von den Landtlüten
1437 2461 1957 2529 getriben werden sol, In dem
1435 2506 1989 2584 Man, und wybspersonen sich zu¬
2043 1286 2085 1342 s
2567 261 2665 345 279.
2143 320 2603 467 ihnen vnd einanden ist
2058 343 2679 528 sehr und das er halten
2065 404 2669 563 meiner vnderm schyn badens nach¬
2053 452 2648 631 geschen ich anget werden
2224 560 2345 636 Bern.
2053 591 2680 742 Barbara Wyßhanen halb, sol durch den
2068 641 2682 781 8. Richter mitt H. Doctor fabri geredt
2055 681 2659 816 werden, ob die gebammen grundt und
2079 725 2656 847 igentlich erkennen möget, ob ein
2064 755 2694 891 töchter ihrer Jungfrouwschafft vnuer
2077 805 2656 936 that sye oder nit, vnd es noch biß
2068 855 2689 970 n Montag, wyl es one das ein arg
2052 913 2532 1015 wönig leben führt) zulig
2198 1001 2388 1080 Bern
2067 1027 2697 1145 H. Anders von Bonstetten vnd Niclaus
2073 1081 2706 1183 von dießbach, wyl sy vor dem gepott
2071 1122 2706 1221 hinen gankärsen greiset, sollendt
2070 1171 2699 1267 vffen Montag schrifftlich citiert wor
2111 1228 2734 1314 Wyl einer ohn den andern das sampt¬
2121 1277 2711 1361 haffte schryben nit empfachen wöllen,
2114 1315 2719 1399 Ist ein durch s h Bickhart by dem
2117 1364 2716 1439 hort. beuolchen worden, einem Jede
2107 1403 2571 1478 yn schryben, sonderbar gemachen
2232 1487 2650 1585 Hertzogenbuchse
2104 1595 2689 1674 unrad Alders deß helffers wider h
2107 1651 2692 1711 Samuel haberrüter den predican ver
2095 1684 2724 1758 geführter vnd in gschrifft gestelter clegten
2094 1723 2736 1788 halb ist in Bein Rhats zedel vnderm
2100 1769 2742 1841 dato 369 zugeschickt worden, sölichen zu¬
2102 1812 2741 1881 alts, daß obwol Ir G. gnugsam veran¬
2092 1851 2747 1916 lassen gsin werend, Inne Aldern synes diensts
2083 1889 2740 1964 zuprivieren, sy doch In ansechen syner wyb
2083 1937 2742 1996 vnd Khinden, ouch synes rutens, dißmalen
2085 1983 2724 2040 nit die extremiter zur handt nemmen, sonder
2094 2008 2744 2083 nicht begweltiget haben wellint, diser sach
2089 2052 2756 2125 bne wyter referiren ein ußtrag zugeben,
2087 2085 2768 2166 vnd demnach Inne mitt that vnd ernst¬
2100 2122 2766 2209 vermanlichen worten In gstalten zezüchtigen
2102 2172 2777 2255 das Inne derglychen nit mehr gelusten sölle,
2111 2224 2749 2284 off weliches nun die sach also ußgemacht
2118 2254 2772 2315 vnd erkent worden, daß gemelter helfer
2118 2297 2766 2363 sich hie bekennen vnd erkennen sölle, das er
2113 2342 2743 2385 gegen H. Predicanten vberfahren, vnd
2118 2381 2738 2437 versprechen, sich der dingen inskünfftig
2127 2413 2767 2473 gentzlich gemüßigen, ouch zu verdienter
2125 2449 2787 2527 straff biß uff montag junligen, und bey
2137 2490 2748 2571 costen, so daniden möchte ufgangen syn
2733 589 2767 654 t
