4032 3024
1330 2623 1389 2669 .
1402 379 1508 454 516.
1811 437 1862 504 9
1505 448 2022 586 obgemeltem Heger, synem schwagt
1498 490 2028 610 sampt Uli Ruffiner synem
1472 535 2024 652 pettten anzeigt worden, das wann
1472 584 2029 702 er persönlich erschinnen, man inne
1477 622 2041 736 mitt gfangenschafft gestraffen vn¬
1469 667 2035 774 sach ghan hette, dann die Wort
1452 715 2026 826 darmitt er syn verneinen bethüret,
1475 761 2028 869 sind dise, So wahr Gott läb, Er
1462 815 2014 909 pätte Gott, das er an der stell zum
1456 840 1785 930 wortzeichen blybe.
1451 922 1979 1050 Monstier. Wistenlach.
1452 1037 2026 1143 Obwol Jacob Perolet der vilfaltigen
1467 1093 2011 1184 fleischlichen bywohnung by Maria
1465 1138 2024 1214 pullichine Bouits ehefrouwen, vnd
1466 1172 2009 1244 sonderlich ouch deß letsten mals, da
1456 1210 2009 1289 er vmb mitternacht In Irem huß zu
1440 1250 1998 1324 kren gefunden worden, gestendig, sy
1434 1288 2015 1368 ouch Irem man den fäler bekent, vnd
1424 1329 1997 1405 vberzüget worden, das man Inne
1431 1372 1985 1444 nit allein argwöniger wyß in dem
1423 1407 1994 1483 kein versteckt ußgenomenn, sondern
1417 1454 1993 1519 ouch eines mals an einem morgen
1416 1491 2008 1560 uff der wyte sy uff einandern gsehen
1411 1537 1996 1604 habe; hatt sy doch alles hart¬
1429 1576 1993 1649 näckig gelaugnet. Deßwegen sy zue
1418 1621 1997 1686 bekantnuß der Warheit, er aber zur
1418 1661 1930 1732 abbüssung hinab erkent worden.
1448 1728 1965 1811 Monstier. Wissenlach
1418 1817 1971 1904 Jaques Risand hatt zwar nit er
1433 1880 1969 1940 nemmet, denn daß er by Maria
1422 1911 1991 1968 Perrin, Niclaus Conclods deß schny
1412 1945 1949 2012 ders ehewyb, nächtlicher wyl zu
1417 1986 1955 2051 deß mans abwesen, In Irem huß
1406 2022 1972 2091 gsin sye, aber keiner bösen mein¬
1401 2058 1961 2131 ung, sonder sich mitt ira zeversunen,
1391 2112 1969 2167 habe also ira nüt vnehrlichs ange¬
1408 2141 1913 2207 mutet, weniger mitt ira etwas
1395 2168 1985 2249 vebracht, wie er dann ouch Im werk
1387 2217 1944 2283 selbs, wegen sy imme vor jaren
1392 2258 1944 2325 syn männlich glid abgehüwen etc.
1379 2297 1957 2367 mög synes artzets zugnuß verrichten
1399 2335 1937 2401 krichte. Ebenmässig hatt ouch
1381 2380 1966 2443 sy sich versprochen, das er ira nüt un¬
1376 2412 1925 2490 ehrlichs zugemutet, sondern, wie
1389 2457 1908 2521 er fürgeben, allein der vorzunung
1375 2481 1960 2557 gegen ira begert habe. Diewyl
1384 2536 1927 2597 aber das scharpffe Chorgrichtlichen
1373 2573 1910 2634 Spott aller vneren gmeinsch.
1382 2605 1933 2682 zwüschen Inen beiden, vbersechen vnd
2713 441 2791 500 517
2122 467 2766 580 ybertretten, ouch dardurch die vorige
2118 524 2751 615 grosse ergernuß widrumb erfrischet
2117 563 2730 662 vnd vermehret: Ist die sach durch sein
2135 603 2793 697 hrifftlichen fürtrag für mals ge
2120 661 2434 747 schlagen worden.
2262 752 2511 822 walttring
2260 803 2471 865 Torberg.
2128 853 2808 935 Ulrich Abis halb ist die obstehnde vrteil
2125 910 2767 985 zubestätiget, vnd der E. zugeschryben
2121 947 2769 1023 beuolchen, Imme darneben ouch, syn satt¬
2121 982 2785 1053 ler handtwerck zetryben, vnd deß arti
2116 1022 2795 1091 nens müssig zegahn, es sye dann daß
2117 1060 2745 1133 er bybringen vnd bschynlich machen
2121 1097 2773 1157 könne, daß er dessen erfahren, vnd
2117 1149 2773 1212 darzu erforderlicher Wyß Cassiert
2109 1183 2788 1249 sye, yngebunden, vnd neben beflag
2101 1217 2765 1287 eines vrteilshalts, ein zedel an die
2116 1262 2752 1319 meister Schärer handtwercks alhie
2107 1301 2756 1370 gerhaten worden, vff Inne wahrze¬
2109 1344 2742 1411 nemmen, vnd syner konnenheit halb
2100 1381 2503 1452 vff die prob gesetzen.
2281 1459 2422 1543 Bern.
2112 1531 2756 1613 Elsbeth Moser, mitt bystand hen Hans
2120 1585 2794 1646 Rudolff Hüpschers, predicanten zu Bümplitz,
2119 1624 2743 1685 Ires schwagers, eins: vnd Hans Meyer
2121 1663 2757 1721 der huff, und waffenschmid, and
2127 1706 2764 1765 theils, habend Ires entstandnen The¬
2131 1740 2765 1802 tryts halb Ire Clegten so mundt, so
2126 1785 2767 1842 schrifftlich gegen einandern geführt, vnd
2127 1812 2680 1873 etliche Kundtschafften dargestelt.
2118 1857 2774 1924 darüber erstlich ires Chetags halb durch
2125 1914 2778 1963 Hans Biderman den vberrüter, Matthys
2128 1943 2751 2013 Gut den schnyder, vnd Hans Jacob Schär
2121 1995 2751 2048 dentischmacher zuget worden, das beide
2132 2025 2755 2088 Ehementschen sich gegen ein andern er¬
2119 2060 2769 2116 lüteret, Wann er vor ira ohne lyberb
2113 2097 2766 2146 von Inen har erboren, vß diser zyt ver¬
2120 2131 2768 2189 scheiden wurde, als dann ira der halbig
2120 2178 2735 2235 theil synes verlassenen guts, vnd der
2122 2208 2755 2271 ander halb theil synem stieffsohn zu¬
2124 2250 2731 2302 fallen: Ob aber hinwidrumb sach
2111 2280 2728 2346 were, das sy vor imme ohne khinder von
2114 2326 2727 2378 Gott dem Herrn berüfft wurde, Imme
2108 2360 2733 2418 als dann ouch der halbe theil Ires guts
2103 2403 2763 2458 heimdienen, vnd der ander halb theil an
2113 2425 2751 2491 Ihre Erben, oder denen sy es vergabet, als
2111 2464 2755 2533 den sy vermachen möge, wann sy wölle
2118 2509 2324 2575 fallen sölle.
