4032 3024
1264 375 1383 451 440.
1474 465 1803 570 Stäfisburg
1371 565 1908 659 athrin Baldenwyl hatt vff vol
1375 626 1917 712 führte citation wider sorantz Rüchti
1368 659 1915 742 die schidigung und zuspruch Cöstens
1362 704 1912 786 ob synem gut, sampt einem Schryben
1367 743 1913 822 an Scho, Inne, wo er sich zu herließ
1364 789 1786 860 ze verwysen, erlanget
1436 898 1880 990 Bern. Kilchlindach
1399 990 1941 1068 in lentz Pastor an Hr. Cunrad Bischoff
1399 1052 1952 1106 ein Schryben ertheilt, vber syn an¬
1375 1081 1954 1142 nach und forderung 58 lb, die imme von
1378 1124 1954 1169 einem anden vbergeben worden, vff ver¬
1388 1162 1937 1225 tag eintweders psonlich oder durch
1393 1198 1948 1253 ein anwalt literung zugeben, vnd
1371 1232 1951 1297 Imme mitt Scheid vnd antwort zu be¬
1377 1271 1961 1337 gegnen, so der aber Inne vnklagbar
1383 1315 1520 1380 Lemach
1708 1393 1908 1474 Limpach.
1408 1409 1556 1475 Bern
1379 1475 1948 1555 Dauid Singenberg dem Buchsen schmid
1387 1519 1934 1604 Ist ein Zedel ertheilt worden, das
1392 1555 1966 1639 er mitt Escher Heß syner Eheversproch¬
1387 1591 1963 1678 nen, den Wilchgang zu Limpach ver¬
1396 1647 1621 1723 richten möge.
1701 1727 1899 1807 Röfelen.
1399 1745 1538 1831 Bern.
1392 1827 1978 1926 Obwol Hans Ruchen deß müllers vnd
1398 1878 1972 1952 der Jungen hinderin sach vnd zusamen
1377 1908 1969 1993 Wandel argwönig gnug, zum theil vo
1384 1937 1979 2039 hieuor beschribner vmbstenden, vnd
1386 1980 1992 2078 zum theil ouch von deßwegen, daß sy in
1391 2028 1954 2106 der einen nacht, nach dem die magd
1405 2054 1959 2145 nider gsin, In einem Winckel in der
1389 2093 1981 2197 stuben ein gute Wyl by einandern
1407 2130 1972 2237 gestanden, Item daß sy beide sampt
1384 2169 1974 2272 der magd zu einem bett, die frauw
1394 2210 1959 2308 und magd zwar abgezogen, under
1394 2246 1953 2347 der Hans aber zukleiden, und uff der
1400 2281 1981 2388 derki Immitten zwüschen Inen, bissem
1406 2323 1986 2429 gelegen: Item das sy geredt, dann so
1405 2350 2015 2468 hume ein zyt lang nit gesechen, ira lind
1407 2406 1977 2499 und weh gsin sye, Item das er ge¬
1417 2445 1983 2553 tehn müssen, es sie ein wybs per¬
1422 2485 1986 2593 on für des loch kommen und imme
1429 2529 1970 2619 gloube aber nit das es uß Iren
1434 2547 2012 2668 geheiß, oder mitt Irem Willen geschehen,
2538 342 2629 398 441.
1974 406 2645 574 gottschafft bracht, wann er nun dadauen
1971 462 2650 615 vne schmach ledig werden möge, wölle
1970 494 2625 654 smitt imme fort und hinweg züchen
1979 546 2614 687 welicher worten sy zwar nit wöllen
1976 593 2600 728 bekantlich yn, vnd aber uß obigem
1972 629 2609 768 gnugsam abzunemmen, was begirden vnd
1974 665 2618 816 liebe, neben der grossen glegenheit, sy
1973 699 2630 856 gegen einandern gehept habind. So hatt
2040 747 2660 879 weder er noch sy einicher thätlige
1978 788 2654 924 keit anred vnd bekantlich er den wöllen
1973 834 2043 892 doch
1990 831 2654 956 sondern dieselbe bestendig vnd durchuß
1986 872 2641 1014 verneinet, ob schon er vom fry biß uff
1974 911 2659 1042 montag, vnd hernach am Mittwuchen biß
1994 954 2625 1072 vffen abend im pfaffen, vnd denne
2003 997 2651 1113 die übrige zyt im gmeinen loch, wie zu¬
2000 1035 2621 1168 glych ouch sy vom Montag dannen biß
1996 1079 2635 1209 uff hütt in der wyber gfangenschafft zu
2018 1134 2669 1236 gelegen, entzwischen Jedes Chorgricht tags
2016 1173 2659 1276 beide nach notturfft examiniert, vnd
2016 1211 2686 1317 also alle ernsthafftige vsserste mittel
2014 1247 2665 1358 so zu vßbringung der warheit dienstlich
2016 1297 2677 1408 syn mögend, an sy gedendt, und fürge
2016 1336 2674 1437 nommen worden. Weliches als es dem Ehe¬
2025 1368 2691 1469 man, Verhart sinder, wie bschinnen Mitt¬
2025 1410 2684 1519 wuchens, also ouch hütt eröffnet, hatt
2032 1450 2674 1552 er sich anfenglich gantz ersetzt, vnd sich zu
2033 1495 2668 1580 keiner begütigung bewegen lassen wöllen
2035 1519 2700 1620 Jedoch endtlich so wol vff mith ernstiges
2034 1573 2686 1653 langes zusprechen, als syner hußfrauw
2050 1601 2716 1693 trungenlichste pitt, er ira obberührte thör¬
2039 1637 2706 1728 liche handlung, In die sy zum theil vß zugend
2051 1684 2708 1765 zum theil uß deß müllers arglistigen yn
2041 1712 2727 1818 führung gefallen und gerhaten, vychen wille,
2041 1757 2683 1849 mitt erpieten derbesserung, vnd sich zus
2053 1787 2709 1887 künfftig aller inzügen und derglychen un
2055 1830 2701 1915 anstendig sachen gentzlich gemüßigen, vnd
2050 1868 2728 1966 Ira das eß gestandne zu einer immer wär¬
2066 1914 2731 2002 enden warnung gereichen gelassen, sich er¬
2072 1938 2714 2039 geben, vnd sy widerumb zu gnaden uff
2070 1989 2722 2071 und angenommen, so fehr daß sy irem er¬
2087 2009 2724 2121 iet statt thüye, und inne nit mehr mitt
2070 2051 2714 2159 derglychen verdächtigen stucken über seche, dann
2062 2077 2724 2189 Im gegentheil, vnd da er das minste Ins
2071 2119 2747 2231 künfftig verspüren sölte, er syn recht vor
2069 2161 2717 2275 behalten, vnd nicht, imme die handt zu piet
2081 2178 2743 2303 Wie Imme dann vertröstung geschechen) ge¬
2095 2229 2705 2345 pätten haben wölle. Hieruff nun sy
2088 2277 2727 2375 widerumb zusamen In die hußhaltung ge
2090 2312 2760 2419 wisen, vnd Inen, das sy gebürlich mitt ein an¬
2101 2343 2701 2461 dern lebind, ein glüpt abgenommen
2099 2370 2749 2523 dem Müllerknecht dann ein solicher uß
2146 2449 2707 2531 bruch gegeben worden, das er von er¬
2117 2472 2728 2584 weckten vnwillens wegen vnd bösers
