4032 3024
1416 365 1497 431 500
2691 386 2794 441 568.
1653 380 1832 473 Man
2155 407 2807 532 nach abstehen, wölle, sy sich aber versprochen
1827 437 1964 503 seigel
1535 425 2049 579 bestehen her ich ein geleisten
2140 461 2807 589 er ire veldmaren gseit und das man im
1548 482 2049 617 homman Ulli Bürkli erkent, ein nich
2138 514 2817 635 ir Holoferin zogen gelen trunkne halbe
1521 528 2039 647 brieff an Cantzel daselbste
2090 560 2815 694 wol abstechen könnte versprochen und nicht
1602 587 2006 717 Jenigen Rötheyl.
2094 613 2794 742 Ist verhörter kundschafft vernommen.
1529 634 2039 783 Elsbeth Juker ist des sige als sollen
2122 667 2806 786 des sy glychem stättigs vol und in aner
1534 696 2039 833 einem müllerknecht etwas zu
2106 712 2786 827 mt nachgebind und sy zur einigkeit
1530 747 2016 854 geben han, das er im nachgehen.
2122 754 2806 882 gottsforcht nüchterkeit und guttem friden
1520 787 2037 899 In ansechen er selber gredt es zu
2177 817 2783 927 Im zu horn nit ursach geben, er sich an
1536 836 2041 944 oder underforden entrünnen
2099 857 2800 976 der gebür gegen befleißen, sölle alles ernst
1539 891 2783 1010 müße, damit geschliessier in selben verment und er zur straff bis montag
1536 929 2041 1050 olches lychtfertig unbilden nicht
2121 980 2347 1077 hinab erkent.
1522 977 2040 1097 ledig helt, zeigt sich ehelich gehalten
1536 1025 2038 1130 sonderlich an erbott pitten sölle, dies
2152 1049 2656 1147 Mostier, Wistenlach.
1518 1083 2037 1179 Ime solche immarinneren ußerstünden
2109 1088 2773 1206 schryben an ein er daselbst Jagues Ligen
1525 1124 2031 1227 nemmen wölle, wyl sy ein anderen
2146 1151 2796 1251 warsamblich und grossen es von nöhten
1514 1171 2038 1267 nüt ansprechend vermant unnd
1505 1215 1723 1285 ledig worden
2139 1211 2776 1296 ächtind auch Mariam terren alhar
1852 1229 1925 1296 I
2160 1269 2326 1347 schaffen.
1564 1272 2013 1388 Bollingen Jegistorff
2186 1322 2674 1432 Mostier Wistenlach.
1653 1341 1854 1431 Lotergl.
2174 1389 2766 1484 eyten an ein er daselbst Hans Jacob
1474 1391 2030 1511 Hans Wyßthan widers son hinge
2122 1447 2801 1527 Parollet und vorigine Honets husfraw
1508 1458 2031 1551 lüffne ehefrow Margrecht Brunn
2118 1492 2797 1575 welche mit ein anderen verfält allhar
1508 1511 2010 1595 ein verruffbrieff ad formam.
2133 1536 2774 1621 die gebürende straff uffgestohlen, alhar
1537 1561 1988 1665 Vehnigen Rattelfingen
2137 1591 2263 1663 haltind
1535 1627 1946 1724 Wibertzwyl
2159 1636 2743 1737 Sigris wol habli in wyssland.
1497 1694 2036 1784 Anna Schär und Hans Grunder sind
2104 1697 2783 1805 Bracht fürer hat den anerpetuen, das er
1512 1754 2014 1826 ach dan die hebammen irenthalt
2127 1769 2783 1842 sich weder mit Cristman zum Stein fleisch
1492 1792 2021 1874 bricht, das sy zu einem man zugenlichen
2128 1808 2759 1880 lich vergangen noch ira verheissen uss
1487 1837 2031 1915 gung sye, widerumb sammen bekennt,
2114 1846 2741 1942 zogen erlaupens gethan und deßwe
1474 1870 2035 1961 und vermant worden, so jmme best
2105 1889 2764 1974 von ira der ehe halb ledig erkent, ira
1479 1921 2014 1997 ihn sich ynzogen, haben er dan
2122 1936 2776 2018 der cost uferlegt und grachten, das sy umb
1486 1965 2018 2039 auch sich syner gräbe und trenge
2140 1988 2770 2058 en mit Melcher Negeli begangnen
1473 2004 2012 2086 abthun sölle und nach dem sy glegt
2131 2043 2384 2121 fehler abbüsse
1545 2056 1593 2110 e
1600 2050 2009 2124 Urtel gelt erlegt haben
1617 2097 1867 2178 heute wisen
2186 2102 2632 2188 bolen Särißwyl.
1612 2165 1786 2230 Darn
2144 2146 2754 2261 Wyl Hans Loupper ehe er, das er sich mit
1454 2174 2029 2275 Nach dem Madlen Grätze verentz
2169 2204 2755 2291 argrecht Bürket vergangen oder das
1464 2249 2002 2322 Im Hof Iren eheman synes stättig
2295 2250 2750 2339 gehöre, bekantlich syn wöllen.
2145 2271 2212 2331 kind
2680 2280 2764 2342 dung
1482 2288 2008 2361 espect und trinkenten und was er
2289 2296 2596 2378 mpietet ist vrsach
1467 2335 1980 2406 heimbkomme tobens und witten
2437 2320 2741 2409 Ist yngstelt sol
2220 2350 2368 2416 Es bis zur
1467 2374 1992 2443 auch letster an ire verubten und
2262 2366 2755 2444 iben eid zueignet, solle er es
2201 2409 2754 2490 pfaren, die nochter ander gebüret
1480 2406 1993 2491 hleren er sye hingegen eben
2331 2446 2762 2545 se nach der kindbethin erschien
1469 2455 1991 2531 meßig ubertrunckens und unbe¬
2142 2478 2312 2547 erstatten
2289 2490 2764 2577 er ze wyben und dahin stil
1486 2498 1975 2569 heidenheit mich wüster titlen
1465 2527 2011 2614 alls sye er ein stateber anklagt,
2162 2533 2723 2644 haben dessen ein er bericht
1476 2583 1991 2669 und das sy im gurgelen noch ein
