4032 3024
1457 310 1544 387 190.
1774 333 1913 422 Bern
1525 401 2109 508 H. Buwherr frouwenrych sol die
1531 469 2102 539 belohnung nicht my wegen
1537 490 2113 582 zuer tochter Dorothe handels schein
1527 540 2116 624 gestelt, dem Spätig aber 9 lb ge¬
1512 582 1771 658 forderet werd
1524 704 1761 796 Montags
1765 707 2136 810 16. martii 1629.
1759 770 1969 846 Ex senatu.
1527 826 1947 911 H. v. von Werdt. Jud.
1731 892 1898 969 Minist.
1542 946 1855 1022 g. Decan Schmid.
1727 1004 1819 1078 Civ.
1548 1046 2043 1155 Hr. Sultzer Hirtz. Im Hag
1542 1158 1995 1262 Arburg Zoffingen.
1559 1268 2106 1365 Barbara Sinnicker hatt Hansen
1561 1335 2114 1398 felber der Ehe angesprochen, vnd
1558 1364 2100 1435 vngetkendt, das er nach dem er
1566 1404 2106 1482 nun ein zust lang vil kundtsame zu
1556 1441 2096 1525 Iren gehept) dieselb vfrecht vnd
1567 1483 2114 1568 teilich verheissen, vnd zu einem Zeit
1552 1524 2063 1606 Ira ein gürtel gegeben habe.
1543 1562 2115 1646 yl er aber der Eheversprechung
1574 1610 2135 1694 nit gestendig gsin, vnd sy die nit er¬
1568 1647 2121 1738 wysen können, sind sy von einandern
1567 1693 2113 1771 gescheiden, mitt erlauptnuß, sich beide,
1574 1735 2110 1825 syts anderfahrt zu verehlichen, und
1561 1779 2090 1858 diewyl lut des Chorgrichtsbe¬
1573 1808 2096 1894 nichts, er ira nun by 2 gantzen
1568 1851 2104 1944 Jaren nachgangen, kundtsame vnd
1571 1893 2124 1992 zugang zu ira gehapt, ist er fronen
1564 1938 2110 2034 vmb zimm, vnd billichen Costen ver¬
1553 1970 2103 2073 felt, und jetwäders vermahnt
1563 2016 2100 2126 worden, sich deß anderen (wo sy
1555 2060 2106 2159 ein andern nit ehlichen wöllint,
1563 2094 1706 2177 gemüßigen
1556 2184 1664 2271 Herre.
1655 2206 1977 2317 Wyngarten.
1533 2280 2078 2418 Derena Rhot, deß puluermachers
1569 2342 2068 2442 schwester, hatt ein schyn begert, das
1563 2375 2070 2494 Ir Kind, mitt dem sy von Michel
1553 2418 2059 2534 Müller einem Salpeter graber,
1566 2452 2091 2567 der ira diethe versprochen, ent¬
1558 2489 2062 2616 zwüschen und vor dem kilchgang
2885 294 2976 370 191
2304 379 2944 473 aber zu Belp mitt der pest angriff
2310 431 2966 519 worden vnd gestorben, schwanger
2301 465 2943 558 gaht, etlich möge getaufft werden,
2291 516 2916 607 das ira dann vff dise form be¬
2298 564 2921 651 villiget worden, daß die Wyl
2304 604 2923 685 einer in ehe ira die zügnuß geben
2298 651 2906 726 daß gemelter Salpeter graber
2299 691 2895 768 sich nit allein erkent, ira die Ehe
2295 737 2893 834 versprochen gehaben, sondern ouch
2287 779 2932 865 vmb den Kilchgang zwar vssert
2754 829 2941 890 deß¬
2292 828 2755 914 Chorgrichts angehalten,
2287 873 2936 960 wegen das Kind wol ehlich ge¬
2303 922 2645 1007 toufft weden möge.
2496 1016 2756 1081 angnommen.
2489 1051 2778 1140 Grindelbach
2285 1117 2944 1200 Hans Herber hatt gewüssen begert,
2277 1183 2895 1240 wer Inne hie namhafft gemacht
2291 1208 2917 1281 das er mitt Margreth Schmidler verfält
2300 1255 2933 1330 habe etc. Dann dieselbe nach Irer heim
2278 1293 2921 1369 kunfft Iren elteren vermeldet, daß sie
2278 1338 2956 1404 ghört ein brieff verlesen, darinnen er
2287 1377 2952 1456 angeben sye. Darüber er mitt sol¬
2283 1426 2934 1502 chem beschen, das diewyl sy inne synem
2290 1471 2941 1549 anzeigen nach daussen entschuldiget,
2283 1517 2923 1598 er disen gang wol hette sparen möge
2277 1564 2914 1633 und so nicht ins künfftig etwas ab
2286 1605 2919 1675 Imme geklagen, sy Inne dann wol
2284 1657 2923 1737 zefindern wüssen Er dint) zu fru
2285 1691 2657 1762 heimgewisen worden
2302 1775 2799 1870 Nüwenstatt Coppet.
2651 1844 2814 1912 Escherli
2278 1881 2923 1961 Margreth Vienet, wyl clands
2299 1944 2931 2010 dArnix hieuor der Ehe versprech¬
2292 1985 2915 2054 ung allerdingen abgsin, sol hinab
2294 2016 2884 2095 gelegt, und dem H. landtvogt zu
2293 2062 2906 2138 Escherli geschriben werden, so for
2280 2098 2901 2174 niret, by dem sy beide gedienet,
2277 2139 2899 2222 für sich geforderen, und zu erlag
2278 2182 2870 2257 der 10. Cronen, die er gemeltenn
2278 2229 2884 2306 knecht schuldig syn sol, zehalten,
2273 2274 2891 2338 volgents dieselben mynen Herre
2275 2327 2903 2385 unnerzogen zu überschicken, und wann
2276 2358 2895 2438 gedachter Clandts entzwüschen nit
2284 2399 2922 2482 erschynt, sol und mag sy imme nach
2257 2445 2912 2534 irer abbüßung das khind nachtragen.
