4032 3024
1275 374 1394 453 396.
1340 436 1927 558 hieruff erloupt, sich mitt obgemelten
1333 500 1933 586 Brönnimannin ynsegnen ze lassen,
1351 523 1914 630 ira dann ouch fry gestelt, das syn
1340 561 1938 672 entledigung irer lybsfrucht sich wer
1336 601 1939 701 anderfahrt irem glück und der gebüren
1334 641 1933 725 sehlichen möge, und so sy dann in iren
1337 688 1933 760 genicht imme das kindt bin eid zu
1339 730 1930 802 eignet, und es sich imme der zyt nach
1324 765 1939 849 züchen mag, sol er ira söliches ab¬
1331 805 1938 890 nommen, ehr und gebürlich sorgen
1325 849 1929 925 3b für die Khindbettin und zott
1325 888 1937 973 für den krantz under gewohntem
1319 937 1950 1010 vorbehalt.) Jra den zmalen vfricht
1336 978 1949 1059 und hieneben ira allen eimm und billen
1336 1018 1950 1099 Closten diser sach abtragen, ouch an¬
1338 1052 1776 1135 genn beide, thie abbüssen
1768 1067 1828 1145 .
1328 1221 1944 1323 Frytags. 4. septembr. 1629.
1283 1302 1872 1395 ete sen. S. Dachselhofer. Ind.
1295 1363 1959 1444 Minist. Hr. Decan Schmid zu Rütim
1465 1409 1957 1490 hr Koch, Monnier von Werdt
1292 1420 1372 1495 C.
1600 1528 1838 1625 Burgdorf
1770 1612 1923 1685 Bern.
1379 1602 1753 1701 Gomer kinden
1370 1746 1965 1849 heißen Schonholtzer der Jünger hatt
1391 1807 1971 1868 vschinnen Mittwuchens, neben ent¬
1377 1842 1972 1915 schuldigung synes ußblybens, eröff
1363 1888 1970 1958 net, das Ihr Samuel Heiner Imme
1371 1913 1957 1987 umb ein 2000 lbigen Gültbrief dru
1357 1958 1977 2039 vaß mitt wyn gegeben, Jedes vmb 105.
1377 2002 1984 2083 t angeschlagen und zur uß bezahlung
1388 2039 1964 2119 285 et inn barem gelt daruff ge¬
1388 2095 1986 2176 legt von welichem wyn er zwey vnß
1378 2133 1980 2212 den wirten, jedes umb 88b und das
1379 2187 1966 2263 dritt alhie by der pinten die mahl zu
1390 2236 1947 2317 echs batzen verkoufft, und nit mehr
1393 2275 1959 2372 als 72 st daruf erlösst habe, inn
1387 2325 1954 2415 maßen er sölicher rechnung nachher
1390 2369 1966 2458 Den 67. tag hette verlieren müßen.
1399 2416 1954 2490 arüber nun gedachter herre immer
1417 2462 1969 2549 se syn handlung (wie dann wehre
1388 2511 1998 2601 wol zu sin kommen, geschechen wurde.
2596 361 2682 437 397
2019 422 2692 570 glimpflich versprochen, als daß er nit finden
2006 478 2657 596 könne, einicher gestalt weder wider de
1999 533 2691 655 d gsatz noch den gmeinen bruch gehandlet,
2008 574 2654 711 ze haben, dann der 1. articul in der
2006 637 2619 737 Res ustruckenlich zu laße, daß man
2003 672 2679 796 Mültbrieff an sich kouffen oder ertuschen
2008 716 2687 838 möge, so sehr daß söliches ohne einichen abzug
2007 766 2707 878 weder an zins noch hauptgut geschechen, und
2005 814 2713 931 man sich hierinn schriffenlicher liebe gemäß
2013 855 2694 976 verhalten solle. Nun syn so mehr, daß er imme
2017 882 2715 1007 etwas abzogen, daß er imme die gantze summ
2003 944 2704 1057 wirduch den march zelligen zins by einem
2029 994 2655 1096 aller gut gemacht, und also inne nütten
2003 1035 2694 1143 übernommen habe, zu ansechen er zum vor
2028 1095 2712 1178 allen dingen, zu by syn fryweybel einen
2023 1129 2669 1221 buls und dieli Stuckis zu Münsingen
2014 1167 2701 1280 vorbehalten, er sich zu vorderst umb gwüße
2014 1216 2686 1317 Wirten, die im den wyn ohn syn verlurst
2025 1258 2714 1356 abnemmindt umbschen sölte, er auch imme den
2024 1309 2677 1409 selben werschafft und gut, auch nit thürer
2017 1359 2699 1459 dan wir kouff und kauff gsin, und was er
2020 1403 2671 1503 us einem vierthalb sönninnigen vast im
2009 1448 2683 1539 Fäller erlösen mögen, an dhand geben
2027 1495 2698 1590 Nunn habind die ersten zwey, so die Wirth
2041 1540 2694 1642 szüchen laßen, das mäß der verthalb
2033 1584 2680 1671 sbümen völlig, dasjenig aber so alhie
2026 1631 2717 1728 verschenckt worden, etwas munder ge¬
2022 1676 2677 1762 halten, weliches aber imme zu keinem
2020 1715 2749 1817 unglimpf dienen solte, wyl er nit minder
2047 1767 2752 1846 als hievor die wirthen, under etlichen faßen
2029 1818 2695 1891 die wohl gehept, hr. Anthoni Riebhart
2039 1858 2743 1936 aber disers zwyffels ohn zu ansachen syner
2063 1897 2753 1983 utte, und damit ers dest eh vertryben könne
2044 1953 2753 2026 und kein anders nemmen wöllen, daruor
2050 1996 2742 2068 er inne aber gewarnet und der meinung
2060 2029 2743 2118 gewesen, daß er das ein vnd ander faß uffem
2046 2077 2738 2156 land hette verkouffen söllen, als da domale
2048 2129 2718 2207 und bißhar die maß guten eyffwyn 8.
2054 2173 2749 2248 oder 9. betzen galten, welichem tax nach
2053 2216 2742 2294 o vehr sye, daß er inne einicher gstalt vber
2024 2248 2766 2345 vorteylet, das er inne mit anschlag deß wyns
2063 2308 2761 2387 segen der daß dingkkouffs halb gemachten
2049 2351 2748 2433 satzung et 39 noch milt und lydenlich gehalten
2033 2394 2745 2461 sten, dann er inn trafft derselben imme
2054 2444 2699 2515 den wyn uff ein gewüßes vermyn
2057 2483 2739 2561 hette dings verkouffen, und zu solichem
