4032 3024
1377 270 1509 346 224.
1674 292 1923 399 bauen.
1482 360 2111 519 zwüschen Madle Ruffin eine und hausenden
1506 432 2094 551 schin anders theils ist so einige ehr ansprec
1501 482 2095 606 halb erkent, wyl sy ire ansprach nit g
1502 536 2082 634 sam erhalten, er sich darzu auch nit in
1484 583 2107 704 wollen ohngeacht vilfaltig gehalten
1460 647 2091 740 söllind sy derohalb von ein anderen ledige
1498 691 2108 810 do der costen zu zimbligkeit abzutragen
1496 743 2115 853 zu erkent, und jetwederin erlaugn
1514 801 2117 906 ich andrer forth zeverehelichen, doch sein
1495 850 2089 945 d, so es vom andern hat, es dem selben
1480 905 2063 1000 widrumb zur handstellen solle,
1573 971 1970 1088 Sauen Wallig
1496 1047 2110 1135 Wol Barbara Bander iren eheman
1499 1113 2111 1193 so sich in wöllis enthaltet 3 malls
1484 1161 2098 1238 verruffen lasßen und ir recht vol
1495 1207 2101 1297 kommen gegen imme verfürt, sy von
1490 1263 2120 1349 imme gunst Jacob Schopffer in ledig her
1504 1304 2115 1409 auch der costen, ob synem gut ze erholen
1494 1360 1891 1449 zu erkent. Darneben
1498 1400 2111 1504 Schryben an heren landvogt sölle imme
1513 1473 2098 1556 wo er sich ins land ließe, dessen mit
1496 1521 1889 1611 dem eyt verwysen
1577 1580 1954 1682 Morgex. Biere.
1476 1654 2111 1770 ußsglycher Vrsach ist auch hande Bar
1501 1729 2094 1807 noent wider Anthoine Gilliard ein
1510 1780 2107 1864 schidigung ertheilt und der ersten imme
1502 1830 2100 1920 usß ihrem gutt selben zu erlangen zu er
1490 1880 2107 1965 kent, desßeren auch das sy mit den
1498 1928 2082 2013 eyd uß dem land, wo sy darin be
1503 1977 2094 2055 treten wurde verwisen werde
1495 2017 2123 2115 schryben an herrn landvogt zuo Morge
1643 2087 1825 2188 Minis.
1457 2152 2122 2274 uff Hans Marmutte begeren, imme wider
1627 2234 2108 2308 Gutman alls welche im die ehe
1474 2266 2085 2366 versprochen, doch erey herren Castlan Schnall
1495 2321 2119 2406 erzeigter untruw landrumig worden
1498 2373 2102 2451 einruffbrieff zu ertheilen, ist er wider
1495 2406 2118 2487 umb ob sich, wyl er nüt in henden gwisen
1488 2462 2129 2546 syn sach vor einer l zeanden und nicht
1499 2501 2100 2584 gründlichen bringst verlauffs diser
1503 2547 2103 2639 sach ze bringen. Desßeren schryben an
1497 2602 1908 2692 ermelten herren Castlan
2797 301 2913 393 225.
2312 324 2708 465 Ansoldungen thun.
2228 391 2855 561 schryben an thl. ichs zu thun solle Joseph
2234 459 2926 601 weisen dahin wysen, das er elodina Rieder
2242 524 2926 646 syner abgescheidenen ir zu bracht gutt ohne
2236 577 2929 689 abzug der 15 f wyl er sy formal zeer
2234 631 2891 741 halten schuldig, auch das ir gnützet noch des
2226 675 2909 786 vorgenden costens in ansehen, sy demnach
2228 728 2878 834 wider z'samen bekent worden gütlich
2255 771 2900 891 zustellen, wo nit sy widerumb alhar
2236 864 2361 949 wysen
2385 905 2636 986 Alblniger
2220 933 2924 1059 Schryben an heren landvogt zu Schwartzen
2249 1005 2907 1116 berg, wyl nicht die verstüklung der
2243 1052 2881 1145 lechen gutern spoten und villicht beiden
2235 1090 2911 1207 steten schmelerung irer lechen rechtli
2244 1160 2878 1246 ervolg möchte, sölle er wo müglich
2232 1202 2919 1304 Herr Ulrich Lütold uß dem mit Lazaro Ulrich
2245 1247 2908 1352 gethanen kauff neben vergleichung anderse
2263 1304 2911 1401 s zwüschen innen verloffen wyßen, wyl
2243 1364 2913 1443 die 2 hüner nit wol ohne obgueter beid
2250 1405 2931 1490 orth nachtheil uff ander erdrich ze schlagen.
2244 1465 2924 1546 hierdurch er Ulrich nit wehrschafft tragen.
2253 1521 2336 1601 kan.
2394 1548 2566 1625 Bern
2244 1606 2897 1694 Hans Wyß und Barbara Wyßhanen
2259 1655 2907 1739 nechtlich ergerlich und gantz verrechtig
2261 1706 2921 1792 sys in syn hus bescheiden, darin bang bhalt
2246 1756 2934 1841 volgends ungstümer wyr der stat abtragen
2252 1804 2921 1879 und er dem mantel ist alles ernsts ver
2261 1851 2905 1930 mant derglychen unanstendigkeit sich zu
2250 1901 2871 1984 müsßigen, sölle deshalb wyl sy auch
2260 1944 2918 2037 abgstrafft, von mit wochen an entz frytag
2251 1999 2910 2081 unthan werden, sy ist auch vermant
2282 2044 2942 2133 sich für ohne stiller erbarlichen und ynzogen
2264 2100 2905 2185 ner ze verhalten. Ist wan auch nochmals
2266 2144 2937 2221 aller ersten zu erkent, wyl aber abends
2274 2194 2901 2281 nöchstets vor ihrem hus ein glauff sich
2254 2243 2934 2337 zu trag, sölle der Chorweibel daruf
2268 2294 2379 2386 sol.
2299 2350 2905 2444 uff Frytag alhar zebescheidin h
2276 2420 2901 2507 Jacob Augspurgs s magd, sölle auch
2255 2476 2885 2561 ihre sontagkleider mit sich bringen.
