4032 3024
1395 350 1502 428 372.
1502 399 2069 537 besserung würcklich erstatte, und zu
1511 472 2064 571 ehrlich hußhalte, ouch soliches zethu
1496 504 2076 617 dem H. Richter In die handt globe, wie
1488 553 1748 624 dann beschechen.
1788 574 2072 653 Deßwegen sy wie¬
1494 593 2072 692 darumb als schlich zusamen bekent,
1491 638 2051 740 y neben fürbildung der größe Ires
1484 682 2057 775 fälers, ernstig zur besserung ver¬
1488 726 2073 824 mahnt, ira alle gmeinscht gegen
1482 771 2048 856 gemeltem Lehman verpotten, vnd
1468 812 2042 897 derselb vmb den Kosten verfelt
1460 854 2063 948 Vnd diewyl sy hie abzebüssen be¬
1476 898 2072 989 gert. Ist an den her vogt vnd die
1471 943 2074 1034 Es geschriben worden, denselben vor
1465 981 2073 1073 pfliessung der 10. tag ouch herzen
1470 1030 2063 1118 halten, uff das er sy ußherlöse, vnd
1480 1075 2078 1162 ebenmeßig das Spott der gmeinsch
1483 1116 1632 1190 verstande
1664 1196 1937 1289 Baulmes.
1473 1269 2047 1358 Marquerithe Cachimaille hatt
1485 1329 2073 1394 wider Michel derriar zugewandt,
1482 1367 2051 1438 das er ira die Ehe versprochen, ein
1489 1412 2036 1478 huben vnd etwas auf druf geben,
1492 1443 2065 1513 y ouch beschlafen und geschwendet
1480 1487 2057 1548 habe. Dargegen Er das ein vnd
1477 1522 2073 1583 ander stuck, vber erlittne vndere
1476 1560 2086 1632 und gmeine gfangenschafft, hartnäckig
1484 1604 2077 1680 verneinet, sonderlich die fleischliche
1470 1645 2068 1713 bywohnung. Sy aber Im gegentheil
1471 1680 2071 1751 erhalten vnd bethüret, das sy Gott
1477 1725 2048 1788 pätte, er ira zu iren kindsnötig nit
1474 1766 2067 1832 helffen wölle, so sy imme hierinnen¬
1471 1810 2069 1862 recht thüye, Also daß er vff soliches
1462 1851 2067 1912 vnd nicht zusprechen endtlich deß by¬
1471 1898 2087 1957 schlafs bekantlich worden, vnd sich schul¬
1457 1934 2068 2002 dig geben. Wyl er aber die Ehel
1462 1975 2047 2047 prechung gentzlich verneinet, vnd sy
1459 2023 2065 2089 die nit nach form Rechtens bewysen
1465 2054 2070 2119 können, Sind sy von einandern gescheidt
1451 2096 2087 2165 beiden erkauft, sich anderfahrt zet
1446 2140 2077 2212 ehlichen, so fehr daß sy biß vff ent¬
1450 2180 2054 2254 ledigung irer lybsfrucht warte, und
1470 2218 2056 2289 b sy imme dieselbe in der geißt bim
1456 2262 2037 2339 eidt zu eignen wirt, sol er die empf
1456 2294 2082 2377 und uferzüchen, ira zu für die kinde
1459 2345 2071 2416 betti, neben abtrag alles zimme und billichen
1461 2387 2066 2457 Costens, ußrichten, beide hie abbußen,
1467 2431 2073 2504 ira die 2 albereit ußgestandne tag
1453 2467 2034 2543 imme aber von syner hartneckigen
1440 2509 2064 2590 verlougnung wegen nüt abgerechnet in den
2131 1896 2219 1963 mehr
2724 355 2835 426 373
2372 429 2499 502 Bern.
2163 479 2602 580 Wirenling Baden
2169 533 2825 665 Christoffel Giltscher dem huß wirth zum
2181 613 2805 707 löüwen alhie zu Stettlen. Denne
2168 645 2829 754 Hans Jacob Bächlin, einem kuffergsell,
2175 685 2803 782 mitt Madlen häste, Samuel Möllen
2173 716 2818 837 seligen Wittwen, zu Büelitz, der kilch¬
2161 798 2421 886 gang erloupf.
2223 852 2634 954 Jarn Rorbach.
2166 921 2829 1051 ferger stetzler wider herren Jost an der
2189 971 2795 1084 Egg ein schryben, inne zefridigen.
2200 1024 2822 1126 wo er aber etwas darwider ynze¬
2192 1074 2663 1180 wenden, sich harzestellen.
2273 1182 2596 1295 Kilchlindach
2189 1252 2821 1355 Wider Christen Thommen klagend
2172 1310 2849 1409 zwen ußgeschoßne vom Chorgricht,
2188 1358 2777 1453 daß er gredt, sy habindt er her
2220 1387 2842 1496 alhie mit lugnen berichtet: Son¬
2205 1463 2826 1540 derbar aber clagt die Schwiger ab
2203 1508 2798 1602 im, daß er sy mit unbeschnitnen
2202 1553 2837 1642 worten angredt und beschuldiget
2206 1605 2827 1691 sy habe imme ein Kübli mit anken
2219 1652 2839 1728 crenerenter gestolen, und wölle
2215 1700 2789 1790 syn frouw anwysen, daß sy die
2216 1748 2802 1836 schwiger schlache: Item wöllen
2212 1798 2857 1883 die trög mit einer acht öffnen und
2227 1853 2821 1929 andere ungebürliche wort unnd
2227 1894 2874 1976 werck wider sy gebrucht. Darüber
2232 1946 2859 2030 er deß mehren theyls bekandtlich,
2228 1992 2860 2080 mit erpietten der besserung, hie¬
2222 2040 2828 2122 ruff erkendt, er sölle sich alhie be¬
2225 2094 2798 2169 kennen, daß er beides gegen dem
2235 2139 2876 2213 Chorgricht und syner schwiger über¬
2238 2186 2824 2263 fharen, unnd dann hiemit die wort
2241 2233 2812 2313 gegen beiden theylen ufgehept syn
2218 2284 2823 2362 er den beiden ußgeschoßnen zwen
2251 2332 2873 2410 guldin und der schwiger sampt irem
2224 2378 2869 2451 mann und dem Meyer von Bittlingl
2239 2425 2846 2503 so ira by gestanden, dry gulden für
2242 2477 2876 2563 iren costen endtrichten, darby zur
