4032 3024
1370 389 1473 469 538.
1452 455 2032 587 daß Tyrenträchter mit der tadlen
1457 510 2025 626 am nüt überylt worden, dann es
1438 553 2025 665 habe sich dieselbe wol ein Jar hins
1438 600 2040 715 uszogen, Inmassen zu souw, also
1427 645 2035 760 weser der einen Mittherrschafft nit
1447 688 2047 789 für können imme herr Cunnier zu erleiben,
1431 736 2046 843 das er mitt der sach fürschryten mögt
1435 833 2027 937 das zwar lyren wächter imme korn
1456 900 2032 984 angebotten, so er imme am nach¬
1445 931 2027 1013 gehnden Zinstag in die Statt wären
1455 974 2025 1065 völle, obs aber geschehen vnd ge¬
1436 1017 2022 1100 leistet worden, möge man nit
1454 1061 1605 1135 wüssen
1428 1143 2027 1225 das zwar domalen, als Tyren wächt
1431 1195 2020 1268 In der gfangenschafft gesetzt werden.
1436 1232 2019 1300 öllen, vnd mitt der schlachung
1429 1275 2045 1332 korns den lyb fristen wöllen, Timmer
1423 1324 2014 1383 aber dasselb vß geschlagen, beid
1418 1352 2026 1415 einandern böse wort geben, Cun
1425 1402 2023 1450 nier zum andern mal vffs wehr
1424 1441 2021 1493 griffen, aber nie zuckt, auch ein zi
1427 1473 2026 1544 tolen im sack ghan, aber die wider
1426 1515 1781 1582 niemants gebrucht.
1556 1558 1923 1651 Insonderheit zugend
1434 1643 1995 1719 Hans Suter, der Wirth, vnd der
1423 1700 1821 1760 Wäber von Bümplitz,
1432 1736 2011 1806 3a sy beid vom herren moratell selig wegen
1452 1782 2019 1847 Tyren töchters, vmb die, so der
1435 1823 1992 1891 selb jedem schuldig gsin, zu barem
1431 1859 1759 1936 gelt zalt worden.
1403 1918 1926 2013 Der Weibel vnd syn bruder,
1418 1972 2033 2043 das sy gsechen, das gelt realiter Zellen,
1416 2019 2023 2089 vnd das zwar H. Morattel selig söl
1423 2056 2028 2120 ches, nach dem es vorgezelt gsin, wie
1405 2097 1990 2167 derumb zu synen handen genommen,
1413 2126 1983 2210 es habe aber lyrenträchter sich
1411 2149 2027 2242 erlüteret, er sye der sach wol zu friden
1406 2215 2005 2293 vnd daruff an den brieff gelopff,
1411 2246 2000 2321 mitt gulden, er habe mitt Ihm ge¬
1398 2294 1887 2372 handlet, wie ein biderman
1582 2338 1950 2411 Zieruff ward gefund
1404 2383 2000 2475 daß Berchtold durch und faßnachts
1426 2441 1987 2517 Erben ouch harbescheiden werden
1434 2491 1543 2558 ollind
1408 2491 1998 2588 darüber nun gemelter durs, als
1441 2540 2027 2627 Tyrentrechters stieffsohn, erschinnen
1430 2582 2013 2672 und zuget, Er sye zu Morattel
1414 2626 2008 2715 458. vmb ein vaß mitt wyn
2683 417 2772 490 539
2103 445 2695 576 schuldig, und der meinung gsin, es
2107 499 2780 613 heigen dieselben gegen dem Stiefvatter
2106 535 2736 643 sollen abgerechnet werden, dann h
2089 580 2755 695 Morattel imme dafürhin mit mehr
2102 667 2251 742 ghöüschen.
2264 717 2434 805 Beiert.
2111 777 2734 874 mbert Andres hatt bekent, das er den
2101 838 2746 925 fäler mitt syner magd als er von
2111 870 2781 956 Seckelmeister Buchers mal trun¬
2090 904 2755 1001 cken heimkommen) uff Iren anlaß be¬
2091 944 2766 1043 gangen habe. Sol desswegen nach dem
2087 1002 2386 1079 marit abbüssen
2287 1079 2435 1169 Bern.
2101 1150 2765 1247 Hans Ulisant und Elsbeth Boüggler syn
2101 1209 2784 1274 ehe wyb, nach dem sy sitt dem Mittwuchen
2095 1252 2740 1322 hingelegen, vnd sich vß beidersyts
2093 1283 2721 1352 fürgelegten rechnungen gesechen, das
2107 1321 2795 1404 sy mehr als er in die hußhaltung biß
2100 1362 2788 1436 har gewendt, sind zu fridlichem ansten¬
2109 1403 2745 1482 digen, vnd ehrbarem hußwesen, ouch
2112 1440 2737 1518 onderlich zue erbesserung deß geklagt
2104 1496 2721 1562 ernstig vermahnt, vnd, neben dem
2094 1531 2744 1595 man ira das noch in rest verhandnen
2107 1571 2728 1642 gelt Zū Iren handen gestelt, Inen an
2107 1607 2734 1684 ein knopff gesetzt worden, nun mehr
2102 1652 2751 1712 der Theilen mitt einandern zu leben,
2110 1693 2738 1766 vnd Ire sachen darnach anzeschicken, das
2105 1726 2749 1801 mich nit wyters mitt iren klegten be¬
2095 1792 2728 1849 doübt weint, dann so das gescheche
2102 1821 2707 1885 wurdint sy vleidet, vnd Inen der
2093 1850 2719 1930 Weg zur Statt vß gezeiget werden
2100 1898 2758 1972 Vnd nach dem sy, diser vrteil statt
2100 1931 2756 2007 zethun gelobt, sind sy abermaln wider
2106 1973 2461 2057 heimgelassen worden
2111 2120 2694 2220 Montags 14 Decemb. 1627.
2184 2178 2680 2268 ward wegen deß märits kein
2214 2245 2541 2303 Chorgricht gehalten.
