4032 3024
1407 391 1526 472 526.
1467 465 2037 609 bernet weniger gehen enthalten
1472 520 2038 633 züget, er sye zum recht bim anfange
1471 565 2025 668 deßhandels gsin, da sy mitt einan
1461 602 2024 707 dern abgeredt, den wyn zu Murte
1459 636 2023 745 gesuchen Zelassen. Da ein Bal¬
1448 675 2028 784 tinger wider heimkommen und ver¬
1457 722 2020 829 meldet, der wyn sye zu thür, sye
1456 771 2035 869 Hans Risen darüber rüw köüffig
1453 818 2049 910 worden, Inmassen sy sich zum Gri¬
1457 851 2046 945 heren gesamen than, da dann H. Stür¬
1460 908 2044 990 ler imme kisen, wyl er ihn übel er
1446 942 2030 1036 sumt, so für den rütterkoufft ge
1435 972 2045 1086 höüschen. Als aber imme gezüg, sampt
1435 1032 2040 1115 Alexander Huser selig vnd anderen,
1429 1075 2015 1163 die sach vertruwt worden, und sy
1428 1112 1995 1194 drüber sitzen wöllen, sye inen
1452 1152 2000 1242 alsbald gottschafft kommen, die
1440 1200 2004 1276 peyen habind sich verglichen, und
1418 1242 2031 1319 wyl hr. Stürler noch 300 zu dem
1449 1291 2007 1365 vorgehnden hinzu gethan, wölle
1434 1329 1847 1405 Risen den tusch halten.
1446 1387 2009 1476 Hans Bachman hatt der vnrichtig
1448 1446 1998 1511 300 lb halb gezüget, daß er
1453 1476 2001 1553 weder vom h. vnnd Toffen selig,
1442 1518 1989 1579 noch syner Wittwen, noch ouch
1429 1556 2006 1632 vom h. mey vnit überkommen
1433 1593 1547 1662 mögen.
1447 1650 2044 1735 Simon Brunner, und David Grünig
1441 1706 2002 1768 lassend es by irer vorgehnden
1441 1745 1792 1812 zugsame verblyben.
1628 1783 1934 1866 Zieruff erkent
1504 1827 1560 1893 9
1456 1843 2000 1936 Es sölle herren Stürler synem begere
1474 1904 2012 1967 nach Risens klegten ein copii zu¬
1474 1938 1990 2014 gestelt, vnd der sach von hutt
1460 1979 1978 2061 über 8 tag ein ußtrag geben
1400 2024 1540 2118 syd
1470 2094 1889 2186 Bümplin. Bern
1451 2163 2041 2256 Tach dem dem Hans Tyren wächt
1406 2193 1462 2260 9
1477 2226 1977 2295 ter syner bystenderen einer
1461 2252 2001 2329 namlich Hans Zieli hinuß er
1466 2295 1975 2362 kent, vnd volgents so wol
1451 2326 1988 2406 syn clag, als 5. Cummers Ant¬
1434 2367 1999 2442 wort darüber abgelesen worden
1437 2406 1999 2478 velicher Imme alle puncten er
1442 2436 2008 2517 neinet, hatt er lyrenwächter und
1434 2483 1974 2555 volgents auch die scheiderpart sich
1425 2515 1985 2602 vff kundtschafft berufft, die Zue
1435 2558 1987 2637 dann zugelassen, vnd die sach biß
1429 2592 2001 2678 uffen nechsten frytag verschoben
1397 2654 1630 2733 Worden
2721 420 2823 496 527.
2334 490 2463 581 Belp.
2173 558 2814 653 Nach dem alle die schulden, weliche Aman
2181 612 2768 678 schleger dem Peter Wytenbach gegen
2167 646 2780 718 einer weil gschrifft, so 3000 lb. Junge,
2169 692 2775 763 halten, verzeigt vnd vbergeben, zu¬
2182 728 2777 788 amen gerechnet worden, hatt sich
2167 769 2766 839 befunden, das sich dieselben nit mehr
2164 807 2780 878 als 1900 lb. belouffend, Inmassen er
2166 852 2764 921 nit nur den 10ten Pfennig, sondern by
2152 888 2793 971 den 1100 lb vorteils an sich gezogen,
2154 938 2800 1005 da imme lut der ordnung allein 300 lb
2160 981 2791 1040 gebürt, wann er Inne zu barem gelt be¬
2166 1023 2783 1088 fridiget vnd bezalt hette. Deßwegen
2170 1062 2780 1133 gemelter Amman dahin gfellt, daß
2167 1101 2756 1167 er bevordrist zu handen magk den
2157 1141 2752 1208 dritten theil houptguts erlegen, denne
2155 1174 2811 1243 gedachtem Wittenbach Innert monats
2158 1223 2806 1294 frist für den übernutz 300 lb ersetzen,
2149 1267 2798 1334 vnd vmb die Jenigen schulden, so sich vnrich¬
2148 1306 2773 1380 tig befinden gebürende versch trage
2154 1350 2255 1418 sölle.
2181 1420 2774 1502 Schwartzenburg thurnen
2157 1511 2751 1589 Hans Stübi hatt umb syn mitt einer
2156 1565 2737 1626 frömbden mätzen: vnd Elsbeth
2170 1603 2721 1666 Fyer von Riggisperg umb iren
2156 1638 2739 1706 mitt Caspar Messerli selig von
2142 1682 2735 1737 Zahle begangnen Ehebruch die ge¬
2152 1723 2720 1789 wohnte straff vßgestanden, vnd
2155 1762 2735 1832 die Wahrnung empfangen. Deren
2155 1801 2731 1868 ouch ein schryben ertheilt worden
2167 1844 2764 1916 an die E. zu Thurnen, gemelts Mül¬
2160 1887 2785 1951 serlis seligen Erben, neben abnemmung
2168 1924 2777 1983 oder verlohnung deß kinds und uß¬
2159 1963 2763 2036 richtung zu für die kindbetten, dahin
2148 2006 2765 2063 zehalten, das sy zuuert 14 tagen mitt
2154 2041 2767 2110 dem Chor weibel vmb Zugfangen
2170 2083 2750 2150 hafft Costen abmachindt, wo nit,
2157 2123 2419 2199 sy harze wysen.
2363 2156 2751 2248 Eudrezin Kalnach
2164 2229 2741 2324 An das Chorgl. zu Endichin schryben,
2190 2294 2744 2363 Jean Borgen, so lut deß spredicanten
2192 2306 2771 2395 zu Kalnach berichts sich verfluten lassen,
2181 2361 2763 2444 er könne noch wolle die Anna Grad
2177 2396 2755 2478 nit ehlichen, sondern wölle sich daruon
2171 2438 2609 2538 machen, zwarsam harzehalten
2292 2476 2737 2563 Sambstags 5. decembris 1629
2491 2536 2594 2598 Bern
2431 2552 2477 2607 .
2289 2540 2431 2611 Brugg
2196 2561 2818 2660 Tedel anpredicanten zu Bümplitz, Abra¬
2174 2624 2781 2704 ham Marschi und Salome Beiner ynzogen
2620 2649 2713 2705 segnen
