4032 3024
1297 418 1423 496 488.
1286 491 1336 579 s
1372 508 1916 646 Montags 9. Nov. 1629.
1621 605 1777 682 Exsen.
1398 625 1798 732 Hr Lügherr Amman Jac
1600 710 1755 785 Minist.
1396 744 1910 860 h langhanß h Rütimeyer.
1606 810 1708 879 Civ.
1388 863 1967 980 s munnier hr. Heimberg herrn Reinhart
1582 954 1776 1032 Wolen
1499 963 1588 1030 .
1357 1017 1932 1104 Wyl Hans Sali uff hinder sich wysen.
1372 1068 1932 1131 vom Rhat, sich versprochen, daß er
1374 1101 1942 1172 anfengelich der Elsbeth Kruglerin zu
1370 1151 1953 1212 glimpff geredt, sie vß keiner andern
1364 1184 1927 1251 vrsach geschechen, dann damitt Niel
1345 1231 1960 1296 Nops sy zu kilchen führe, und diewyl
1368 1273 1955 1335 ein ehrsams Chorgricht zerst jure nit
1364 1305 1963 1368 so wyt gefragt, dahar er dermeint,
1352 1345 1945 1408 erwölte irent, als syner bäsi halb
1359 1395 1932 1451 die sach zu gutem vnd gleiten, wie
1356 1420 1962 1490 dann nicht ouch uß umbstenden befunn
1351 1462 1938 1523 den, das ers ira zu gutem gethan, und
1363 1503 1960 1569 ouch in der gfangenschafft understan¬
1352 1540 1969 1607 den, den Nops zur ehlichung zu bewegen
1351 1579 1957 1639 Ist recht, das milter (wyl ir G. mi
1353 1618 1943 1664 nen h. die sach heimgestelt) mitt
1342 1648 1954 1711 imme fürgenden und erkent worden,
1349 1691 1955 1750 Ersölle sich sowol hie wie dann
1350 1724 1953 1789 beschehen) als auch drussen vor Ge¬
1362 1764 1959 1823 gricht erkennen, daß er mitt syner
1357 1809 1955 1868 zwifachen, vnbestendigen, vnd vn¬
1362 1831 1953 1908 glychen kundtschafft sag in einer
1359 1874 1948 1946 sach, vnd erhaltung der warheit,
1345 1919 1937 1990 verfält, deßwegen gott den herren
1333 1960 1953 2020 wie ouch die Ober: vnd Ehrbarkeit
1368 2004 1964 2061 vnd menniglich, so er damitt beleidig¬
1362 2029 1947 2093 et haben möchte, vmb verzychung
1363 2064 1952 2138 pitten, sich hinfür vor der glychen
1348 2106 1945 2173 Sachen, vnd sonderlich ouch vor dem
1354 2142 1978 2209 seyn huten, neben bestätigung dessen
1358 2177 1956 2249 was oben der geltstraff vnd deß
1360 2222 1856 2283 knechts halb erkent worden
1361 2265 1768 2343 Die E. dessen berichten
1428 2344 1887 2426 Balle zu Wyßlandt.
1429 2414 1930 2495 Christina zum Stein und Batt
1403 2466 1926 2531 Furer sind vorigem beuelch nach
1400 2501 1938 2559 sub. p. 418. mitt einer Witleu¬
1403 2534 1949 2600 Eigen procedur hargewisen worden
1383 2577 1950 2637 Donwegen daß sy Inne beides der
1399 2603 1951 2681 Ehe versprechung vnd deß byschlafs
2559 362 2651 445 489
2236 384 2393 479 mitt imme
1992 439 2647 588 anklagt, er aber das ein und ander
1999 488 2633 620 neinet, vnd in synem versprechen dahin
2007 528 2619 669 ilet, das sy ihren mitt welcher Nägeli
1991 577 2621 703 begangnen fäler verdecken wölle, In dem
1989 618 2627 748 sy ira die faltsche hoffnung schöpffen, das
1995 663 2646 779 diewyl er schon 2. fäler uff hin habe.
1998 704 2640 831 er sy eh zkilchen führen, dann die dem 3
1994 756 2686 875 fäler ufgesetzte verwissung ander hand nemmen
1995 801 2679 911 wrde. Als nun alhie sy ire klag wi¬
2001 842 2657 952 deräfferet, vnd die mitt vermeldung der
1998 886 2678 982 vmbstenden, wo, wenn, vnd wie offt der
1992 928 2674 1044 byschlaf geschechen, imme vnder ougen erhalten
1999 976 2680 1070 ouch gentzlich daruff verbliben, ob schon,
2000 1015 2671 1113 ira diejenigen im schryben yngeführte vo
2000 1063 2684 1159 hrer pson vnd leben, es sye gemelts nä¬
2016 1105 2688 1184 elis als anderer thaten halb, hargenom
2005 1140 2697 1223 ne sachen, dardurch der antworter Beklag
2013 1191 2713 1272 gedächtig zemachen vnd zerunglimpffen un¬
2019 1232 2691 1306 derstanden, fürgehalten worden, deren
2024 1262 2694 1355 ÿ aber nit gestendig, Vnd dann er ouch
2025 1304 2699 1399 uff syner meinung, über allerhandt
2009 1346 2683 1431 fürbildung verharret, sind sy beide biß an
2020 1389 2691 1469 nechsten Thorgrichts tag hinab zu die gs
2026 1453 2276 1514 erkent worden,
2227 1475 2606 1561 Wolen Sarisswyl
2223 1535 2418 1609 Murten.
2149 1542 2216 1614 he
2043 1503 2146 1611 lyß.
2028 1622 2729 1704 Hans Louper ist von Zweyen dienstmäg¬
2044 1678 2687 1746 den der the angesprochen, vnd durch die
2050 1710 2733 1770 eine, mitt namen Anni Bürgi, zugewandt
2039 1747 2714 1821 worden, das er ira nit allein die ehe er
2048 1784 2735 1864 prochen, vnd 6. b. daruf gegeben, sonder
2047 1837 2733 1915 auch sy vertröstet habe, daß er sy disen
2054 1877 2736 1942 herbst zkilchen fuhren wölle. Wyl aber
2050 1912 2718 2003 sy uff syn vermeinen kein bewysung, ouch
2053 1964 2715 2038 sonst kein grund gehept, Ist Ire ansprach
2066 2002 2718 2081 nichtig erkent, vnd jedem erloupt, das
2060 2042 2749 2118 es sich, In eins deß andern halb, wol andrist
2045 2082 2754 2169 Iro sehlichen möge, den Costen dann zu bei¬
2069 2131 2584 2208 den syten compensiert worden
2059 2159 2742 2254 Was dann die andere, namlich Margreth
2059 2218 2751 2285 Burtet, die by imme letstlich in dienst gsin,
2065 2263 2726 2335 und inne nit allein der eheversprechung,
2058 2293 2716 2372 sondern ouch der verfellung, vnd das er
2075 2321 2735 2409 s, als syn schwyb, offt vnd dick beschlaf
2077 2364 2712 2452 angeklagt, antrifft, wyl er das ein
2074 2397 2725 2484 und ander stuck verneinet, ist er hinab zu
2071 2437 2736 2530 die 4 fl. erkent, vnd die Clege in mitt ein
2087 2475 2744 2558 ein Redel für die hebammen gewisen, vnd
2091 2529 2689 2614 dise sach so lang zugestelt worden.
