4032 3024
1324 346 1432 435 268.
1608 387 1817 475 Biberen
1416 429 1942 548 Barbara Schmutz, deß müllers zu
1418 496 1967 603 Biberen ehefrouw vermeldet, daß
1423 532 1968 631 Peter Salchli Ir knecht nit allein
1401 556 1968 664 deß hieuor angedut morgens, da
1392 607 1993 700 der man vor tag nach Bern Greiset
1396 646 1971 740 war, sondern noch zu 4 anderen
1404 678 1960 767 vnderschidenlichen malen, wie ire
1424 727 1964 811 schrifftliche erlüterung, so sy den
1418 771 1984 868 bpredicanten zu herrenbalin angele
1417 805 1975 895 seytleüffiger zuhaltet) ira der
1414 848 1961 929 guehren zugmutet, vnd mitt ernst
1413 889 1976 960 vermeint, sy imme syn böß fürnemmen
1402 928 1990 1004 mitt Iro zeverbringen gestatten sölte
1414 967 1983 1037 In welichem sy ime aber nit volgen
1408 1003 1984 1072 vollen, vnd doch dem meister wegen
1417 1044 1981 1132 syner gächheit die sach nit eröffnen
1405 1079 1564 1144 dörffen.
1398 1119 1957 1198 Demnach hatt die magd, so soliches
1417 1173 1983 1228 dem meister geoffenbaret, mitt wen
1423 1199 2003 1261 Elßi Mader bezüget, daß der knecht
1402 1239 1978 1296 deß angedut morgens wider alles
1408 1270 1970 1339 abwehren, vnd fürbilden, das die fre
1424 1309 1999 1379 noch an irer ruh sye, In die stuben gan¬
1414 1342 1996 1416 gen, mitt vermelden, er wölle hingen
1419 1387 1988 1448 y gan klagen vnd zeschweren machen
1395 1421 1981 1476 darüber es Imme nach gefolget, vnd
1405 1458 1991 1524 zwar mit vnehrlichs, aber doch ge¬
1414 1494 1990 1571 sechen, daß er zu ira uffs bett gestigen
1409 1532 1972 1612 dessen aber er, wie auch der übrig
1447 1581 1976 1637 imme fürgehaltner artielen nit
1444 1621 1974 1675 gestendig syn wöllen, und im gegen
1444 1646 1977 1715 theil die meisterin anklagt, daß
1441 1685 1984 1749 s imme mehr anlaß gegeben, als er
1442 1720 1999 1792 hren, wyl sy etliche mal zu imme zur
1432 1760 1884 1828 stall kommen, ich es tag gsin.
1426 1802 1971 1858 das aber sy vermeinet, und imme ire
1424 1851 1979 1914 wider ihn geklagte puncten under
1430 1879 1769 1943 das angsicht erhalten.
1437 1916 1985 1977 yl nun er darüber hartnäckig die
1438 1955 1984 2015 warheit verlougnet, Ist er biß an
1440 1988 1996 2060 mittwuchen hinunder ins pfaffen
1441 2023 1638 2091 loch erkent.
1656 2078 1776 2149 Bern.
1429 2117 1985 2205 Josers Thommet der schryber hatt sich
1433 2174 1992 2238 deß kinds so sunt torwarter imme
1435 2210 1996 2271 zu geschickt, weigeren wöllen und zum
1432 2249 1988 2309 selben vnd zwar yngewendt, daß sy
1438 2280 1975 2339 sine selbs von dann von Büren
1427 2313 1952 2380 gerunt, derselb auch vor imme be¬
1429 2349 1960 2414 kantlich gsin, sich ebenmeßig mitt
1437 2382 1999 2451 tra vergangen ze haben. Als aber der
1429 2414 1998 2497 von Büren darüber befragt worden.
1414 2451 1995 2529 hatt er syliches gentzlich vermeinet und
1429 2494 2029 2577 sich syn unschuld zu erwysen, Eids aner¬
2590 278 2676 363 269.
2100 352 2694 493 otten, deßwegen dem H. Monnier
2090 393 2705 535 vnd dem Chorschryber beuolchen worden
2087 436 2687 580 die gebammen und by der genißt ge¬
2080 484 2689 621 wesne wyber zu verhören, und dann
2079 514 2724 669 y die Kindbetterin nit allein vermahn¬
2086 563 2693 692 en, sondern ouch zu eids glüpt ufze¬
2077 601 2729 736 nemmen, das sy das khind nochmalen dem
2081 650 2718 786 rechten Vatter gebe, Vnd die wyl nun
2079 695 2732 828 y als söliches verrichtet worden) be¬
2079 728 2736 861 stendig und standthafft daruff verbliben.
2077 787 2751 911 daß gemelter Thommet, vnd sonst kein an¬
2075 832 2702 957 derer deß Khinds vatter sye, ward
2078 863 2747 992 darüber erkent, das er harbescheiden, daß
2094 923 2710 1032 elb zu gebür ze pferzüchen vermahnt,
2084 973 2691 1079 vnd vmb syn faller abgestrafft wo
2096 1059 2181 1111 solle.
2271 1073 2427 1157 Bern.
2103 1146 2712 1232 Als dem nächtlichen unwesen uffem
2100 1204 2675 1285 kilchhoff, verschinnen montag vnd
2100 1244 2731 1322 donstag znacht verübt, nachgefor¬
2105 1285 2704 1360 schet, Zoui der sigrist, vnd Albrecht
2106 1325 2718 1394 Moser, so im loch gelegen, sonder¬
2100 1368 2689 1436 lichen aber die zwen Wächter, so zu
2100 1406 2696 1480 verschinner donstags nacht iren vmb¬
2103 1448 2732 1510 gang vff dem kilchhoff gethan, nam¬
2105 1496 2739 1544 lich Hans Arn vnd david Singenberg,
2114 1538 2744 1594 verhört worden, hatt nüt anders ent¬
2107 1573 2733 1631 deckt werden mögen, dann daß do¬
2108 1617 2766 1666 malen vmb 10 Vhr dauid von Vatten¬
2106 1651 2742 1724 wyl dessen namen, sampt dem rechten
2111 1704 2728 1773 grund, man durch ernst vermahnliche
2093 1756 2762 1821 wort, vnd confrontation deß hußwirts
2126 1794 2761 1864 un Wäberen sohns, man von den beiden
2119 1839 2765 1912 rächteren ertrotten müßen.) sich mitt
2121 1883 2767 1948 Barbli Wyßhanen im oberen erckel
2111 1924 2787 1979 gewincklet, dieselbe vnderm mantel
2113 1964 2775 2015 geführt, und als sy inne zu erkennen
2121 2008 2767 2075 mne den mantel erwütscht, und den
2126 2047 2750 2119 hut genommen, sich zwehr gestelt, und
2107 2089 2488 2158 über sy gezuckt habe.
2119 2135 2793 2201 Nach dem nun gemeltem von Watten¬
2114 2186 2789 2252 wyl soliches uff hütt fürgehalten worden.
2119 2226 2773 2289 Ist er deß alleßin bekantlich gsin, vnd
2114 2256 2770 2328 vuers vermeldet, das er den beiden Wäch¬
2101 2296 2784 2367 teren uff ir anmuten 2 maß wyn ver¬
2116 2343 2782 2391 sprochen habe. Dahin dann ouch obge¬
2116 2391 2780 2442 melts mosers kundtschafft gedütet, zu
2121 2430 2775 2477 den er bezüget, daß einer dem ande
2121 2461 2803 2518 die handt yngeschlagen, und verheißen, wöl
2126 2502 2788 2574 le ins halten wie ein biderman
2777 866 2811 929 e
