<?xml version="1.0" encoding="UTF-8" standalone="yes"?>
<PcGts xmlns="http://schema.primaresearch.org/PAGE/gts/pagecontent/2013-07-15" xmlns:xsi="http://www.w3.org/2001/XMLSchema-instance" xsi:schemaLocation="http://schema.primaresearch.org/PAGE/gts/pagecontent/2013-07-15 http://schema.primaresearch.org/PAGE/gts/pagecontent/2013-07-15/pagecontent.xsd">
    <Metadata>
        <Creator>prov=University of Rostock/Institute of Mathematics/CITlab|PLANET AI GmbH/Gundram Leifert/gundram.leifert@planet-ai.de:name=German_Kurrent_XVI-XVIII_M5.2(htr_id=38305)::::v=2.6.7
prov=University of Rostock/Institute of Mathematics/CITlab|PLANET AI GmbH/Tobias Gruening/tobias.gruening@planet-ai.de:name=de.uros.citlab.module.baseline2polygon.B2PSeamMultiOriented:v=2.6.7
prov=University of Rostock/Institute of Mathematics/CITlab|PLANET AI GmbH/Tobias Gruening/tobias.gruening@planet-ai.de:name=/net_tf/LA73_249_0mod360.pb:de.uros.citlab.segmentation.CITlab_LA_ML:v=2.6.7
prov=University of Rostock/Institute of Mathematics/CITlab|PLANET AI GmbH/Tobias Gruening/tobias.gruening@planet-ai.de:name=/net_tf/LA73_249_0mod360.pb:de.uros.citlab.segmentation.CITlab_LA_ML:v=2.6.7
Transkribus</Creator>
        <Created>2021-11-02T15:16:52.056+01:00</Created>
        <LastChange>2021-12-02T15:15:16.746+01:00</LastChange>
        <TranskribusMetadata docId="822509" pageId="30664822" pageNr="227" tsid="69006728" status="IN_PROGRESS" userId="101547" imgUrl="https://files.transkribus.eu/Get?id=CWJOFYRGBWRNNQKNUYGHKXHU&amp;fileType=view" xmlUrl="https://files.transkribus.eu/Get?id=KYKAPQPNBSHWOPWOTLVNMKLL" imageId="24124481"/>
    </Metadata>
    <Page imageFilename="Foto 27.10.21, 3 56 44 PM.jpg" imageWidth="4032" imageHeight="3024">
        <ReadingOrder>
            <OrderedGroup id="ro_1687514258381" caption="Regions reading order">
                <RegionRefIndexed index="0" regionRef="r1"/>
                <RegionRefIndexed index="1" regionRef="r2"/>
            </OrderedGroup>
        </ReadingOrder>
        <TextRegion orientation="0.0" id="r1" custom="readingOrder {index:0;}">
            <Coords points="1308,414 1308,2631 1986,2631 1986,414"/>
            <TextLine id="r1l1" custom="readingOrder {index:0;}">
                <Coords points="1296,452 1310,458 1325,449 1332,456 1357,448 1380,448 1393,461 1427,464 1433,400 1408,404 1385,389 1347,406 1319,381 1302,384"/>
                <Baseline points="1308,434 1335,436 1363,438 1390,441 1418,444"/>
                <TextEquiv>
                    <Unicode>444.</Unicode>
                </TextEquiv>
            </TextLine>
            <TextLine id="r1l2" custom="readingOrder {index:1;}">
                <Coords points="1384,512 1657,525 1706,546 1768,537 1885,569 1914,569 1919,513 1878,488 1789,507 1737,479 1721,492 1652,469 1628,484 1528,474 1489,448 1430,475 1388,461"/>
                <Baseline points="1395,509 1420,510 1445,512 1471,512 1496,513 1522,514 1547,515 1573,516 1598,517 1624,520 1649,521 1674,523 1700,526 1725,529 1751,532 1776,536 1802,540 1827,544 1853,549 1878,555 1904,561"/>
                <TextEquiv>
                    <Unicode>wyl er aber sich diser Urteil nit vn</Unicode>
                </TextEquiv>
            </TextLine>
            <TextLine id="r1l3" custom="readingOrder {index:2;}">
                <Coords points="1385,550 1539,566 1583,553 1607,572 1674,557 1713,579 1768,570 1789,588 1851,584 1920,608 1923,576 1846,546 1470,511 1434,526 1389,509"/>
                <Baseline points="1397,543 1422,545 1448,547 1474,548 1499,548 1525,549 1551,550 1576,552 1602,553 1628,555 1654,556 1679,559 1705,561 1731,563 1756,566 1782,570 1808,574 1833,579 1859,583 1885,589 1911,596"/>
                <TextEquiv>
                    <Unicode>der werffen und keins wegs ange¬</Unicode>
                </TextEquiv>
            </TextLine>
            <TextLine id="r1l4" custom="readingOrder {index:3;}">
                <Coords points="1383,586 1531,587 1724,621 1745,608 1758,624 1790,612 1913,646 1925,604 1790,588 1769,570 1711,579 1674,557 1608,570 1583,553 1537,566 1386,548"/>
                <Baseline points="1394,582 1421,583 1448,584 1475,584 1503,585 1530,587 1557,587 1585,590 1612,591 1639,593 1667,596 1694,597 1721,601 1749,603 1776,608 1803,611 1831,615 1858,620 1885,625 1913,630"/>
                <TextEquiv>
                    <Unicode>loben wellen, ist er biß uff Mit</Unicode>
                </TextEquiv>
            </TextLine>
            <TextLine id="r1l5" custom="readingOrder {index:4;}">
                <Coords points="1378,637 1738,640 1883,657 1922,678 1924,644 1786,611 1759,623 1532,588 1381,592"/>
                <Baseline points="1389,623 1415,624 1441,624 1467,626 1493,626 1520,627 1546,627 1572,629 1598,629 1624,630 1651,632 1677,633 1703,635 1729,637 1755,639 1782,642 1808,645 1834,648 1860,653 1886,656 1913,662"/>
                <TextEquiv>
                    <Unicode>wuchen Ins gemeine: vnd dadannen</Unicode>
                </TextEquiv>
            </TextLine>
            <TextLine id="r1l6" custom="readingOrder {index:5;}">
                <Coords points="1384,674 1469,668 1525,688 1555,669 1574,687 1717,676 1770,702 1818,685 1926,710 1928,678 1856,653 1823,669 1804,651 1730,659 1663,634 1574,648 1535,627 1457,645 1442,629 1387,632"/>
                <Baseline points="1394,663 1420,665 1446,665 1472,666 1498,666 1524,667 1550,668 1577,669 1603,669 1629,671 1655,672 1681,674 1707,676 1733,677 1760,680 1786,683 1812,686 1838,689 1864,693 1890,697 1917,701"/>
                <TextEquiv>
                    <Unicode>biß an frytag ins pfaffenlich er</Unicode>
                </TextEquiv>
            </TextLine>
            <TextLine id="r1l7" custom="readingOrder {index:6;}">
                <Coords points="1380,717 1490,708 1515,730 1572,707 1665,712 1684,730 1728,712 1935,749 1937,713 1821,685 1773,699 1716,677 1575,687 1562,672 1524,688 1468,668 1383,673"/>
                <Baseline points="1392,705 1418,705 1445,705 1471,705 1498,705 1525,705 1551,705 1578,707 1605,707 1631,708 1658,709 1685,711 1711,713 1738,715 1765,718 1791,720 1818,723 1845,727 1871,731 1898,735 1925,740"/>
                <TextEquiv>
                    <Unicode>kent, und die wyl er durchuß uf</Unicode>
                </TextEquiv>
            </TextLine>
            <TextLine id="r1l8" custom="readingOrder {index:7;}">
                <Coords points="1386,756 1434,742 1616,749 1682,772 1717,755 1929,784 1931,750 1832,744 1777,714 1755,727 1722,711 1684,731 1661,711 1593,724 1572,706 1388,719"/>
                <Baseline points="1398,740 1424,741 1450,741 1476,742 1502,743 1528,744 1554,744 1580,746 1606,747 1632,748 1659,749 1685,751 1711,752 1737,754 1763,756 1789,758 1815,761 1841,764 1867,767 1893,770 1920,773"/>
                <TextEquiv>
                    <Unicode>yner hartnäckigkeit verharret, und</Unicode>
                </TextEquiv>
            </TextLine>
            <TextLine id="r1l9" custom="readingOrder {index:8;}">
                <Coords points="1391,779 1426,793 1658,788 1689,810 1761,791 1910,817 1933,814 1935,777 1718,756 1665,766 1615,749 1392,759"/>
                <Baseline points="1401,779 1427,779 1453,780 1479,781 1505,782 1531,782 1557,782 1583,783 1609,783 1635,785 1662,785 1688,786 1714,788 1740,789 1766,790 1792,792 1818,796 1844,798 1870,801 1896,804 1923,809"/>
                <TextEquiv>
                    <Unicode>sich weder durch erst beruhrts mittel</Unicode>
                </TextEquiv>
            </TextLine>
            <TextLine id="r1l10" custom="readingOrder {index:9;}">
                <Coords points="1388,829 1433,826 1471,848 1689,826 1787,854 1822,835 1935,859 1937,814 1866,802 1728,791 1698,804 1601,785 1550,803 1493,785 1390,796"/>
                <Baseline points="1398,821 1424,822 1450,823 1477,824 1503,824 1529,825 1556,825 1582,825 1608,825 1635,825 1661,825 1687,825 1714,826 1740,827 1766,828 1793,830 1819,832 1845,835 1872,837 1898,841 1925,846"/>
                <TextEquiv>
                    <Unicode>der gfangenschafft, noch durch einiche sin</Unicode>
                </TextEquiv>
            </TextLine>
            <TextLine id="r1l11" custom="readingOrder {index:10;}">
                <Coords points="1384,870 1472,865 1498,884 1662,869 1692,893 1746,866 1935,897 1936,860 1872,842 1835,855 1816,836 1771,849 1682,825 1643,846 1617,827 1481,845 1386,830"/>
                <Baseline points="1395,861 1421,861 1448,861 1474,861 1501,862 1527,863 1554,863 1580,863 1607,863 1633,864 1660,864 1687,865 1713,866 1740,867 1766,869 1793,870 1819,871 1846,874 1872,876 1899,878 1926,881"/>
                <TextEquiv>
                    <Unicode>bildung der straff, so er darob zuer¬</Unicode>
                </TextEquiv>
            </TextLine>
            <TextLine id="r1l12" custom="readingOrder {index:11;}">
                <Coords points="1371,921 1585,903 1665,930 1704,904 1750,928 1854,916 1884,941 1929,930 1930,891 1746,867 1504,885 1423,865 1372,882"/>
                <Baseline points="1382,906 1408,905 1435,905 1462,903 1489,903 1516,903 1543,903 1569,903 1596,903 1623,903 1650,904 1677,905 1704,906 1731,907 1757,909 1784,909 1811,911 1838,912 1865,915 1892,916 1919,918"/>
                <TextEquiv>
                    <Unicode>warten, erweichen lassen wöllen, s</Unicode>
                </TextEquiv>
            </TextLine>
            <TextLine id="r1l13" custom="readingOrder {index:12;}">
                <Coords points="1399,952 1465,970 1500,946 1561,960 1624,949 1640,966 1774,955 1818,974 1863,955 1942,965 1942,933 1910,922 1879,939 1852,916 1780,929 1704,905 1665,928 1586,904 1515,922 1400,914"/>
                <Baseline points="1409,948 1435,947 1461,946 1487,945 1513,945 1539,945 1565,945 1592,945 1618,945 1644,946 1670,947 1696,947 1722,948 1748,950 1775,951 1801,951 1827,953 1853,955 1879,956 1905,957 1932,959"/>
                <TextEquiv>
                    <Unicode>sach für der hat geschlagen, wyl er aber</Unicode>
                </TextEquiv>
            </TextLine>
            <TextLine id="r1l14" custom="readingOrder {index:13;}">
                <Coords points="1394,1008 1465,989 1563,990 1585,1007 1619,989 1658,1006 1678,990 1698,1009 1721,991 1812,998 1836,1017 1854,1001 1941,1000 1942,966 1863,954 1818,974 1762,951 1733,971 1703,950 1642,967 1622,949 1541,947 1464,969 1395,951"/>
                <Baseline points="1404,990 1430,990 1456,989 1483,987 1509,987 1536,987 1562,987 1588,987 1615,987 1641,987 1668,987 1694,988 1720,989 1747,989 1773,990 1800,992 1826,992 1852,993 1879,995 1905,996 1932,998"/>
                <TextEquiv>
                    <Unicode>sich endtlich durch syn frund so immelin</Unicode>
                </TextEquiv>
            </TextLine>
            <TextLine id="r1l15" custom="readingOrder {index:14;}">
                <Coords points="1389,1046 1416,1053 1464,1028 1525,1053 1592,1029 1774,1044 1831,1030 1945,1058 1945,1000 1835,1011 1720,991 1695,1007 1677,991 1657,1007 1616,988 1594,1005 1473,988 1389,1010"/>
                <Baseline points="1400,1035 1426,1033 1453,1031 1480,1029 1506,1027 1533,1026 1560,1025 1586,1025 1613,1025 1640,1025 1667,1025 1693,1026 1720,1026 1747,1027 1773,1028 1800,1029 1827,1029 1853,1031 1880,1032 1907,1032 1934,1034"/>
                <TextEquiv>
                    <Unicode>gestanden, bereden lassen, vnd die gelust</Unicode>
                </TextEquiv>
            </TextLine>
            <TextLine id="r1l16" custom="readingOrder {index:15;}">
                <Coords points="1399,1088 1547,1072 1614,1097 1645,1074 1730,1087 1770,1068 1951,1083 1951,1052 1854,1030 1813,1044 1550,1032 1521,1050 1470,1028 1399,1050"/>
                <Baseline points="1409,1073 1435,1072 1462,1071 1488,1070 1515,1068 1541,1068 1568,1068 1594,1067 1621,1067 1647,1067 1674,1067 1701,1067 1727,1067 1754,1067 1780,1068 1807,1068 1833,1069 1860,1070 1886,1071 1913,1073 1940,1074"/>
                <TextEquiv>
                    <Unicode>nuß in deß Hn Richters handt ver¬</Unicode>
                </TextEquiv>
            </TextLine>
            <TextLine id="r1l17" custom="readingOrder {index:16;}">
                <Coords points="1400,1131 1474,1111 1556,1122 1683,1106 1777,1124 1888,1111 1929,1129 1955,1125 1955,1088 1770,1069 1679,1089 1624,1088 1606,1070 1399,1089"/>
                <Baseline points="1409,1112 1435,1110 1462,1110 1489,1109 1516,1109 1542,1107 1569,1107 1596,1106 1623,1106 1649,1106 1676,1106 1703,1106 1730,1106 1756,1106 1783,1106 1810,1106 1837,1107 1863,1107 1890,1107 1917,1109 1944,1110"/>
                <TextEquiv>
                    <Unicode>richtet, wie mir der Chor Weibel e</Unicode>
                </TextEquiv>
            </TextLine>
            <TextLine id="r1l18" custom="readingOrder {index:17;}">
                <Coords points="1399,1167 1510,1150 1553,1169 1583,1151 1670,1168 1694,1145 1788,1169 1826,1150 1899,1161 1936,1153 1935,1110 1761,1128 1692,1107 1650,1128 1574,1112 1546,1129 1477,1111 1398,1131"/>
                <Baseline points="1409,1151 1434,1151 1460,1151 1486,1151 1512,1150 1538,1149 1563,1149 1589,1148 1615,1148 1641,1147 1667,1146 1692,1146 1718,1145 1744,1145 1770,1145 1796,1145 1821,1145 1847,1146 1873,1146 1899,1147 1925,1148"/>
                <TextEquiv>
                    <Unicode>meldet, Ist der fürtrag zugestelt</Unicode>
                </TextEquiv>
            </TextLine>
            <TextLine id="r1l19" custom="readingOrder {index:18;}">
                <Coords points="1394,1203 1712,1190 1771,1212 1884,1190 1921,1210 1951,1197 1951,1165 1873,1148 1782,1165 1693,1145 1671,1168 1584,1151 1561,1169 1513,1151 1393,1167"/>
                <Baseline points="1404,1191 1430,1190 1457,1190 1484,1189 1511,1188 1538,1188 1564,1188 1591,1187 1618,1187 1645,1187 1672,1187 1698,1187 1725,1187 1752,1187 1779,1185 1806,1185 1832,1185 1859,1185 1886,1185 1913,1185 1940,1184"/>
                <TextEquiv>
                    <Unicode>vnd das oben erkente schryben Ex¬</Unicode>
                </TextEquiv>
            </TextLine>
            <TextLine id="r1l20" custom="readingOrder {index:19;}">
                <Coords points="1403,1265 1432,1262 1465,1232 1490,1247 1513,1231 1536,1245 1570,1229 1589,1242 1611,1237 1624,1249 1646,1242 1644,1193 1591,1206 1571,1194 1514,1191 1488,1204 1465,1191 1441,1204 1401,1204"/>
                <Baseline points="1413,1239 1440,1233 1468,1229 1496,1226 1524,1226 1551,1226 1579,1226 1607,1226 1635,1224"/>
                <TextEquiv>
                    <Unicode>pediert worden.</Unicode>
                </TextEquiv>
            </TextLine>
            <TextLine id="r1l21" custom="readingOrder {index:20;}">
                <Coords points="1402,1346 1451,1329 1498,1351 1558,1328 1636,1348 1759,1344 1791,1326 1844,1335 1860,1331 1860,1262 1819,1283 1777,1261 1712,1264 1672,1303 1639,1283 1609,1293 1580,1273 1527,1280 1503,1266 1402,1289"/>
                <Baseline points="1412,1325 1437,1323 1463,1322 1489,1322 1515,1322 1540,1320 1566,1320 1592,1320 1618,1320 1643,1320 1669,1320 1695,1320 1721,1320 1746,1320 1772,1319 1798,1319 1824,1319 1850,1317"/>
                <TextEquiv>
                    <Unicode>Waberen Sulgenbach</Unicode>
                </TextEquiv>
            </TextLine>
            <TextLine id="r1l22" custom="readingOrder {index:21;}">
                <Coords points="1404,1443 1450,1417 1539,1431 1618,1410 1766,1423 1792,1405 1813,1419 1826,1404 1942,1400 1940,1358 1889,1343 1852,1377 1807,1385 1774,1361 1664,1388 1547,1351 1515,1367 1484,1355 1460,1375 1401,1356"/>
                <Baseline points="1412,1415 1439,1413 1466,1412 1493,1410 1521,1410 1548,1409 1575,1409 1603,1407 1630,1407 1657,1406 1685,1406 1712,1406 1739,1404 1767,1403 1794,1403 1821,1401 1849,1399 1876,1397 1903,1395 1931,1392"/>
                <TextEquiv>
                    <Unicode>Bendiche Zehnder, vnd Anna Hut¬</Unicode>
                </TextEquiv>
            </TextLine>
            <TextLine id="r1l23" custom="readingOrder {index:22;}">
                <Coords points="1434,1460 1503,1468 1537,1448 1598,1462 1624,1447 1755,1440 1795,1455 1832,1437 1930,1432 1929,1406 1894,1399 1829,1403 1812,1420 1793,1406 1765,1424 1625,1410 1433,1429"/>
                <Baseline points="1443,1446 1468,1445 1493,1445 1518,1443 1543,1443 1568,1442 1593,1442 1618,1441 1643,1440 1668,1440 1693,1439 1718,1439 1743,1437 1768,1437 1793,1435 1818,1434 1843,1432 1868,1431 1893,1429 1919,1427"/>
                <TextEquiv>
                    <Unicode>macher, wyl und sorentz Kellers</Unicode>
                </TextEquiv>
            </TextLine>
            <TextLine id="r1l24" custom="readingOrder {index:23;}">
                <Coords points="1425,1493 1527,1501 1544,1482 1585,1481 1654,1494 1682,1477 1717,1496 1804,1494 1864,1469 1940,1472 1938,1438 1914,1435 1799,1454 1758,1439 1740,1458 1711,1443 1614,1445 1596,1462 1573,1446 1424,1457"/>
                <Baseline points="1434,1487 1460,1485 1486,1483 1512,1481 1538,1479 1564,1479 1590,1478 1616,1477 1642,1476 1668,1476 1694,1475 1720,1475 1746,1475 1772,1473 1798,1472 1824,1470 1850,1469 1876,1467 1902,1465 1928,1461"/>
                <TextEquiv>
                    <Unicode>deß müllers selichen Wittwen</Unicode>
                </TextEquiv>
            </TextLine>
            <TextLine id="r1l25" custom="readingOrder {index:24;}">
                <Coords points="1423,1539 1962,1506 1960,1458 1789,1493 1683,1478 1655,1494 1581,1480 1552,1502 1422,1494"/>
                <Baseline points="1433,1526 1460,1523 1487,1521 1514,1519 1542,1517 1569,1516 1596,1515 1624,1514 1651,1514 1678,1513 1706,1512 1733,1512 1760,1511 1788,1511 1815,1509 1842,1509 1870,1506 1897,1506 1924,1503 1952,1500"/>
                <TextEquiv>
                    <Unicode>sind von ires über vorgehnde war</Unicode>
                </TextEquiv>
            </TextLine>
            <TextLine id="r1l26" custom="readingOrder {index:25;}">
                <Coords points="1418,1571 1462,1563 1486,1583 1722,1550 1759,1564 1975,1555 1974,1517 1931,1506 1767,1526 1742,1510 1723,1528 1637,1517 1494,1542 1451,1527 1417,1547"/>
                <Baseline points="1428,1563 1454,1562 1481,1560 1508,1559 1535,1557 1562,1557 1588,1556 1615,1554 1642,1554 1669,1553 1696,1551 1722,1551 1749,1550 1776,1548 1803,1547 1830,1546 1856,1544 1883,1544 1910,1541 1937,1539 1964,1538"/>
                <TextEquiv>
                    <Unicode>nung continuierenden zusamen wan¬</Unicode>
                </TextEquiv>
            </TextLine>
            <TextLine id="r1l27" custom="readingOrder {index:26;}">
                <Coords points="1421,1612 1475,1603 1549,1623 1574,1599 1652,1611 1925,1582 1956,1593 1958,1548 1760,1566 1719,1551 1697,1568 1636,1556 1565,1578 1419,1571"/>
                <Baseline points="1431,1602 1456,1601 1482,1599 1508,1597 1534,1596 1560,1595 1586,1593 1612,1593 1638,1592 1664,1592 1690,1591 1715,1590 1741,1590 1767,1589 1793,1588 1819,1586 1845,1586 1871,1584 1897,1582 1923,1580 1949,1577"/>
                <TextEquiv>
                    <Unicode>dels wegen beschickt, und ob etwas</Unicode>
                </TextEquiv>
            </TextLine>
            <TextLine id="r1l28" custom="readingOrder {index:27;}">
                <Coords points="1427,1651 1454,1658 1476,1641 1535,1657 1577,1639 1689,1659 1745,1638 1766,1654 1832,1629 1954,1626 1952,1579 1845,1602 1818,1589 1649,1612 1579,1600 1556,1620 1468,1603 1426,1613"/>
                <Baseline points="1437,1644 1462,1641 1487,1638 1513,1638 1538,1636 1563,1635 1589,1634 1614,1634 1639,1632 1665,1632 1690,1631 1715,1631 1741,1630 1766,1629 1791,1629 1817,1628 1842,1626 1867,1625 1893,1622 1918,1620 1944,1617"/>
                <TextEquiv>
                    <Unicode>Ehe versprechung zwüschen Inen sye</Unicode>
                </TextEquiv>
            </TextLine>
            <TextLine id="r1l29" custom="readingOrder {index:28;}">
                <Coords points="1424,1694 1472,1677 1525,1699 1599,1677 1639,1694 1680,1672 1726,1684 1962,1663 1960,1624 1940,1623 1785,1649 1422,1651"/>
                <Baseline points="1433,1679 1460,1678 1487,1677 1514,1676 1542,1674 1569,1674 1596,1673 1624,1672 1651,1671 1678,1670 1706,1668 1733,1667 1760,1666 1788,1665 1815,1664 1842,1662 1870,1659 1897,1658 1924,1656 1952,1653"/>
                <TextEquiv>
                    <Unicode>befragt worden. Darüber er sich</Unicode>
                </TextEquiv>
            </TextLine>
            <TextLine id="r1l30" custom="readingOrder {index:29;}">
                <Coords points="1423,1729 1462,1739 1493,1717 1630,1727 1724,1709 1755,1722 1965,1687 1963,1663 1925,1675 1888,1662 1725,1685 1680,1671 1662,1690 1569,1681 1523,1698 1471,1678 1421,1695"/>
                <Baseline points="1433,1715 1459,1715 1485,1715 1511,1715 1537,1713 1563,1713 1589,1712 1615,1711 1641,1709 1667,1708 1694,1707 1720,1704 1746,1703 1772,1702 1798,1699 1824,1698 1850,1697 1876,1695 1902,1694 1928,1692 1955,1691"/>
                <TextEquiv>
                    <Unicode>erlüteret, das sy nit allein imme se</Unicode>
                </TextEquiv>
            </TextLine>
            <TextLine id="r1l31" custom="readingOrder {index:30;}">
                <Coords points="1417,1766 1674,1764 1706,1746 1846,1750 1922,1728 1972,1739 1968,1682 1759,1721 1524,1715 1415,1736"/>
                <Baseline points="1427,1755 1453,1754 1480,1752 1507,1751 1533,1749 1560,1749 1587,1748 1613,1746 1640,1745 1667,1744 1694,1742 1720,1740 1747,1739 1774,1738 1800,1736 1827,1734 1854,1732 1880,1730 1907,1728 1934,1727 1961,1724"/>
                <TextEquiv>
                    <Unicode>prochen, das so sy widerumb In die Ehe</Unicode>
                </TextEquiv>
            </TextLine>
            <TextLine id="r1l32" custom="readingOrder {index:31;}">
                <Coords points="1417,1807 1471,1791 1587,1807 1608,1785 1912,1777 1970,1760 1969,1736 1414,1766"/>
                <Baseline points="1427,1793 1453,1790 1480,1788 1507,1787 1533,1784 1560,1783 1587,1781 1613,1781 1640,1779 1667,1778 1694,1776 1720,1775 1747,1774 1774,1773 1800,1772 1827,1769 1854,1767 1880,1765 1907,1762 1934,1760 1961,1757"/>
                <TextEquiv>
                    <Unicode>zutretten gesinnet, sy keinen andern</Unicode>
                </TextEquiv>
            </TextLine>
            <TextLine id="r1l33" custom="readingOrder {index:32;}">
                <Coords points="1416,1837 1688,1832 1849,1807 1913,1823 1952,1794 1993,1795 1976,1756 1749,1793 1679,1781 1534,1805 1470,1791 1415,1813"/>
                <Baseline points="1427,1829 1454,1826 1482,1825 1510,1823 1538,1821 1565,1820 1593,1818 1621,1818 1649,1815 1676,1815 1704,1813 1732,1812 1760,1811 1787,1809 1815,1807 1843,1804 1871,1802 1898,1798 1926,1795 1954,1791 1982,1787"/>
                <TextEquiv>
                    <Unicode>als eben zune ehlichen und nemmen wöllen</Unicode>
                </TextEquiv>
            </TextLine>
            <TextLine id="r1l34" custom="readingOrder {index:33;}">
                <Coords points="1423,1869 1561,1858 1629,1873 1676,1856 1702,1873 1751,1844 1815,1867 1854,1845 1912,1857 1986,1839 1984,1798 1960,1795 1920,1818 1849,1807 1738,1829 1422,1836"/>
                <Baseline points="1434,1860 1461,1859 1488,1857 1515,1857 1542,1856 1569,1854 1596,1853 1623,1852 1650,1851 1677,1851 1705,1849 1732,1848 1759,1846 1786,1845 1813,1844 1840,1841 1867,1841 1894,1838 1921,1836 1948,1833 1976,1830"/>
                <TextEquiv>
                    <Unicode>sonders auch imme zur versicherung dessen</Unicode>
                </TextEquiv>
            </TextLine>
            <TextLine id="r1l35" custom="readingOrder {index:34;}">
                <Coords points="1419,1907 1541,1895 1639,1914 1662,1889 1716,1882 1833,1897 1959,1868 1958,1836 1849,1845 1819,1865 1751,1844 1698,1869 1677,1856 1418,1872"/>
                <Baseline points="1428,1896 1454,1895 1480,1894 1506,1892 1532,1892 1558,1892 1584,1890 1610,1890 1636,1889 1662,1889 1688,1888 1714,1887 1740,1886 1766,1884 1792,1883 1818,1881 1844,1879 1870,1876 1896,1873 1922,1869 1949,1865"/>
                <TextEquiv>
                    <Unicode>ein thaler gegeben, dessen sy beide</Unicode>
                </TextEquiv>
            </TextLine>
            <TextLine id="r1l36" custom="readingOrder {index:35;}">
                <Coords points="1417,1944 1475,1955 1516,1934 1602,1952 1691,1928 1722,1949 1796,1925 1968,1921 1965,1864 1839,1896 1662,1889 1639,1911 1415,1903"/>
                <Baseline points="1427,1937 1453,1935 1480,1934 1506,1934 1533,1932 1559,1931 1586,1931 1612,1929 1639,1928 1665,1927 1692,1926 1719,1925 1745,1923 1772,1921 1798,1919 1825,1918 1851,1916 1878,1913 1904,1911 1931,1908 1958,1904"/>
                <TextEquiv>
                    <Unicode>ein andern gestendig, jedoch hatt sy</Unicode>
                </TextEquiv>
            </TextLine>
            <TextLine id="r1l37" custom="readingOrder {index:36;}">
                <Coords points="1427,1997 1489,1973 1693,1989 1784,1959 1828,1985 1867,1954 1960,1953 1961,1920 1786,1927 1725,1947 1675,1931 1591,1951 1424,1942"/>
                <Baseline points="1436,1974 1461,1974 1487,1973 1513,1973 1539,1971 1565,1971 1590,1970 1616,1970 1642,1968 1668,1967 1694,1967 1719,1965 1745,1963 1771,1962 1797,1959 1823,1958 1848,1955 1874,1952 1900,1948 1926,1943 1952,1938"/>
                <TextEquiv>
                    <Unicode>rmeldet, das sy ira darbÿ vorbe¬</Unicode>
                </TextEquiv>
            </TextLine>
            <TextLine id="r1l38" custom="readingOrder {index:37;}">
                <Coords points="1435,2024 1576,2010 1622,2028 1752,2004 1780,2021 1815,1998 1853,2017 1894,1990 1970,1979 1969,1951 1869,1953 1824,1980 1784,1960 1684,1984 1487,1974 1433,1990"/>
                <Baseline points="1445,2012 1470,2010 1496,2010 1522,2009 1547,2009 1573,2009 1599,2007 1624,2007 1650,2007 1676,2006 1702,2005 1727,2003 1753,2003 1779,2000 1804,1998 1830,1996 1856,1994 1881,1990 1907,1986 1933,1982 1959,1977"/>
                <TextEquiv>
                    <Unicode>halten, das er sy uff kein zyt wider</Unicode>
                </TextEquiv>
            </TextLine>
            <TextLine id="r1l39" custom="readingOrder {index:38;}">
                <Coords points="1425,2065 1519,2045 1764,2056 1783,2039 1802,2052 1862,2030 1883,2045 1940,2017 1963,2028 1960,1980 1869,2007 1815,1998 1778,2021 1572,2010 1423,2027"/>
                <Baseline points="1434,2052 1459,2050 1485,2047 1511,2046 1537,2045 1563,2044 1589,2043 1615,2043 1641,2042 1667,2042 1693,2042 1718,2040 1744,2040 1770,2037 1796,2036 1822,2035 1848,2031 1874,2028 1900,2023 1926,2018 1952,2012"/>
                <TextEquiv>
                    <Unicode>Iren willen zu nötig haben solle.</Unicode>
                </TextEquiv>
            </TextLine>
            <TextLine id="r1l40" custom="readingOrder {index:39;}">
                <Coords points="1417,2106 1538,2092 1566,2108 1585,2089 1664,2085 1699,2099 1730,2081 1833,2093 1848,2075 1966,2056 1965,2027 1940,2017 1802,2052 1782,2037 1763,2057 1517,2046 1415,2067"/>
                <Baseline points="1427,2093 1453,2090 1479,2089 1506,2087 1532,2086 1559,2085 1585,2084 1611,2083 1638,2082 1664,2081 1691,2079 1717,2079 1743,2078 1770,2075 1796,2073 1823,2071 1849,2069 1875,2064 1902,2061 1928,2056 1955,2051"/>
                <TextEquiv>
                    <Unicode>Nun habe sy sich gredt, dißmalen</Unicode>
                </TextEquiv>
            </TextLine>
            <TextLine id="r1l41" custom="readingOrder {index:40;}">
                <Coords points="1421,2136 1968,2110 1965,2057 1949,2056 1837,2087 1735,2079 1703,2095 1420,2109"/>
                <Baseline points="1431,2127 1457,2126 1483,2124 1510,2124 1536,2123 1562,2121 1589,2120 1615,2119 1641,2117 1668,2115 1694,2115 1720,2114 1747,2111 1773,2110 1799,2108 1826,2106 1852,2104 1878,2102 1905,2100 1931,2097 1958,2096"/>
                <TextEquiv>
                    <Unicode>weder mitt Imme noch andern sich</Unicode>
                </TextEquiv>
            </TextLine>
            <TextLine id="r1l42" custom="readingOrder {index:41;}">
                <Coords points="1428,2190 1542,2164 1586,2188 1618,2155 1666,2170 1808,2165 1829,2149 1864,2161 1986,2127 1983,2084 1908,2120 1885,2103 1757,2130 1703,2117 1424,2139"/>
                <Baseline points="1436,2171 1463,2168 1490,2165 1517,2162 1544,2160 1571,2159 1598,2158 1625,2157 1652,2156 1679,2156 1706,2154 1733,2154 1760,2153 1787,2151 1814,2149 1841,2147 1868,2144 1895,2140 1922,2136 1949,2130 1976,2123"/>
                <TextEquiv>
                    <Unicode>zeverehlichen, uff welichen vermerck</Unicode>
                </TextEquiv>
            </TextLine>
            <TextLine id="r1l43" custom="readingOrder {index:42;}">
                <Coords points="1434,2225 1462,2213 1491,2226 1508,2206 1700,2219 1777,2191 1942,2191 1969,2179 1966,2129 1790,2170 1708,2159 1574,2182 1544,2163 1432,2187"/>
                <Baseline points="1443,2210 1468,2207 1494,2205 1520,2204 1546,2202 1571,2200 1597,2199 1623,2197 1649,2196 1674,2195 1700,2194 1726,2192 1752,2191 1777,2189 1803,2188 1829,2186 1855,2183 1880,2182 1906,2179 1932,2177 1958,2172"/>
                <TextEquiv>
                    <Unicode>ten wider willen er nit vil vff</Unicode>
                </TextEquiv>
            </TextLine>
            <TextLine id="r1l44" custom="readingOrder {index:43;}">
                <Coords points="1423,2260 1461,2250 1480,2266 1505,2242 1549,2254 1582,2241 1626,2258 1730,2229 1804,2240 1974,2212 1973,2188 1420,2222"/>
                <Baseline points="1433,2250 1459,2248 1486,2244 1512,2242 1539,2240 1565,2238 1592,2236 1618,2235 1645,2234 1671,2232 1698,2231 1725,2229 1751,2228 1778,2226 1804,2224 1831,2223 1857,2221 1884,2218 1910,2214 1937,2211 1964,2207"/>
                <TextEquiv>
                    <Unicode>die sach setzen, sonder lieber von</Unicode>
                </TextEquiv>
            </TextLine>
            <TextLine id="r1l45" custom="readingOrder {index:44;}">
                <Coords points="1430,2296 1677,2280 1712,2262 1770,2274 1852,2257 1873,2272 1975,2241 1964,2213 1427,2261"/>
                <Baseline points="1440,2291 1466,2286 1492,2282 1518,2280 1545,2276 1571,2273 1597,2272 1623,2270 1650,2268 1676,2267 1702,2265 1728,2264 1755,2262 1781,2261 1807,2259 1833,2257 1860,2253 1886,2252 1912,2248 1938,2243 1965,2238"/>
                <TextEquiv>
                    <Unicode>Ire stellen, vnd vns den handel</Unicode>
                </TextEquiv>
            </TextLine>
            <TextLine id="r1l46" custom="readingOrder {index:45;}">
                <Coords points="1428,2337 1482,2326 1551,2343 1607,2314 1670,2329 1771,2300 1856,2316 1974,2277 1972,2251 1425,2301"/>
                <Baseline points="1437,2327 1463,2323 1489,2320 1516,2317 1542,2314 1568,2313 1595,2311 1621,2309 1647,2307 1674,2306 1700,2304 1726,2303 1753,2300 1779,2298 1805,2296 1832,2294 1858,2291 1884,2288 1911,2285 1937,2281 1964,2276"/>
                <TextEquiv>
                    <Unicode>übergeben wöllen, in ansechen nun</Unicode>
                </TextEquiv>
            </TextLine>
            <TextLine id="r1l47" custom="readingOrder {index:46;}">
                <Coords points="1422,2376 1607,2348 1851,2353 1982,2314 1979,2277 1858,2312 1754,2302 1720,2319 1563,2315 1539,2336 1419,2337"/>
                <Baseline points="1431,2367 1458,2363 1485,2358 1512,2356 1539,2352 1566,2350 1593,2348 1620,2346 1647,2346 1674,2343 1702,2342 1729,2341 1756,2339 1783,2337 1810,2336 1837,2332 1864,2330 1891,2327 1918,2323 1945,2318 1973,2312"/>
                <TextEquiv>
                    <Unicode>deß ein vnd andern dise vngerymte</Unicode>
                </TextEquiv>
            </TextLine>
            <TextLine id="r1l48" custom="readingOrder {index:47;}">
                <Coords points="1427,2414 1507,2416 1566,2393 1633,2413 1659,2386 1699,2404 1764,2379 1822,2389 1986,2352 1984,2330 1951,2316 1924,2339 1833,2341 1819,2356 1707,2344 1663,2362 1624,2346 1424,2371"/>
                <Baseline points="1437,2403 1465,2400 1493,2398 1522,2396 1550,2393 1578,2392 1607,2390 1635,2389 1663,2388 1692,2387 1720,2385 1749,2383 1777,2382 1805,2380 1834,2377 1862,2374 1890,2371 1919,2366 1947,2361 1976,2355"/>
                <TextEquiv>
                    <Unicode>ehe versprechung ufgehert, jetwäderem</Unicode>
                </TextEquiv>
            </TextLine>
            <TextLine id="r1l49" custom="readingOrder {index:48;}">
                <Coords points="1429,2456 1478,2436 1609,2446 1666,2421 1799,2435 1826,2418 1936,2419 1995,2397 1993,2360 1701,2403 1660,2387 1631,2410 1563,2396 1507,2416 1426,2413"/>
                <Baseline points="1437,2441 1464,2437 1491,2435 1519,2433 1546,2430 1574,2429 1601,2427 1629,2425 1656,2424 1684,2423 1711,2423 1738,2421 1766,2419 1793,2418 1821,2416 1848,2414 1876,2410 1903,2408 1931,2404 1958,2400 1986,2394"/>
                <TextEquiv>
                    <Unicode>sich vff bessere vnd trymlichere form</Unicode>
                </TextEquiv>
            </TextLine>
            <TextLine id="r1l50" custom="readingOrder {index:49;}">
                <Coords points="1427,2487 1536,2472 1592,2492 1734,2454 1865,2470 1992,2432 1990,2400 1798,2434 1665,2422 1605,2445 1562,2431 1425,2451"/>
                <Baseline points="1437,2480 1464,2476 1491,2472 1518,2469 1546,2466 1573,2465 1600,2463 1627,2462 1655,2460 1682,2458 1709,2457 1736,2456 1764,2454 1791,2453 1818,2451 1845,2450 1873,2447 1900,2445 1927,2442 1954,2439 1982,2435"/>
                <TextEquiv>
                    <Unicode>zevehlichen erloupt, der Costen ira</Unicode>
                </TextEquiv>
            </TextLine>
            <TextLine id="r1l51" custom="readingOrder {index:50;}">
                <Coords points="1429,2535 1516,2508 1546,2527 1630,2502 1740,2515 1761,2495 1815,2508 1869,2490 1888,2506 1927,2479 1985,2494 1981,2435 1863,2470 1732,2454 1628,2478 1591,2466 1566,2487 1534,2470 1426,2488"/>
                <Baseline points="1437,2516 1463,2512 1490,2510 1517,2508 1544,2506 1571,2504 1597,2502 1624,2501 1651,2499 1678,2498 1705,2496 1731,2495 1758,2493 1785,2492 1812,2490 1839,2488 1865,2485 1892,2483 1919,2479 1946,2476 1973,2471"/>
                <TextEquiv>
                    <Unicode>uferlegt, vnd jetweders nochmal</Unicode>
                </TextEquiv>
            </TextLine>
            <TextLine id="r1l52" custom="readingOrder {index:51;}">
                <Coords points="1428,2577 1490,2550 1615,2544 1643,2559 1666,2541 1719,2554 1749,2537 1780,2552 1815,2529 1889,2540 1987,2511 1985,2489 1924,2481 1873,2505 1847,2490 1814,2507 1760,2496 1739,2514 1647,2503 1543,2523 1517,2510 1426,2534"/>
                <Baseline points="1437,2550 1465,2547 1493,2546 1522,2544 1550,2541 1578,2540 1607,2538 1635,2537 1663,2535 1692,2534 1720,2533 1749,2531 1777,2529 1805,2528 1834,2525 1862,2523 1890,2520 1919,2516 1947,2514 1976,2510"/>
                <TextEquiv>
                    <Unicode>vwahmet worden, sich einandern</Unicode>
                </TextEquiv>
            </TextLine>
            <TextLine id="r1l53" custom="readingOrder {index:52;}">
                <Coords points="1441,2597 1587,2595 1641,2574 1687,2591 1748,2570 1818,2590 1916,2556 1980,2567 1976,2512 1960,2511 1887,2540 1849,2525 1796,2549 1698,2536 1638,2556 1548,2544 1439,2565"/>
                <Baseline points="1451,2582 1476,2580 1502,2579 1528,2578 1554,2577 1580,2576 1606,2576 1631,2574 1657,2574 1683,2573 1709,2571 1735,2570 1761,2570 1787,2568 1812,2566 1838,2564 1864,2562 1890,2559 1916,2555 1942,2552 1968,2547"/>
                <TextEquiv>
                    <Unicode>gentzlich ze müssigen, sy wellindt</Unicode>
                </TextEquiv>
            </TextLine>
            <TextLine id="r1l54" custom="readingOrder {index:53;}">
                <Coords points="1426,2644 1589,2640 1634,2619 1722,2634 1870,2627 1884,2612 1931,2624 1991,2601 1989,2560 1960,2553 1938,2569 1790,2569 1773,2585 1750,2569 1704,2590 1642,2574 1425,2603"/>
                <Baseline points="1436,2621 1463,2618 1490,2616 1517,2615 1544,2614 1571,2613 1598,2612 1626,2610 1653,2610 1680,2609 1707,2609 1734,2607 1761,2606 1788,2605 1816,2603 1843,2603 1870,2601 1897,2598 1924,2596 1951,2592 1979,2589"/>
                <TextEquiv>
                    <Unicode>dann einandern zkilchen fuhren.</Unicode>
                </TextEquiv>
            </TextLine>
            <TextEquiv>
                <Unicode>444.
wyl er aber sich diser Urteil nit vn
der werffen und keins wegs ange¬
loben wellen, ist er biß uff Mit
wuchen Ins gemeine: vnd dadannen
biß an frytag ins pfaffenlich er
kent, und die wyl er durchuß uf
yner hartnäckigkeit verharret, und
sich weder durch erst beruhrts mittel
der gfangenschafft, noch durch einiche sin
bildung der straff, so er darob zuer¬
warten, erweichen lassen wöllen, s
sach für der hat geschlagen, wyl er aber
sich endtlich durch syn frund so immelin
gestanden, bereden lassen, vnd die gelust
nuß in deß Hn Richters handt ver¬
richtet, wie mir der Chor Weibel e
meldet, Ist der fürtrag zugestelt
vnd das oben erkente schryben Ex¬
pediert worden.
Waberen Sulgenbach
Bendiche Zehnder, vnd Anna Hut¬
macher, wyl und sorentz Kellers
deß müllers selichen Wittwen
sind von ires über vorgehnde war
nung continuierenden zusamen wan¬
dels wegen beschickt, und ob etwas
Ehe versprechung zwüschen Inen sye
befragt worden. Darüber er sich
erlüteret, das sy nit allein imme se
prochen, das so sy widerumb In die Ehe
zutretten gesinnet, sy keinen andern
als eben zune ehlichen und nemmen wöllen
sonders auch imme zur versicherung dessen
ein thaler gegeben, dessen sy beide
ein andern gestendig, jedoch hatt sy
rmeldet, das sy ira darbÿ vorbe¬
halten, das er sy uff kein zyt wider
Iren willen zu nötig haben solle.
Nun habe sy sich gredt, dißmalen
weder mitt Imme noch andern sich
zeverehlichen, uff welichen vermerck
ten wider willen er nit vil vff
die sach setzen, sonder lieber von
Ire stellen, vnd vns den handel
übergeben wöllen, in ansechen nun
deß ein vnd andern dise vngerymte
ehe versprechung ufgehert, jetwäderem
sich vff bessere vnd trymlichere form
zevehlichen erloupt, der Costen ira
uferlegt, vnd jetweders nochmal
vwahmet worden, sich einandern
gentzlich ze müssigen, sy wellindt
dann einandern zkilchen fuhren.</Unicode>
            </TextEquiv>
        </TextRegion>
        <TextRegion orientation="0.0" id="r2" custom="readingOrder {index:1;}">
            <Coords points="1983,394 1983,2524 2750,2524 2750,394"/>
            <TextLine id="r2l1" custom="readingOrder {index:0;}">
                <Coords points="2560,431 2574,432 2580,426 2590,426 2594,430 2606,428 2629,436 2633,431 2641,439 2655,439 2654,378 2642,379 2628,387 2608,385 2581,367 2559,364"/>
                <Baseline points="2570,416 2595,416 2620,414 2645,416"/>
                <TextEquiv>
                    <Unicode>445.</Unicode>
                </TextEquiv>
            </TextLine>
            <TextLine id="r2l2" custom="readingOrder {index:1;}">
                <Coords points="1975,569 2241,506 2601,490 2656,479 2652,437 2573,425 2454,453 2372,432 2277,447 2244,479 2100,469 2043,507 1967,503"/>
                <Baseline points="1983,555 2016,545 2049,538 2082,532 2115,526 2148,520 2181,515 2214,510 2247,505 2280,501 2314,498 2347,495 2380,492 2413,489 2446,486 2479,484 2512,483 2545,480 2578,478 2611,474 2645,473"/>
                <TextEquiv>
                    <Unicode>und diewyl sy das vorig verpott übersechen,</Unicode>
                </TextEquiv>
            </TextLine>
            <TextLine id="r2l3" custom="readingOrder {index:2;}">
                <Coords points="2015,592 2382,528 2424,546 2534,523 2670,532 2664,480 2642,478 2245,505 2012,553"/>
                <Baseline points="2025,576 2056,569 2088,562 2119,557 2151,551 2183,546 2214,543 2246,538 2277,536 2309,532 2341,530 2372,527 2404,525 2435,524 2467,521 2499,518 2530,517 2562,514 2593,511 2625,507 2657,503"/>
                <TextEquiv>
                    <Unicode>Ihra neben urteil gelt 9 lb den zur wol</Unicode>
                </TextEquiv>
            </TextLine>
            <TextLine id="r2l4" custom="readingOrder {index:3;}">
                <Coords points="1983,636 2034,618 2076,632 2187,588 2554,569 2570,565 2566,529 2276,539 2259,556 2163,552 2024,589 1975,570"/>
                <Baseline points="1989,609 2017,606 2046,604 2074,602 2103,599 2131,595 2160,591 2188,588 2217,584 2245,580 2274,575 2302,571 2331,568 2359,564 2388,561 2416,559 2445,555 2473,555 2502,553 2530,552 2559,552"/>
                <TextEquiv>
                    <Unicode>ddenten straf abgenommen worden.</Unicode>
                </TextEquiv>
            </TextLine>
            <TextLine id="r2l5" custom="readingOrder {index:4;}">
                <Coords points="2344,680 2367,681 2375,673 2399,689 2411,682 2428,692 2444,694 2458,685 2468,685 2468,645 2449,645 2439,635 2415,642 2402,632 2388,640 2357,614 2343,615"/>
                <Baseline points="2355,672 2380,672 2406,672 2431,672 2457,669"/>
                <TextEquiv>
                    <Unicode>Bern</Unicode>
                </TextEquiv>
            </TextLine>
            <TextLine id="r2l6" custom="readingOrder {index:5;}">
                <Coords points="2012,742 2037,735 2040,730 2051,732 2062,725 2081,736 2092,723 2107,722 2093,657 2073,659 2048,691 2015,681 2011,688 2001,690"/>
                <Baseline points="2019,729 2044,723 2069,717 2094,714"/>
                <TextEquiv>
                    <Unicode>Belp</Unicode>
                </TextEquiv>
            </TextLine>
            <TextLine id="r2l7" custom="readingOrder {index:6;}">
                <Coords points="2369,734 2391,730 2427,745 2444,729 2459,739 2468,732 2509,736 2529,722 2570,736 2590,733 2587,674 2548,662 2521,668 2487,662 2442,695 2366,675"/>
                <Baseline points="2378,725 2403,726 2428,725 2453,723 2479,722 2504,719 2529,717 2554,716 2580,717"/>
                <TextEquiv>
                    <Unicode>ützelflüc</Unicode>
                </TextEquiv>
            </TextLine>
            <TextLine id="r2l8" custom="readingOrder {index:7;}">
                <Coords points="2002,798 2035,782 2108,791 2122,778 2192,775 2222,761 2210,685 2150,710 2099,714 2084,735 2058,725 1994,750"/>
                <Baseline points="2009,780 2034,775 2059,770 2084,765 2109,761 2134,757 2159,753 2184,750 2210,747"/>
                <TextEquiv>
                    <Unicode>schaffhusen</Unicode>
                </TextEquiv>
            </TextLine>
            <TextLine id="r2l9" custom="readingOrder {index:8;}">
                <Coords points="2007,900 2111,896 2154,866 2185,881 2268,857 2391,862 2405,844 2585,847 2623,827 2617,774 2553,765 2449,804 2408,796 2386,819 2299,794 2267,817 2190,805 2161,833 2126,812 2040,847 2000,837"/>
                <Baseline points="2016,891 2045,886 2075,881 2105,877 2135,873 2165,868 2194,864 2224,860 2254,856 2284,853 2314,849 2343,846 2373,843 2403,840 2433,837 2463,834 2492,831 2522,829 2552,827 2582,824 2612,821"/>
                <TextEquiv>
                    <Unicode>der Wirth vor Belp hatt solichen bericht</Unicode>
                </TextEquiv>
            </TextLine>
            <TextLine id="r2l10" custom="readingOrder {index:9;}">
                <Coords points="2011,934 2190,890 2262,912 2286,887 2648,859 2634,809 2598,836 2151,870 2008,901"/>
                <Baseline points="2021,920 2051,916 2082,910 2113,906 2144,902 2174,898 2205,894 2236,891 2267,887 2297,884 2328,881 2359,878 2390,875 2420,873 2451,869 2482,867 2513,864 2543,861 2574,859 2605,857 2636,854"/>
                <TextEquiv>
                    <Unicode>geben, die personen, mitt denen Hans</Unicode>
                </TextEquiv>
            </TextLine>
            <TextLine id="r2l11" custom="readingOrder {index:10;}">
                <Coords points="2009,967 2163,941 2201,954 2286,925 2331,943 2351,919 2373,935 2427,909 2449,926 2609,910 2648,902 2645,866 2284,887 2258,908 2197,893 2006,932"/>
                <Baseline points="2019,956 2049,951 2080,947 2111,943 2142,939 2173,936 2204,932 2235,929 2266,926 2297,923 2328,921 2358,918 2389,916 2420,913 2451,910 2482,907 2513,905 2544,901 2575,898 2606,895 2637,891"/>
                <TextEquiv>
                    <Unicode>Nisod alhie gehandlet, sen Hans Riener</Unicode>
                </TextEquiv>
            </TextLine>
            <TextLine id="r2l12" custom="readingOrder {index:11;}">
                <Coords points="2023,1003 2669,945 2664,888 2607,914 2585,900 2373,937 2351,919 2331,943 2286,925 2220,954 2155,941 2019,965"/>
                <Baseline points="2033,995 2064,990 2095,986 2126,982 2157,979 2189,975 2220,972 2251,969 2282,967 2313,963 2345,960 2376,957 2407,955 2438,952 2469,950 2501,947 2532,944 2563,941 2594,938 2625,934 2657,932"/>
                <TextEquiv>
                    <Unicode>zu Schafhusen, und Jost hofer uff der mü¬</Unicode>
                </TextEquiv>
            </TextLine>
            <TextLine id="r2l13" custom="readingOrder {index:12;}">
                <Coords points="2019,1053 2042,1061 2098,1027 2181,1040 2235,1016 2382,1020 2447,992 2630,991 2664,983 2660,939 2015,1013"/>
                <Baseline points="2028,1038 2059,1034 2090,1029 2121,1024 2153,1020 2184,1016 2215,1013 2247,1009 2278,1007 2309,1003 2341,1000 2372,998 2403,995 2434,992 2466,990 2497,988 2528,986 2560,983 2591,981 2622,978 2654,975"/>
                <TextEquiv>
                    <Unicode>li zu Lützel flüe, denen habe er 1000 lb in</Unicode>
                </TextEquiv>
            </TextLine>
            <TextLine id="r2l14" custom="readingOrder {index:13;}">
                <Coords points="2028,1092 2240,1053 2337,1046 2380,1066 2424,1038 2654,1035 2679,1023 2675,980 2608,1003 2446,993 2307,1028 2231,1015 2025,1058"/>
                <Baseline points="2037,1077 2068,1073 2100,1067 2131,1063 2163,1059 2195,1055 2226,1053 2258,1049 2289,1046 2321,1043 2353,1041 2384,1038 2416,1037 2447,1034 2479,1032 2511,1030 2542,1026 2574,1023 2605,1021 2637,1017 2669,1014"/>
                <TextEquiv>
                    <Unicode>gelt versprochen und 1000 lb in wyn ent¬</Unicode>
                </TextEquiv>
            </TextLine>
            <TextLine id="r2l15" custom="readingOrder {index:14;}">
                <Coords points="2028,1127 2542,1067 2681,1076 2676,1025 2617,1024 2025,1094"/>
                <Baseline points="2037,1113 2068,1109 2100,1105 2131,1101 2163,1098 2195,1094 2226,1091 2258,1087 2289,1085 2321,1082 2353,1079 2384,1076 2416,1073 2447,1072 2479,1069 2511,1067 2542,1065 2574,1062 2605,1061 2637,1059 2669,1056"/>
                <TextEquiv>
                    <Unicode>richtet, von welichem er wirth ein vaß</Unicode>
                </TextEquiv>
            </TextLine>
            <TextLine id="r2l16" custom="readingOrder {index:15;}">
                <Coords points="2037,1170 2114,1145 2160,1153 2178,1133 2243,1148 2322,1122 2518,1128 2658,1101 2656,1077 2541,1067 2522,1085 2236,1093 2187,1116 2159,1102 2033,1123"/>
                <Baseline points="2046,1149 2076,1146 2106,1142 2136,1139 2166,1135 2196,1131 2226,1129 2256,1127 2286,1123 2316,1121 2347,1118 2377,1115 2407,1113 2437,1111 2467,1109 2497,1106 2527,1105 2557,1102 2587,1100 2617,1098 2648,1095"/>
                <TextEquiv>
                    <Unicode>empfangt, by der pinten zeverschencken</Unicode>
                </TextEquiv>
            </TextLine>
            <TextLine id="r2l17" custom="readingOrder {index:16;}">
                <Coords points="2026,1205 2139,1204 2220,1174 2299,1190 2340,1168 2461,1177 2495,1153 2550,1171 2648,1136 2646,1104 2320,1123 2245,1148 2178,1133 2160,1153 2023,1171"/>
                <Baseline points="2034,1191 2064,1187 2094,1183 2124,1180 2155,1176 2185,1173 2215,1171 2245,1168 2276,1165 2306,1163 2336,1160 2366,1158 2397,1155 2427,1153 2457,1151 2487,1149 2518,1147 2548,1145 2578,1143 2608,1140 2639,1137"/>
                <TextEquiv>
                    <Unicode>und sye imm die maß er das k geschetzt</Unicode>
                </TextEquiv>
            </TextLine>
            <TextLine id="r2l18" custom="readingOrder {index:17;}">
                <Coords points="2033,1248 2184,1209 2231,1232 2280,1210 2312,1227 2387,1203 2471,1210 2500,1189 2657,1187 2668,1153 2485,1154 2466,1172 2420,1153 2373,1178 2214,1174 2141,1203 2029,1202"/>
                <Baseline points="2042,1229 2072,1226 2103,1222 2134,1219 2165,1215 2196,1212 2227,1209 2258,1205 2289,1203 2320,1200 2351,1199 2381,1195 2412,1194 2443,1191 2474,1189 2505,1186 2536,1185 2567,1184 2598,1181 2629,1179 2660,1178"/>
                <TextEquiv>
                    <Unicode>worden. Hieruff erkent, es söllind</Unicode>
                </TextEquiv>
            </TextLine>
            <TextLine id="r2l19" custom="readingOrder {index:18;}">
                <Coords points="2042,1284 2119,1261 2184,1276 2206,1256 2275,1271 2331,1243 2400,1258 2536,1230 2672,1235 2668,1187 2615,1181 2338,1221 2288,1208 2224,1228 2182,1209 2141,1235 2039,1245"/>
                <Baseline points="2051,1265 2081,1262 2111,1259 2142,1256 2172,1254 2203,1251 2233,1248 2264,1245 2294,1244 2325,1241 2355,1239 2385,1237 2416,1234 2446,1232 2477,1229 2507,1226 2538,1223 2568,1222 2599,1218 2629,1215 2660,1212"/>
                <TextEquiv>
                    <Unicode>gemelte beid psonen vffn nechsten fry¬</Unicode>
                </TextEquiv>
            </TextLine>
            <TextLine id="r2l20" custom="readingOrder {index:19;}">
                <Coords points="2046,1320 2081,1327 2111,1312 2144,1326 2169,1309 2217,1317 2260,1301 2276,1314 2289,1302 2320,1310 2359,1286 2410,1289 2407,1257 2356,1239 2296,1249 2265,1268 2231,1271 2205,1257 2179,1278 2150,1280 2122,1260 2097,1279 2043,1284"/>
                <Baseline points="2055,1305 2081,1303 2107,1301 2134,1299 2160,1297 2187,1294 2213,1292 2240,1288 2266,1285 2293,1283 2319,1281 2346,1279 2372,1278 2399,1277"/>
                <TextEquiv>
                    <Unicode>ag har gehalten Reden</Unicode>
                </TextEquiv>
            </TextLine>
            <TextLine id="r2l21" custom="readingOrder {index:20;}">
                <Coords points="2032,1366 2642,1330 2638,1275 2494,1306 2360,1286 2334,1317 2257,1298 2146,1326 2029,1317"/>
                <Baseline points="2043,1359 2072,1356 2101,1353 2131,1350 2160,1347 2189,1345 2219,1342 2248,1341 2277,1338 2307,1336 2336,1334 2365,1332 2395,1330 2424,1329 2453,1326 2483,1326 2512,1323 2541,1322 2571,1320 2600,1320 2630,1317"/>
                <TextEquiv>
                    <Unicode>Schryben hierumb an beide Amptlüt zu</Unicode>
                </TextEquiv>
            </TextLine>
            <TextLine id="r2l22" custom="readingOrder {index:21;}">
                <Coords points="2049,1415 2097,1411 2122,1392 2191,1409 2236,1390 2296,1402 2358,1372 2374,1385 2420,1381 2416,1336 2045,1370"/>
                <Baseline points="2057,1391 2082,1391 2107,1389 2132,1388 2157,1385 2182,1383 2207,1380 2232,1377 2257,1375 2282,1371 2307,1370 2332,1368 2357,1367 2382,1366 2408,1367"/>
                <TextEquiv>
                    <Unicode>Burgdorff und Brandis.</Unicode>
                </TextEquiv>
            </TextLine>
            <TextLine id="r2l23" custom="readingOrder {index:22;}">
                <Coords points="2077,1508 2165,1487 2186,1502 2262,1482 2281,1495 2310,1476 2346,1488 2364,1468 2406,1475 2441,1458 2471,1472 2488,1466 2485,1424 2402,1428 2350,1410 2305,1438 2276,1426 2217,1428 2162,1453 2072,1444"/>
                <Baseline points="2084,1481 2110,1481 2136,1479 2162,1478 2188,1477 2215,1474 2241,1472 2267,1470 2293,1467 2319,1466 2346,1463 2372,1461 2398,1458 2424,1457 2450,1455 2477,1454"/>
                <TextEquiv>
                    <Unicode>engnouw, Büren</Unicode>
                </TextEquiv>
            </TextLine>
            <TextLine id="r2l24" custom="readingOrder {index:23;}">
                <Coords points="2063,1582 2106,1591 2187,1564 2231,1579 2333,1548 2613,1543 2675,1527 2671,1479 2500,1507 2452,1494 2432,1514 2371,1488 2276,1530 2227,1500 2123,1543 2059,1537"/>
                <Baseline points="2073,1574 2102,1570 2132,1567 2161,1563 2191,1560 2220,1558 2250,1554 2279,1552 2309,1548 2338,1547 2368,1544 2398,1542 2427,1539 2457,1537 2486,1535 2516,1534 2545,1532 2575,1530 2604,1530 2634,1529 2664,1527"/>
                <TextEquiv>
                    <Unicode>wischen H. Panthalerin seligen Wittwen</Unicode>
                </TextEquiv>
            </TextLine>
            <TextLine id="r2l25" custom="readingOrder {index:24;}">
                <Coords points="2053,1611 2106,1605 2144,1625 2184,1597 2259,1591 2287,1608 2366,1581 2473,1594 2499,1569 2584,1585 2662,1563 2659,1533 2629,1529 2051,1581"/>
                <Baseline points="2063,1604 2092,1601 2121,1598 2151,1595 2180,1592 2210,1589 2239,1587 2268,1585 2298,1583 2327,1580 2357,1578 2386,1576 2415,1574 2445,1572 2474,1569 2504,1568 2533,1566 2562,1563 2592,1563 2621,1560 2651,1559"/>
                <TextEquiv>
                    <Unicode>wird hr. david liecht, desselben nach fahr</Unicode>
                </TextEquiv>
            </TextLine>
            <TextLine id="r2l26" custom="readingOrder {index:25;}">
                <Coords points="2063,1653 2645,1612 2642,1569 2626,1566 2587,1590 2540,1566 2473,1594 2444,1579 2361,1583 2330,1604 2260,1591 2060,1609"/>
                <Baseline points="2072,1641 2100,1638 2128,1636 2156,1634 2184,1632 2212,1629 2240,1626 2268,1625 2296,1623 2324,1622 2353,1620 2381,1617 2409,1616 2437,1614 2465,1612 2493,1610 2521,1608 2549,1606 2577,1604 2605,1601 2634,1599"/>
                <TextEquiv>
                    <Unicode>Ist durch den h. schuldtheiß und decan zu</Unicode>
                </TextEquiv>
            </TextLine>
            <TextLine id="r2l27" custom="readingOrder {index:26;}">
                <Coords points="2060,1692 2165,1675 2294,1687 2346,1655 2423,1673 2462,1646 2498,1670 2543,1646 2672,1656 2668,1596 2610,1618 2506,1610 2424,1634 2058,1656"/>
                <Baseline points="2070,1677 2099,1674 2129,1671 2158,1670 2188,1668 2217,1665 2247,1663 2276,1662 2306,1660 2335,1658 2365,1656 2395,1655 2424,1652 2454,1650 2483,1648 2513,1646 2542,1644 2572,1643 2601,1641 2631,1640 2661,1637"/>
                <TextEquiv>
                    <Unicode>Büren ein sölicher bruch vermög ires</Unicode>
                </TextEquiv>
            </TextLine>
            <TextLine id="r2l28" custom="readingOrder {index:27;}">
                <Coords points="2075,1729 2220,1729 2269,1705 2347,1714 2473,1690 2574,1706 2643,1676 2678,1690 2675,1637 2417,1674 2344,1653 2162,1690 2072,1682"/>
                <Baseline points="2084,1715 2113,1712 2142,1710 2171,1707 2200,1704 2229,1702 2258,1700 2288,1698 2317,1696 2346,1695 2375,1692 2404,1691 2433,1689 2462,1687 2492,1685 2521,1683 2550,1681 2579,1679 2608,1676 2637,1673 2667,1671"/>
                <TextEquiv>
                    <Unicode>schreibens gemacht worden, das die wyl</Unicode>
                </TextEquiv>
            </TextLine>
            <TextLine id="r2l29" custom="readingOrder {index:28;}">
                <Coords points="2072,1761 2246,1748 2285,1766 2345,1739 2687,1731 2684,1686 2645,1677 2600,1698 2467,1690 2410,1713 2364,1701 2311,1721 2070,1731"/>
                <Baseline points="2082,1755 2111,1752 2141,1750 2171,1746 2200,1744 2230,1742 2260,1740 2289,1738 2319,1735 2349,1733 2379,1731 2408,1730 2438,1728 2468,1726 2497,1724 2527,1723 2557,1721 2586,1719 2616,1717 2646,1716 2676,1715"/>
                <TextEquiv>
                    <Unicode>der pfrund angnouw zukommen uff ho</Unicode>
                </TextEquiv>
            </TextLine>
            <TextLine id="r2l30" custom="readingOrder {index:29;}">
                <Coords points="2064,1812 2666,1762 2663,1726 2576,1724 2299,1744 2282,1762 2238,1748 2144,1772 2060,1763"/>
                <Baseline points="2073,1794 2102,1791 2131,1790 2160,1787 2189,1786 2218,1783 2247,1780 2276,1778 2305,1776 2334,1773 2364,1771 2393,1768 2422,1766 2451,1764 2480,1763 2509,1760 2538,1758 2567,1757 2596,1757 2625,1755 2655,1755"/>
                <TextEquiv>
                    <Unicode>hanni Jursumer sich terminiere, vnd</Unicode>
                </TextEquiv>
            </TextLine>
            <TextLine id="r2l31" custom="readingOrder {index:30;}">
                <Coords points="2066,1836 2204,1829 2237,1845 2284,1821 2411,1829 2436,1809 2518,1822 2577,1799 2671,1801 2685,1762 2064,1812"/>
                <Baseline points="2076,1830 2106,1829 2136,1827 2166,1826 2196,1823 2226,1821 2256,1819 2286,1816 2316,1813 2346,1811 2376,1809 2406,1806 2436,1805 2466,1803 2496,1801 2526,1799 2556,1797 2586,1796 2616,1796 2646,1794 2676,1794"/>
                <TextEquiv>
                    <Unicode>nun gedachte Wittwen die Pfrund sitt</Unicode>
                </TextEquiv>
            </TextLine>
            <TextLine id="r2l32" custom="readingOrder {index:31;}">
                <Coords points="2073,1880 2179,1883 2214,1864 2293,1886 2330,1861 2461,1871 2505,1843 2523,1858 2620,1860 2645,1836 2691,1849 2687,1795 2518,1820 2432,1809 2411,1829 2283,1821 2219,1848 2192,1829 2071,1841"/>
                <Baseline points="2082,1872 2111,1869 2141,1868 2171,1865 2201,1863 2231,1860 2261,1858 2290,1856 2320,1853 2350,1851 2380,1849 2410,1846 2440,1845 2470,1842 2499,1841 2529,1839 2559,1838 2589,1838 2619,1836 2649,1836 2679,1836"/>
                <TextEquiv>
                    <Unicode>der liechtmeß (da ir so selig gestorben.</Unicode>
                </TextEquiv>
            </TextLine>
            <TextLine id="r2l33" custom="readingOrder {index:32;}">
                <Coords points="2079,1918 2177,1933 2220,1911 2402,1916 2487,1885 2537,1902 2594,1881 2684,1887 2681,1849 2646,1835 2615,1858 2506,1843 2465,1869 2331,1861 2267,1886 2217,1865 2180,1884 2124,1868 2076,1880"/>
                <Baseline points="2088,1913 2117,1910 2146,1908 2175,1905 2205,1904 2234,1901 2263,1900 2292,1898 2322,1896 2351,1894 2380,1892 2409,1890 2439,1889 2468,1886 2497,1883 2526,1881 2556,1878 2585,1876 2614,1873 2643,1869 2673,1866"/>
                <TextEquiv>
                    <Unicode>entz verschinnen pfingsten durch den zu</Unicode>
                </TextEquiv>
            </TextLine>
            <TextLine id="r2l34" custom="readingOrder {index:33;}">
                <Coords points="2078,1969 2711,1918 2709,1890 2602,1881 2545,1902 2485,1886 2401,1915 2251,1909 2171,1934 2075,1920"/>
                <Baseline points="2087,1955 2117,1953 2148,1952 2178,1949 2209,1947 2240,1945 2270,1942 2301,1939 2332,1937 2362,1934 2393,1931 2424,1929 2454,1927 2485,1925 2516,1922 2546,1920 2577,1918 2608,1917 2638,1916 2669,1914 2700,1914"/>
                <TextEquiv>
                    <Unicode>helffer In Iremtosten versechen, Ire von</Unicode>
                </TextEquiv>
            </TextLine>
            <TextLine id="r2l35" custom="readingOrder {index:34;}">
                <Coords points="2079,2005 2258,2009 2395,1974 2656,1974 2689,1961 2686,1919 2076,1973"/>
                <Baseline points="2088,1995 2117,1994 2147,1991 2176,1989 2206,1986 2235,1984 2265,1981 2294,1979 2324,1978 2353,1975 2383,1972 2412,1970 2442,1968 2471,1966 2501,1964 2530,1962 2560,1961 2589,1959 2619,1957 2648,1956 2678,1955"/>
                <TextEquiv>
                    <Unicode>dessent wegen 11 monat, und h. necht,</Unicode>
                </TextEquiv>
            </TextLine>
            <TextLine id="r2l36" custom="readingOrder {index:35;}">
                <Coords points="2073,2045 2363,2034 2464,2006 2504,2026 2535,2003 2604,2020 2625,2000 2704,1999 2701,1956 2674,1975 2519,1968 2447,1989 2407,1974 2265,2007 2070,2005"/>
                <Baseline points="2082,2037 2112,2034 2143,2031 2173,2029 2204,2025 2235,2022 2265,2019 2296,2017 2326,2015 2357,2012 2388,2009 2418,2008 2449,2006 2479,2003 2510,2001 2541,2000 2571,1998 2602,1997 2632,1995 2663,1994 2694,1992"/>
                <TextEquiv>
                    <Unicode>wyl er den dienst mir 4 wuchen, als</Unicode>
                </TextEquiv>
            </TextLine>
            <TextLine id="r2l37" custom="readingOrder {index:36;}">
                <Coords points="2093,2085 2226,2091 2509,2044 2571,2060 2681,2031 2720,2044 2717,2007 2660,1996 2091,2052"/>
                <Baseline points="2103,2076 2133,2073 2163,2070 2193,2067 2224,2065 2254,2063 2284,2059 2314,2057 2345,2054 2375,2052 2405,2049 2435,2046 2466,2043 2496,2042 2526,2040 2556,2037 2587,2036 2617,2034 2647,2033 2677,2031 2708,2030"/>
                <TextEquiv>
                    <Unicode>von Pfingsten biß uff Johanni versechen,</Unicode>
                </TextEquiv>
            </TextLine>
            <TextLine id="r2l38" custom="readingOrder {index:37;}">
                <Coords points="2086,2130 2238,2106 2292,2119 2483,2081 2584,2102 2606,2078 2710,2078 2707,2036 2180,2091 2082,2084"/>
                <Baseline points="2094,2118 2124,2114 2154,2111 2184,2108 2215,2105 2245,2102 2275,2099 2305,2098 2336,2095 2366,2092 2396,2090 2426,2089 2457,2086 2487,2084 2517,2082 2547,2080 2578,2078 2608,2076 2638,2073 2668,2071 2699,2069"/>
                <TextEquiv>
                    <Unicode>der 12 monat gevolgen solle. Welchen</Unicode>
                </TextEquiv>
            </TextLine>
            <TextLine id="r2l39" custom="readingOrder {index:38;}">
                <Coords points="2100,2181 2149,2155 2342,2153 2424,2130 2468,2147 2511,2126 2707,2117 2694,2077 2584,2102 2500,2084 2422,2106 2096,2126"/>
                <Baseline points="2108,2156 2137,2153 2166,2149 2196,2146 2225,2144 2255,2142 2284,2139 2313,2136 2343,2133 2372,2132 2402,2129 2431,2127 2460,2125 2490,2123 2519,2121 2549,2119 2578,2118 2607,2117 2637,2115 2666,2112 2696,2111"/>
                <TextEquiv>
                    <Unicode>spruch, als uff der billigkeit gegründet,</Unicode>
                </TextEquiv>
            </TextLine>
            <TextLine id="r2l40" custom="readingOrder {index:39;}">
                <Coords points="2100,2203 2207,2193 2234,2210 2354,2178 2420,2194 2485,2166 2676,2168 2692,2163 2689,2117 2511,2126 2465,2148 2424,2130 2344,2153 2151,2155 2098,2181"/>
                <Baseline points="2109,2196 2137,2194 2166,2191 2194,2188 2223,2186 2252,2182 2280,2180 2309,2176 2338,2173 2366,2171 2395,2169 2424,2166 2452,2165 2481,2163 2510,2160 2538,2159 2567,2159 2596,2157 2624,2157 2653,2157 2682,2157"/>
                <TextEquiv>
                    <Unicode>ih gutgeheissen, wyl die pfrund uff</Unicode>
                </TextEquiv>
            </TextLine>
            <TextLine id="r2l41" custom="readingOrder {index:40;}">
                <Coords points="2102,2247 2321,2215 2349,2234 2511,2198 2618,2214 2701,2189 2739,2199 2735,2154 2714,2150 2554,2181 2524,2163 2425,2189 2353,2178 2326,2197 2099,2207"/>
                <Baseline points="2112,2237 2142,2232 2173,2228 2204,2225 2235,2221 2265,2218 2296,2215 2327,2213 2358,2210 2388,2208 2419,2205 2450,2204 2481,2201 2511,2199 2542,2197 2573,2196 2604,2193 2634,2191 2665,2189 2696,2187 2727,2184"/>
                <TextEquiv>
                    <Unicode>dem termin, da sy an und ußgahnd, wann</Unicode>
                </TextEquiv>
            </TextLine>
            <TextLine id="r2l42" custom="readingOrder {index:41;}">
                <Coords points="2102,2284 2236,2281 2379,2244 2429,2258 2446,2242 2722,2235 2718,2188 2099,2250"/>
                <Baseline points="2112,2277 2142,2271 2172,2267 2202,2264 2232,2260 2262,2256 2292,2253 2322,2250 2352,2247 2382,2244 2412,2242 2442,2239 2472,2237 2502,2235 2532,2233 2562,2232 2592,2229 2622,2228 2652,2226 2682,2225 2712,2223"/>
                <TextEquiv>
                    <Unicode>dasselb verflossen, albereit, verdient vnd</Unicode>
                </TextEquiv>
            </TextLine>
            <TextLine id="r2l43" custom="readingOrder {index:42;}">
                <Coords points="2114,2341 2263,2298 2341,2308 2471,2279 2494,2296 2589,2266 2668,2278 2710,2268 2706,2227 2449,2241 2420,2262 2380,2245 2235,2281 2201,2269 2180,2290 2108,2280"/>
                <Baseline points="2121,2316 2149,2312 2178,2308 2207,2303 2236,2299 2265,2294 2294,2291 2323,2287 2352,2285 2381,2282 2410,2280 2438,2277 2467,2275 2496,2273 2525,2270 2554,2268 2583,2267 2612,2266 2641,2265 2670,2264 2699,2262"/>
                <TextEquiv>
                    <Unicode>vf allen, Weliche gestalt ame, als sy</Unicode>
                </TextEquiv>
            </TextLine>
            <TextLine id="r2l44" custom="readingOrder {index:43;}">
                <Coords points="2121,2366 2217,2343 2251,2357 2338,2328 2462,2336 2549,2307 2675,2319 2710,2301 2706,2265 2684,2261 2667,2279 2587,2267 2398,2303 2264,2298 2118,2334"/>
                <Baseline points="2129,2351 2157,2347 2186,2344 2214,2339 2243,2336 2271,2333 2300,2330 2328,2327 2357,2322 2385,2320 2414,2317 2443,2314 2471,2312 2500,2310 2528,2307 2557,2306 2585,2305 2614,2303 2642,2303 2671,2303 2700,2301"/>
                <TextEquiv>
                    <Unicode>dem h. liecht von etlichen mith eröff</Unicode>
                </TextEquiv>
            </TextLine>
            <TextLine id="r2l45" custom="readingOrder {index:44;}">
                <Coords points="2128,2397 2417,2359 2486,2372 2619,2338 2713,2360 2740,2354 2736,2307 2668,2319 2600,2303 2569,2326 2527,2311 2446,2337 2343,2327 2125,2369"/>
                <Baseline points="2138,2390 2167,2385 2197,2380 2226,2376 2256,2373 2285,2369 2315,2365 2344,2362 2374,2359 2403,2356 2433,2353 2463,2351 2492,2349 2522,2347 2551,2345 2581,2343 2610,2342 2640,2340 2669,2339 2699,2339 2729,2337"/>
                <TextEquiv>
                    <Unicode>net worden, hatt er es darby beruhen</Unicode>
                </TextEquiv>
            </TextLine>
            <TextLine id="r2l46" custom="readingOrder {index:45;}">
                <Coords points="2129,2441 2480,2387 2547,2410 2630,2377 2689,2395 2740,2378 2738,2350 2591,2344 2125,2396"/>
                <Baseline points="2139,2429 2168,2423 2198,2417 2227,2413 2257,2410 2286,2405 2316,2402 2345,2399 2375,2395 2404,2393 2434,2391 2464,2388 2493,2387 2523,2385 2552,2384 2582,2382 2611,2381 2641,2380 2670,2379 2700,2378 2730,2376"/>
                <TextEquiv>
                    <Unicode>lassen, jedoch hierüber ein schyn begert,</Unicode>
                </TextEquiv>
            </TextLine>
            <TextLine id="r2l47" custom="readingOrder {index:46;}">
                <Coords points="2129,2471 2761,2419 2758,2381 2628,2381 2573,2406 2480,2386 2455,2407 2418,2395 2127,2440"/>
                <Baseline points="2139,2469 2169,2462 2200,2457 2230,2451 2261,2447 2291,2441 2322,2438 2352,2435 2383,2432 2413,2429 2444,2428 2475,2426 2505,2425 2536,2423 2566,2422 2597,2420 2627,2420 2658,2418 2688,2418 2719,2417 2750,2415"/>
                <TextEquiv>
                    <Unicode>der imme dann nachgehnden, mittwuchens</Unicode>
                </TextEquiv>
            </TextLine>
            <TextLine id="r2l48" custom="readingOrder {index:47;}">
                <Coords points="2121,2540 2146,2524 2213,2532 2283,2489 2701,2471 2697,2433 2566,2424 2535,2444 2471,2433 2448,2451 2227,2457 2115,2482"/>
                <Baseline points="2129,2514 2157,2508 2185,2502 2213,2497 2241,2491 2269,2487 2297,2483 2325,2479 2353,2476 2381,2473 2409,2471 2437,2469 2465,2467 2493,2465 2521,2463 2549,2463 2577,2462 2605,2462 2633,2461 2661,2460 2690,2460"/>
                <TextEquiv>
                    <Unicode>ggünstiget, vnd expediert worden</Unicode>
                </TextEquiv>
            </TextLine>
            <TextEquiv>
                <Unicode>445.
und diewyl sy das vorig verpott übersechen,
Ihra neben urteil gelt 9 lb den zur wol
ddenten straf abgenommen worden.
Bern
Belp
ützelflüc
schaffhusen
der Wirth vor Belp hatt solichen bericht
geben, die personen, mitt denen Hans
Nisod alhie gehandlet, sen Hans Riener
zu Schafhusen, und Jost hofer uff der mü¬
li zu Lützel flüe, denen habe er 1000 lb in
gelt versprochen und 1000 lb in wyn ent¬
richtet, von welichem er wirth ein vaß
empfangt, by der pinten zeverschencken
und sye imm die maß er das k geschetzt
worden. Hieruff erkent, es söllind
gemelte beid psonen vffn nechsten fry¬
ag har gehalten Reden
Schryben hierumb an beide Amptlüt zu
Burgdorff und Brandis.
engnouw, Büren
wischen H. Panthalerin seligen Wittwen
wird hr. david liecht, desselben nach fahr
Ist durch den h. schuldtheiß und decan zu
Büren ein sölicher bruch vermög ires
schreibens gemacht worden, das die wyl
der pfrund angnouw zukommen uff ho
hanni Jursumer sich terminiere, vnd
nun gedachte Wittwen die Pfrund sitt
der liechtmeß (da ir so selig gestorben.
entz verschinnen pfingsten durch den zu
helffer In Iremtosten versechen, Ire von
dessent wegen 11 monat, und h. necht,
wyl er den dienst mir 4 wuchen, als
von Pfingsten biß uff Johanni versechen,
der 12 monat gevolgen solle. Welchen
spruch, als uff der billigkeit gegründet,
ih gutgeheissen, wyl die pfrund uff
dem termin, da sy an und ußgahnd, wann
dasselb verflossen, albereit, verdient vnd
vf allen, Weliche gestalt ame, als sy
dem h. liecht von etlichen mith eröff
net worden, hatt er es darby beruhen
lassen, jedoch hierüber ein schyn begert,
der imme dann nachgehnden, mittwuchens
ggünstiget, vnd expediert worden</Unicode>
            </TextEquiv>
        </TextRegion>
    </Page>
</PcGts>
