4032 3024
1481 346 1575 425 512
1564 406 2084 572 sembtlich ihreren arbeit ein
1584 479 2072 613 beidersyts zu ehlicher pflicht, zu
1580 520 2076 644 sonderheit er, sy inn 14 tagen
1554 561 2071 675 z'kilchen geführt vermahnt und
1546 613 2077 732 hnen hierzu ein glüpt abgenommen
1527 651 2080 779 die E. dessen zur nachricht vnd
1532 690 2069 818 uffsicht verstendiget worden, das
1523 747 2065 857 mitt an derglychen lychtfertigen
1516 779 2078 896 gsellen, so in hoffnung ungnugsamen
1510 829 2069 932 bewysung sich usgeschwingen gmein
1512 883 2077 973 mitthin ein exempel statuiert worde¬
1583 945 1994 1048 Büren. Dießbach.
1507 1012 2039 1121 Martin Arn hatt sich ab dem H.
1527 1063 2041 1150 Sihs erklagen wöllen, mitt was
1519 1111 2042 1185 ungütlichen worten er inne über
1510 1147 2058 1234 das jüngst ußgebrachte schryben
1495 1190 2036 1264 empfangen. Ist aber biß uff deß
1492 1228 2056 1309 h. Sechs vnd deß Chorgrichts zu diese
1492 1277 2045 1347 bach Irem vorhaben nach ervolgend
1488 1305 2046 1397 bericht heim, vnd dahin gewisen,
1488 1344 1958 1428 uff ire alhar wiß zeachten.
1704 1421 1930 1501 Nynouw.
1507 1454 2031 1555 so Irs Wirtz ist über die anha
1500 1520 1986 1585 cob Buler vorem Waldt, der
1483 1539 2031 1620 Amptyung Arburg, in abhandlung
1489 1584 2036 1655 eines brieffs, so 900 fl. zugehalten
1482 1621 2040 1694 begangne vbertrettung der Refor¬
1480 1660 2006 1729 mation verhört, etliche gschrifften
1478 1692 2009 1765 abglesen, vnd zwar er lut der
1462 1732 2013 1804 selben buß, vnd straffwürdig
1456 1770 2007 1840 erfunden, Jedoch die volkommen
1460 1808 2014 1877 deliberatio biß vff mehrere an
1454 1851 2017 1926 zal nich (wyl etliche ußtretten
1437 1879 1990 1964 yngestelt, vnd er ab dem Costen
1440 1937 1983 2002 heimgewisen worden, also daß
1438 1970 1991 2049 hernach der bscheid dem h. Vogt
1442 2008 1806 2087 Zugeschickt so den sölle.
2119 2512 2170 2590 E
2724 439 2808 515 513
2161 513 2758 626 Frytags 27. Novemb. 1629.
2387 587 2527 654 Exsen.
2171 622 2710 727 zu kenner Bickhart Fuder
2349 688 2512 766 Minist
2178 743 2677 819 Hr Langhans H. Rütimeyer
2364 795 2454 856 Civ.
2164 839 2827 935 hr munnier zu von Werdt zu heimberg.
2164 902 2368 970 zu kein hart.
2190 948 2671 1063 Lönberg. Walckung
2169 1092 2740 1169 Wyl Ulrich Abi der vngebürlichen
2178 1157 2709 1205 vber die gaben Gottes ußgelaßnen
2173 1192 2704 1250 Worten, vnd Elsbeth Honig deß
2176 1224 2738 1280 getroüwten und uß wider mit für
2166 1269 2735 1324 genommen erhenckens, so durch den
2155 1302 2749 1371 hr vogt schrifftlich ab Inen geklagt
2161 1341 2729 1409 worden, endtlich gestendig gsin,
2163 1379 2727 1448 Ist zwar sy in ansechen iren entschul¬
2170 1431 2766 1483 digung mitt einer ernsthafften war¬
2159 1457 2761 1526 nung heimgelassen. Er aber biß an
2158 1502 2756 1566 montag in die gfangenschafft erkent,
2160 1542 2657 1612 vnd darby gerhaten worden
2195 1583 2714 1661 Ein Schryben auch vogt
2165 1615 2772 1700 Sölle beide Ehementschen für Chorg
2172 1675 2731 1730 forderen, vnd zu Ablegung ange¬
2171 1705 2729 1767 richter ergernuß dahin halten, das
2170 1739 2758 1804 sy alda Gott den herren, die E. vnd
2161 1777 2791 1839 menniglich, den sy dardurch verergkt,
2154 1818 2571 1887 umb verzychung pitten etc.
2189 1881 2646 1963 Burgdorff Signauw.
2219 1976 2265 2019 .
2156 1968 2787 2061 16. ßl. guide farck Huser, als Burgmeistern,
2171 2031 2774 2096 Ist uff syn selbs erschynen und begeren
2166 2064 2756 2138 ein schryben ertheilt worden an h
2172 2089 2792 2156 Gabriel Maser, daß er vff nechst¬
2172 2134 2756 2206 kunfftig Mittwuchen imme von der schuld
2158 2165 2772 2246 wegen, so Ime an Christen Nüwenschl.
2178 2195 2776 2269 geltstag zugeeignet worden, alhie mitt
2172 2228 2785 2316 bscheid und antwort begägne, und Culas
2161 2269 2789 2344 Mermet, als der zum Geltstag verordnet
2163 2306 2776 2379 gwesen, mitt sich bringen, oder aber
2197 2333 2781 2409 mit zu spreydung kostens vnd wyt¬
2182 2374 2668 2450 leüffigkeit vnklagbar mache.
2339 2423 2664 2506 Hertzogenbuchse
2203 2466 2742 2561 vyl nit allein uß andres München
2199 2526 2737 2595 gebruchter gmeinung deß byschlafs
2187 2558 2729 2637 ges Anna Gasser, dessen er doch
