4032 3024
1362 351 1453 432 326
1466 412 1930 557 Hern. Gollingl.
1417 538 2028 664 Anna Kauwerin halb sol ein fürtrag
1453 603 2028 693 an myn gnedig herren gestelt, und sic
1436 636 2021 712 In demselben von Irem so wol in den
1423 683 2032 754 Manualen verzeichneten, als sonst nur
1441 712 2031 795 zu vil bekant lang gewarten ver¬
1435 745 2027 834 dächtigem ynzug, argwönigen und er¬
1438 788 2009 884 gerlichem leben, ouch zweyen Iren
1422 829 1999 923 offenbaren fäleren, vnd anderen
1430 872 2010 952 hren bösen früchten, beschriben, vnd
1437 920 2018 999 sonderlich ouch yngesetzt werden, das
1429 957 2014 1044 ob man schon nit alle Ire fäler specifi¬
1424 1005 2032 1084 cieren könne, sy doch ein gmeine erg¬
1418 1050 2035 1110 liche person, die In Ir Glandt nit leug
1448 1083 2031 1150 fedulden sye, vff daß das vbel eint
1430 1127 2023 1202 weders durch gestrackte verwysung, oder
1426 1166 2023 1249 noch vorhargehnde ernstige erforschung
1414 1211 1990 1284 mitt der Marter, vß gerutet, wie¬
1651 1275 1768 1354 Bern.
1435 1357 2029 1430 Wegen Melcher Bumans deß trumme,
1469 1400 2019 1460 ters und synes gsinds fluchens und
1454 1434 2004 1495 Vatter wünschens, so von Inen vß geb
1451 1471 2029 1523 virt, an dem Sontag, da volgenden mor
1457 1510 2037 1577 gens der stral in den thurn geschoßen
1464 1534 2030 1605 getriben ze haben, sol H. Rütimey
1453 1575 2023 1636 er den Jungen Trommeter von Krouw,
1454 1611 2035 1681 als der by inen yn und uß wand¬
1447 1645 1822 1723 let, in gheim erhören.
1662 1703 1844 1789 Abbüßte.
1691 1764 1788 1830 Gutz.
1430 1821 2017 1912 udi Niclaus und Anni Wäber vmb
1421 1878 1818 1949 Die erste ledige fäler
1820 1836 1967 2032 .
2663 311 2757 378 327.
2057 349 2729 614 Nonner. Bulin beg
2297 535 2463 602 Ex sen.
2106 586 2441 693 er keiner Bickhart.
2273 641 2434 712 Minist.
2122 656 2677 779 so daran Schmid, Hr Rütimeyer.
2300 748 2382 821 20.
2110 790 2651 903 gekoch. H. Im hag. Hr. Monnier
2279 891 2535 979 Stouffen.
2123 953 2573 1055 Schaffisen. Lütwyl
2135 1043 2791 1121 athrina Hußman hatt Hans Vor der
2124 1096 2784 1169 Ehe angesprochen, mitt anzeig, daß er si
2125 1128 2775 1200 beschlaffen, vnd geschwengeret habe. Dargegen
2115 1162 2809 1229 er die Ehe versprechung meinet, deß byschlaff
2120 1210 2814 1276 zwar bekantlich gsin, jedoch sich der schwenge¬
2114 1249 2790 1314 ung, und daß imm das kind gehören solte,
2114 1300 2801 1355 entschuldiget, wyl sy noch nüt groß, er
2108 1330 2800 1394 aber sitt Gallen tag nie by ira gsin spe¬
2127 1371 2775 1421 tenwyl nit allein er, sonder andere
2109 1404 2776 1475 mehr, vnd sonderlich Joachim Oberlin von
2117 1447 2786 1513 entzburg seyn mittknecht, der sich dessen
2126 1491 2793 1554 derumt, sya beschlaffen habe. Weliches
2115 1535 2798 1593 y aber gentzlich, ouch by erpietung Eids
2103 1570 2801 1632 verneinet, vnd vermeldet, daß kein ander¬
2110 1602 2782 1663 er weder vor noch nach Ihm als er, vnd
2114 1651 2780 1701 zwar ouch sitt S. Gallen tag vnder
2116 1679 2793 1740 2. malen, einist vorm nütken Jar, das
2110 1727 2801 1790 ander mal vmb liechtmeß sy beschlahen
2104 1767 2823 1835 habe. Wyl nun jeder uff synem fürgeben
2105 1801 2817 1870 verharret, ist zu erforschung der Warheit,
2109 1842 2781 1901 das meitli biß vffen nechsten Mittw
2120 1875 2814 1952 hinab erkent, Er aber, wyl er albereit
2123 1924 2833 1995 zu sentzburg 19 tag inngelegen, uff fryem
2113 1958 2808 2031 fuß glassen, vnd domaln nach dem Jeder
2117 2021 2812 2068 by syner meinung vbliben, erkent worden
2111 2055 2827 2109 diewyl er der Ehe versprechung nit gu¬
2132 2083 2800 2153 tiglich wölle bekantlich syn, und sy die
2125 2122 2828 2193 nit erwysen könne, Ire ansprach der Ehe
2125 2164 2817 2228 vfgehert, Jedem sich anderfahrt zu vereh¬
2120 2208 2839 2266 lichen verloupt yn, jedoch sy biß vff ent¬
2122 2242 2805 2308 ledigung iren lybsfrucht warten, und so sey
2138 2301 2823 2349 ime denzmalen in der geniße dieselbe
2140 2321 2847 2385 wie brüchlich bim Eid zu eignen wirt, er
2134 2355 2838 2430 söliche empfachen, vnd dry Cronen für
2134 2396 2790 2466 die kindbette. Ouch zu monatsfrist
2140 2430 2823 2501 vnder gewonlichem vorbehalt ira 20 lb.
2136 2471 2824 2542 für den krantz ußrichten, vnd hieneben
2143 2515 2832 2578 Jeder syn Costen diser sach an ihm selbst
2145 2548 2817 2641 haben. Der H. Landtvogt dem
