4032 3024
1402 357 1512 450 520.
1473 456 2031 592 richten, die gemelte ußgeschessen,
1451 509 2021 635 harüber sonderbar censuriert,
1438 561 2027 674 und sich ins künfftig sölicher et
1448 597 2020 714 traordinari forderungen ze müssigen
1430 652 2041 754 gmahnt, dem h. Ichs dann
1431 701 2026 806 zugeschriben, das er sich syner rit,
1451 746 2011 842 Conen halb der Reformation p.
1436 790 2023 880 92. nachrichten vnd halten, der
1416 830 2025 932 Schryber vnd Weibel aber, was
1435 872 2028 976 jedem gmög der grichtsordnung
1435 928 2024 1020 gebüren möge, zu empfachen haben,
1418 963 2023 1057 Vnd so zwüschen Inen aller syts tar¬
1417 1017 1999 1098 tyen etwas vngütlicher worten
1418 1053 2013 1143 rüffen, dieselben sambt dem
1417 1101 2011 1187 Osten, keinem theil an ehren schei¬
1416 1148 2012 1228 lich zu syn, ufgehept syn söllindt
1417 1197 2032 1260 Zieneben Ist dem Arn zubunden wor¬
1411 1243 2018 1314 den, syn freute nit mehr so vnge¬
1408 1286 2015 1362 bürlich, wie letstlich geschechen, ze¬
1399 1323 1970 1401 tractieren, vnd, damitt er desto
1413 1366 1969 1441 fridlicher mitt ira leben möge,
1403 1408 2010 1488 ein sonderbare hußhaltung anze¬
1386 1452 1535 1531 stellen
1610 1494 1798 1585 Worb.
1553 1518 1612 1572 6
1417 1577 1952 1660 Elsbeth Känel wider Hans
1426 1626 1977 1693 Bientz yngetkendte Eheansprach¬
1424 1673 1977 1736 weyl sy dieselbe vff Ihn nit be¬
1401 1706 2001 1779 wysen können, und also lychtfertig
1412 1746 1977 1813 mitt der sach vmbgangen, Ist vf
1435 1787 1985 1855 gehept, beiden anderwertige er etc.
1417 1826 1991 1889 schlachung erloupt, so fehr das sy bis
1423 1862 1997 1925 nach Irer genißt sich vnuerehlichet
1411 1911 1972 1967 enthalten, und so sy imme denzmale
1415 1940 1972 2008 das kind, wie brüchlich, bin Eid
1415 1984 1956 2045 zueignen wirt, er ira dasselb
1423 2013 1966 2079 abnemmen, und in gebür uferzüchen
1410 2057 1978 2119 Fra 38 für die kindbetti uß
1406 2095 1935 2161 richten, vnd hieneben, wyl er
1407 2128 1959 2198 sy zu synem willen verfelt, fran
1404 2171 1930 2234 allen imm und billichen von diser
1403 2213 1956 2281 sach wegen erlittnen Costen abtragen
1397 2255 1975 2315 sölle, beide hie abbüssen, vndt
1388 2292 1941 2359 deß knaben bystand gemelter
1377 2331 1919 2405 Elsbeth von synes sohnswegen
1392 2371 1929 2439 entrichten, was er ira an kinden.
1397 2375 1993 2481 bettiersten noch schuldig syn möchte.
1602 2457 1817 2546 Rünitz.
1415 2506 1974 2583 Wyl Hans Stückli syn ansprach
1415 2573 1950 2626 der Ehe antlibeth Scherler mitt
1406 2597 1965 2664 keinem grund erzeigen noch bewys
1405 2631 1974 2708 können, Ist söliche nichtig erkent,
2624 388 2787 485 7. 521
2208 452 2779 554 beide In die fryheit gesetzt, sich
2107 507 2731 607 wol ander fahrt hrem glück nach
2125 553 2721 657 zesehlich, jedoch das sy es zuechst
2127 576 2779 706 förmlich fürnemmen und die tochter
2112 632 2777 751 so sy ein hin nüt begert, sy desselben
2115 673 2775 800 gmeinschafft müssig gahn sölle, der
2110 723 2791 830 Costen dann vmb gwüsser Vrsach wil
2132 771 2497 869 Vettgeschlagt worden
2302 838 2547 926 vangen
2166 879 2215 949 1
2141 905 2770 1019 vyl Barbara Wickihalter sich ab
2137 977 2789 1046 Eurs Weibel hiemit heman der vnuer
2126 1009 2781 1087 mügligkeit, so er ihra in irer ehlichung
2119 1055 2787 1129 verhalten, vnd In der ersten nacht ge¬
2142 1091 2779 1166 öffenbaret habe, erklagt, Er deren
2132 1133 2793 1206 ouch selbs bekantlich, Ist ein Tedel
2131 1176 2775 1249 gerhaten an die H. Doctores, Inne
2120 1219 2789 1285 vmb disen puncten zubesichtigen, vnd
2140 1259 2748 1325 ob imme nit etwan durch gebürlich
2138 1313 2783 1372 mittel geholffen werden möchte, sich zu¬
2124 1341 2350 1410 berhat schlag
2146 1415 2602 1494 Bangen Künitz
2146 1495 2791 1586 Serena Timmerman, Uli Marthalers
2154 1563 2785 1627 deß wirts abgescheidne, hatt ich ab
2135 1601 2758 1664 gemachter verglychung Ires zytlichen,
2137 1631 2766 1699 guts halb erklagt, Er aber darüber
2130 1671 2749 1733 ein verdanck begert, der imme auch
2131 1712 2752 1775 bewilliget, vnd Inen nechstkünfftiger
2127 1742 2781 1818 montag, denzmalen mitt Iren beider¬
2136 1788 2751 1859 yts gwarsamen, und wessen sich jedes
2138 1830 2763 1905 Zūbehelffen gmeint, zu erschynen, be¬
2138 1874 2379 1932 stimpt worden.
2164 1939 2306 2011 Bern.
2395 1925 2558 2022 velp.
2161 1998 2800 2079 Hans von Wattenwyl und fr Mad
2164 2056 2791 2109 lena von Luternoute syn ehewyb söl
2169 2085 2737 2143 lend von Irer nun lang gewarten
2157 2127 2780 2188 sündung wegen, uffen montag hat.
2159 2156 2374 2221 bescheiden von d
2174 2185 2730 2255 schryben Irenthalb aus Chorgricht
2153 2232 2335 2307 zu Belp¬
2134 2292 2729 2373 Signouw. Burgdorff.
2165 2372 2744 2450 Z. Gabriel Mater hatt sich schrifft¬
2173 2423 2789 2480 lich verantwortet, das wann hr. hank
2181 2459 2763 2514 huser imme die handt gschrifft für zeige,
2175 2492 2752 2553 dieselbe, wo sy umb 12t verzeigt,
2171 2534 2749 2584 löse, oder dann er die lösen musse,
2166 2561 2794 2636 immme söliches erschiessen, und in der rechnung
