4032 3024
1496 301 1564 368 86.
1769 310 1991 405 daver
1590 405 2204 516 bwol Margreth Tüller uff Irem
1585 462 2185 552 fürgeben deß not zwangs verbliben
1584 500 2172 574 jedoch und die wyl nit allein tru
1568 535 2190 630 denselben vneinet, sondern ouch
1591 576 2177 652 nie oben gemeldet, die vmbstand
1572 611 2180 709 denselben Im wenigsten zu gebend,
1561 655 2182 739 und dann Willi Hutzli, ir eheman,
1574 704 2201 795 tra den begangnen und bekanten fäler
1569 729 2201 821 über ir vmb verzychung pitten, vnd an¬
1558 768 2196 853 erbottne besserung, anderst nit, dann
1555 820 2183 896 vnder sonderbaren conditionen, als
1541 858 2180 941 so man befinde vnd erkennen möge.
1544 897 2175 972 das Ir fürgeben deß zwangs war¬
1549 942 2191 1014 hafft sye, vnd so fehr dem nach es Ita
1543 994 2184 1065 an ehren nüt schaden sölle, weliches
1555 1032 2190 1113 aber nicht, als ein vngerymt ding, nit
1557 1074 2182 1149 billich heißen können, vbersechen vnd
1567 1117 2173 1187 sich versuchen lassen wöllen, Ist das
1556 1148 2192 1233 ehliche band zu trafft der Satzung zwü¬
1569 1188 2150 1255 chen Inen vfgelöst, het wädern das
1563 1227 2149 1304 gewohnt wartzil, vnd die actriction
1562 1284 2156 1357 deß erkauftnuß nemmens, sonderlichen
1568 1312 2176 1387 imme, das er diejenige Person, mitt deren
1569 1345 2180 1421 er sich ze verhüraten zu willen kommen wur¬
1556 1387 2164 1469 de, alhie stellen, vff das derselben syn
1558 1425 2149 1507 beschaffenheit, das er namlich ein zu¬
1566 1479 2149 1550 mittig, eröffnet Erde, ira aber
1543 1521 2144 1592 das sie der besserung halb von dem
1556 1549 2173 1643 ort, da sy entzwüschen sohnen wirt
1555 1596 2155 1677 ein glaubwürdigen schyn mitbringen
1561 1634 2170 1715 zieneben dann imme allen tumm und bill
1560 1671 2165 1769 ihen Costen diser sach abtragen solle,
1555 1707 1854 1791 vfferlegt worden
1580 1791 2170 1886 segen ires nächtlichen glouffs und kil
1593 1840 2153 1932 tens ist et vnd gemelter Ernhe
1565 1874 2059 1961 des vmb 3 lb d. gestrafft
1568 1939 2107 2031 denne irer der frouwen abbussung
1579 1985 2122 2062 halb, daß sy dieselbe droben zu
1558 2013 2168 2105 Sanen ußstahn möge, ira bewillig
1561 2057 2156 2142 et, vnd dem hr. landtvogt zuge¬
1556 2089 2160 2177 schriben worden, das er ira ohne ab¬
1584 2125 2160 2219 zug dessen, was sy hie ußgestandt,
1578 2169 2157 2254 die volkomme straff nach zuhalten
1573 2207 2136 2313 der nüt von Ordnung erden lassen
1572 2234 1673 2299 sölle.
1595 2293 2145 2399 In aber angen 20ten und sonder
1604 2335 2148 2436 nücht sie abzebüssen zugelegt, und
1585 2375 2149 2479 hieneben der durch Gutzli zustendig
1588 2402 2168 2514 begerten verwysung uß dem kilch¬
1603 2440 2171 2556 päl (wyl die satzung soliches nit
1599 2471 2095 2600 vermag ledig erkent worden.
2964 319 3013 389 7.
2518 333 2760 417 sanen
2317 423 2964 516 Hans Ansermet Ist ebenmessig, wie
2314 476 2978 542 der Tüllerin, vff syn begeren, das er
2305 505 3010 584 zu Sanen abbüssen möge, bewilliget,
2308 546 2961 625 jedoch dem hr. landtvogt beuolchen
2305 585 2971 672 vorden, inne 20 tag und souil nächs
2306 618 3015 705 one anrechnung der hiesigen gfl.
2293 670 2994 743 zu wasser, muß vnd brot in der ge¬
2303 713 2968 797 fengknuß enthalten, vnd also die nüwe
2299 762 2979 837 Ordnung anzuen beide angehept, wi
2313 801 2978 867 sölle gmeinen sandtlich zu einem ex¬
2307 844 2990 927 empel, uß welicher betrachtung
2302 889 2976 962 dann obberührte vergünstigung zwey
2304 936 2693 1019 desto eh verlangen.
2457 1018 2692 1100 Muri
2323 1096 2962 1173 Caspar Boren hatt wider Elßbeth
2336 1151 2953 1217 Bichsel, syn Ehewyb, die schidigung
2322 1198 2945 1257 begert, wegen sy kurtz truckter
2330 1230 2976 1292 zyt sich in ehbruch vertiefft, vnd also
2324 1261 2993 1327 an imme mißhalten habe. Nach dem nun
2328 1304 2983 1374 sy nit ab syn können, denn daß sy sich
2322 1348 2964 1421 mitt Batt Bachman von Rychingen In
2329 1386 2987 1458 ehbruch vergessen, vnd gesagter Ir Ehe¬
2323 1434 2971 1502 man mitt synem Rechte nit erwind
2307 1472 2953 1540 wöllen, Ist das ehliche band zwusch
2948 1501 2998 1539 .
2337 1517 2930 1570 Inen beiden vffgelöst, vnd ira der
2324 1556 2958 1632 Costen, mitt diser sach vffgeluffen
2320 1595 2949 1675 imme in zimme und billigkeit abzutragen
2325 1643 2957 1716 vfferlegt worden. Mitt gewohnter
2330 1688 2953 1757 clausul deß wart sils, erloupt¬
2330 1740 2973 1805 nuß nemmens, vnd schyn bringens,
2322 1772 2970 1845 ad forma. Ir buß vnd straff be¬
2330 1826 2963 1894 treffend, sol sie die hie angentz an
2336 1858 2661 1920 die handt nemen
2564 1921 2673 1989 vorb
2356 1970 2657 2051 An die 2 schryben
2363 2012 2965 2086 Gemelten Batt Bachman, ouch
2340 2056 2846 2122 zuher In die buß gehalten
2488 2128 2749 2213 Signouw.
2347 2195 2764 2277 An herrn Predicanten schryben
2347 2254 2993 2325 Ob gedachte Bichlin Ir In Ehbruch er¬
2359 2295 2964 2356 züget Kind ehlich oder vnehlich be¬
2350 2334 2967 2403 touffen, vnd wen sy zum Vatter an¬
2357 2366 2809 2445 geben habe, nach zu berichten
2537 2429 2756 2499 Waleren
2330 2474 2982 2567 H. Müllheins sach, wyl syn frouw
2368 2535 2951 2611 nit mitt imme erschinnen, Ist biß
2354 2573 2944 2639 uff frytag yngestelt, vnd dem
