4032 3024
1282 343 1391 438 838.
1371 409 1999 539 kilchgang lut der l schrybens s
1386 480 1519 529 funden,
1529 485 1984 561 daß sy dem Amptsman
1364 517 1988 610 daselbst gelt, vnd andern entfröm¬
1363 564 1984 654 det, vnd deßhalb vssein landt ge¬
1370 596 1981 679 wichen, die schidigung, vnd er¬
1371 641 1991 737 louptnuß, sich anderfahrt zuvereh¬
1372 691 1683 763 lichen, erlanget.
1627 778 1975 862 Arch. Büren.
1368 855 1998 949 zwüschen Barbli Hottenberg vnd Jo¬
1412 923 2002 987 seph Schwab, wyl die töchter ze
1389 936 1996 1026 Geansprach vff syn vneinen nit er
1388 995 1996 1075 wysen können, erkent, daß sy von
1388 1041 1999 1114 einandern gescheiden, Jedem sich ander
1386 1085 2011 1170 wertig zu verehlichen erloupt syn, je¬
1387 1129 1995 1212 doch sy biß nach entledigung irer
1386 1175 2000 1251 lybsfrucht warten und so sy dann
1393 1217 1985 1289 imme in der genicht das khind bim
1385 1259 2002 1326 Sid zueignen wirt, Er, als der des
1394 1288 2015 1370 byschlaff bekantlich) ira dasselb ab¬
1386 1350 1999 1415 nemmen, in Gottsforcht uferzüchen
1392 1376 1990 1462 3 f. für die kindbetti, sampt allem
1388 1420 2007 1504 zimm, vnd billichen Costen diser sach, und
1392 1472 2005 1551 hieneb 25. r für den krantz jedoch
1381 1509 2008 1579 under gewontem vorbehalt zu monat
1387 1555 2021 1631 frist usrichten, und jetwäders al
1388 1595 1745 1670 hie ablissen solle.
1389 1668 2004 1774 An S. Schs zu Büren, und das Chorgricht,
1412 1724 1670 1787 zu Urch schryben
1404 1755 1997 1834 Söllind sich in disem handel, vnd anden
1414 1801 2021 1878 Gast Chorgrichten, deß Rytlohn hoüschens,
1409 1839 2007 1918 vnd anderen Costens vssert dem bestimp¬
1405 1884 1997 1961 ten guldig, vberheben, vnd allengelich¬
1398 1917 1995 2014 by der Satzung verblyben, by peen der
1399 1953 1565 2032 gleidung
1411 2042 1971 2154 Signouw Münsingen
1421 2142 2022 2245 sjeniger Cle verheissung zwüschen Elß¬
1413 2190 1993 2274 beth Baltz und Peter Blaser, ist durch
1414 2230 1999 2307 Inne vermeldet worden, wie nit wenig
1399 2265 1982 2345 dann daß er ira im wirtshuß zum wyssen
1414 2297 1988 2382 Crütz zu Rignouw, da sy by dem führ
1412 2341 2000 2416 gesessen, die Ehe verheissen, aber andrist
1414 2377 2024 2471 nit dann uff ir fürgeben hin, daß sy chri
1424 2407 1999 2502 ten Mosers zu Hüntzigen tochter sye.
1417 2445 2001 2555 So nun sy Inne darmitt betrogen, vnd
2049 1473 2083 1544 c
2595 264 2706 349 237.
2085 341 2689 506 aach diser gethanen versprechung vff
2079 406 2676 540 dem oberen Bertlisperg, by einem
2071 437 2667 588 Alsknecht, namens Hans Gyger hin
2069 488 2673 632 harbett vbernacht gsin, hatt er vß
2068 531 2689 675 disen beiden, vnd anderen Im Schryben
2085 584 2684 720 gegriffnen Vrsachen verhoffet, er von
2098 622 2709 744 a der Ehe halb ledig gezellt werden.
2075 669 2741 796 vnd obwol er dann fleischliche gemein¬
2101 712 2692 838 hafft bihra gehert, dahar ein khind
2087 769 2703 873 ersitet worden, ihmme doch söliches zu
2082 813 2700 928 keinem fäler vnd entgeltnuß dienen
2083 861 2754 966 sölle, wyl er ira einmal zu vor glych
2075 911 2716 1011 wol uff ir faltsches fürgeben) die
2499 966 2695 1028 dargegen
2083 964 2490 1066 Ehe verheißen gehept etc.
2091 1008 2728 1097 sy yngewandt. I. sey werde sich nit er¬
2082 1054 2744 1153 finden, das sy sich für Mosers tochter uß.
2089 1089 2736 1185 geben habe. 2. sye das Jenig, was von
2089 1136 2752 1225 der alt gemeldet worden, dessen sy nit
2097 1181 2755 1266 ab syn können, der ehe verheißung zu dig
2093 1231 2757 1308 nouw vorgangen. Dann hanes zu anfang
2098 1283 2739 1356 Brachmonats, dises aber zu ußgehnde
2093 1319 2751 1391 brachet geschechen sye, und zur zug
2096 1372 2749 1440 nuß desselben zugefuhrt, das sy doch
2099 1413 2724 1479 uff nütten heute, als das nit im
2093 1449 2758 1525 Meyen zugemacht werde, by einandern
2102 1498 2751 1575 gelegen. Wyl aber die kundtsch
2099 1540 2746 1614 mehr dem Blaser, als ira zu gunst
2085 1586 2775 1661 dienet, Ist vor absprechung vber di¬
2101 1632 2743 1701 senhandel an die E. wider geschribe
2080 1673 2765 1743 worden, sollind vff nechstkünfftig
2076 1726 2795 1784 Mittwuchen die beid ersten zügl., nam¬
2096 1771 2793 1842 lich david Schallenberger und Jacob Spil
2102 1810 2736 1890 man, weliche bestätiget, das bey deß
2082 1854 2745 1923 Mösers inen entlehnt habe, mitt
2096 1897 2742 1968 bericht, was uff Inen und irer ussag
2101 1939 2770 2019 zuhalten, ußnlich harschicken etc. ent
2106 1984 2772 2064 zwüschen sol Blaser daunden Im doch
2126 2037 2286 2095 ausieren
2228 2090 2781 2196 Wynoull. Inquil
2139 2164 2791 2256 Owol Caspar Kuntzigker syn tochter
2148 2227 2774 2285 Barbel dem Andres Amman Zūr
2139 2262 2785 2329 Ehe versprochen gehept, Jedoch vnd die¬
2156 2304 2763 2367 vyl soliches zu iren der tochter Will
2156 2348 2784 2419 gesetzt worden, die nun sich erlü¬
2155 2382 2833 2443 teret, das sie denselben niemalen dar¬
2148 2422 2827 2498 yn gegeben, ouch noch zur stund kein lust
2166 2461 2802 2534 zu Ihm habe, und synen uber nüt
2150 2503 2806 2581 wölle, der Thaler dann ira vnge¬
2155 2549 2807 2623 schoben worden sye, ohne daß er
