4032 3024
1336 350 1446 433 288.
1405 407 1996 533 villig, deßglychen er der kundt¬
1405 469 2002 580 schafft, mitt deren er ein absolut
1392 513 1980 616 versprechung zu erwysen sich verwagen,
1408 560 2001 671 sich entzogen, vnd die sach nicht zu
1396 602 1528 671 gestelt
1593 608 1985 688 Derhalben dise Ehe¬
1395 640 2003 740 ansprach uffgehept, und jetwäden,
1409 690 2003 780 sich anderfahrt zuersehlichen erlaut
1412 736 1998 829 yn, sy imme an synen kosten e
1381 777 1992 879 stühr 3 t. entrichten, den übrigte
1384 829 1985 917 des an sich selbs haben, vnd Ir vndt
1388 874 2003 971 dem anderen, was es von Imme empf
1395 923 1994 1015 vnd nit widergebe, restituierten
1420 967 1514 1022 solle.
1400 1046 1949 1129 Heinrich Sutz dem predicant, so
1403 1097 1968 1175 obgemeltem synem bruder zuge¬
1399 1138 1988 1211 standen ist uff syn mundtlich ge¬
1399 1174 1968 1253 thane frag anzeigt worden, das
1406 1220 2002 1300 zu Eheansprachen, da die elteren,
1393 1268 1979 1341 vögt fründ und verwandte vor
1393 1317 1993 1381 behalten werden, glychwol aber
1399 1360 1993 1416 Iren vorbehaltnen consens vnd will
1403 1393 1994 1465 nit darzu geben wöllend, die
1402 1436 2008 1507 tyen alhar gewisen weden söllint,
1380 1472 1988 1539 Was aber für Eheversprechungen
1387 1519 1997 1589 vff ein eh tag vnd beredtnuß hinge¬
1399 1565 1984 1627 schechind, soliches aber nit volg
1411 1598 1993 1673 gewünne und zerschlagen werde, das
1399 1637 1995 1717 selb vorm vndern Thorgricht vß¬
1399 1682 1789 1763 gemacht werden möge.
1402 1749 1875 1841 Blumenstein Mett
1408 1841 1987 1933 Hr Johan Völckli vnd H. Abraham
1412 1901 1990 1967 valck sind wytleüffig und aller lenge
1407 1943 1987 2011 nach in irem habenden span verhört
1405 1988 1953 2054 worden, welicher fürnemmlich in
1413 2024 1989 2095 nachvolgenden puncten bestaht. I. zu
1399 2069 1990 2145 begerter wider ynrumung der Jenigt
1396 2116 1998 2185 Reben, weliche H. Völckli hiebeuor
1393 2153 1978 2228 von Thoman Rast synem schwager
1393 2193 1999 2264 keüfflich an die handt genommen, vnd
1405 2238 1992 2311 zum grösseren theil bezalt, sider¬
1399 2274 1966 2347 har aber durch her falck, dem
1400 2323 1986 2393 sy von gemeltem rast umb 200 l.
1387 2365 1996 2439 haupt gut zum underpfandt ynge¬
1416 2405 1993 2475 setzt, wegen sinniger zalung der zinsen
1399 2438 1994 2512 Rechtlich angriffen, vnd volkomm
1405 2481 1970 2562 Jedoch wider die form Rechtens
2571 277 2664 358 289
2067 324 2638 492 dessenen der beide gehalte
2064 382 2684 540 segantet, ouch volgents ein ein
2063 430 2599 584 drittman verkoufft worden
2067 465 2679 624 In begerter ersatzung dessen,
2090 526 2694 652 vas Thoman Rast von etwas Jehr¬
2097 568 2714 697 ung, sonderbarer diensten, vnd der¬
2092 604 2709 752 lychen sachen wegen an sich falck ze
2073 656 2660 802 forderen, wie sonderlich ouch
2080 703 2655 833 eines Schuld zedels, Inhaltend
2086 753 2690 869 vns dessen vatter imme in syner
2086 810 2714 924 hugend, als er hie gestudiert, ge¬
2089 913 2141 965 liche
2098 892 2731 1024 In anfechtung deß Gültbriefs vmb
2099 956 2738 1051 die 200 lb. als solte der wider
2087 990 2688 1103 die Reformation vfgerichtet syn
2089 1037 2703 1136 vnd hiemitt H. Falck wider
2102 1086 2713 1180 in Eid gehandlet haben. Deßen er
2108 1123 2713 1222 ich erklagt, In einem Ledel durch
2100 1174 2736 1275 h. Völckli beschuldiget worden syn.
2094 1232 2734 1322 hieruff sy wegen verfloßner zyt zu
2110 1281 2732 1368 einer fründtlichen verglychung und
2109 1326 2754 1401 hnen gefellige herren darzu genemen
2109 1359 2713 1447 gewisen, vnd hieneben deß beruhrt
2111 1383 2758 1492 Gültbrieffs halb erkent, wyl ge¬
2097 1451 2763 1532 dechter Rast deß orts unklagbar, vnd
2103 1493 2757 1578 deß gelts halb kein schaden noch nach¬
2119 1543 2757 1613 zug gelitten, s. falck deßwegen un¬
2116 1582 2730 1663 straffbar sein, vnd ledig vßgahn
2086 1645 2203 1713 sölle.
2286 1669 2536 1758 Nangen.
2319 1710 2731 1803 Bern Bümplitz
2118 1801 2774 1880 An Vorena Zimmerman hatt die sonder
2131 1860 2763 1921 bare enthaltung am armysen uffem
2134 1894 2739 1961 Esterich sovil gewürckt, daß sie
2128 1937 2771 2004 widerumb uff Ire erste klag ge¬
2144 1981 2785 2039 fallen und die ufwysung uff Elß
2132 2026 2746 2099 beth Land, die by vnd neben fra¬
2131 2062 2754 2133 Im loch gelegen, trächen: dieselbe ab
2128 2101 2794 2185 dessen nit schuldig syn wöllen und ira
2123 2150 2775 2226 das die wort vnd reden ander gstalt
2126 2193 2782 2267 als sy fürgeben, under ougen erhalten
2132 2237 2771 2310 Hieruff nun erkent, daß sy wider
2142 2280 2802 2348 In das gmeine loch gelegt. Zu Andres
2143 2322 2751 2373 vnd denne auch dars Berchteler
2159 2371 2759 2419 von dem anzogen worden, das er
2159 2390 2782 2456 uff allen verkauff disers handels ge¬
2160 2439 2803 2501 spächt und vermutlich ouch dise polt
2180 2477 2801 2548 schafft getragen habe uffen frytag
2161 2514 2610 2604 scharbscheiden werden sölle.
