4032 3024
1395 362 1524 436 374.
1499 441 2083 581 Anzeigt worden, daß er wol mehr
1519 516 2065 621 ers verdient hette, und zur straff
1506 566 2069 669 inn die gfangenschafft biß frytag
1519 617 2072 705 erkent, mit vermahnung, sich ins
1498 667 2086 776 künfftig ze demutigen by betröüwter
1510 720 1734 794 verleidung
1630 833 1908 921 hochsletzen.
1477 910 2059 1008 Anna Frauwer spricht Steffan
1491 976 2064 1050 Moser der ehe an mit vermelden, das
1508 1022 2062 1100 er imme die uf vatter und miger ge
1507 1068 2069 1136 fallen hin versprochen, darüber er
1513 1118 2077 1183 zwar deßelben bekantlich, und syns
1511 1149 2049 1236 theils willig were, jedoch ynge
1497 1195 2091 1273 wandt, daß der Vatter sich geschwungen.
1501 1245 2081 1329 wyl er verstanden, daß sy ein anderen
1493 1289 2044 1365 inn ir gmach zunhyn gelaßen.
1506 1339 2046 1415 welches sy aber verneinet und ver¬
1510 1383 2047 1458 meldet, daß nit allein der selb von
1500 1429 2050 1513 sich selbs und ira unbewüsst ins
1504 1474 2068 1555 gmachkommen, wyl er im huß gedien
1490 1522 2081 1588 net, sondern auch ira nüth unehrlichs
1503 1565 2050 1647 zugemutet, erkendt, es sölle deß
1508 1611 2079 1692 Jünglins vatter und der verdächtig
1511 1651 2061 1740 knecht, uf nechsten frytag sampt
1495 1701 1963 1790 den parteyen farkommen.
2713 333 2841 405 375.
2167 455 2707 576 frytags 21. aug. 1629.
2197 510 2706 658 ph. her Venner Bikhart Jud.
2260 586 2600 664 d. ministri ambo.
2248 618 2693 702 d. cives omnes quatuor
2191 767 2765 887 Rapperswyl. Kilchberg.
2517 835 2698 904 Afflig
2183 911 2852 1012 Elßbethheß hatt Ire sach also erzelt, als
2202 965 2846 1048 sy verndrigen Jars neben Bendicht Jacob
2202 1001 2846 1085 hrem jetzig Eheman geschnitten, hab int
2192 1040 2848 1123 sy ein andern die Ehe versprochen, vnd
2203 1079 2835 1169 fleischliche bywohnung gehebt, also
2197 1122 2828 1215 das sy dahar von Imme schwanger worden
2200 1163 2829 1250 Nach demselben sye er Ins Basel ge¬
2209 1211 2822 1285 piet dem schnydet oder ämbdet nach¬
2206 1245 2814 1330 gezogen, vnd ira entzwüschen von zwey
2206 1289 2824 1366 mannen anzeigt worden, das er alda
2209 1332 2832 1403 todts verfahren sye. Weliches sy ge¬
2203 1378 2838 1451 gloubt, vnd deßwegen vff Irer muter
2206 1420 2768 1482 bruders, mitt namen Bendicht ysel
2208 1451 2815 1522 rhat vnd anhalten, sich mitt Bendicht
2193 1498 2803 1559 Schumacher ehlich versprochen, vnd
2191 1542 2815 1592 zu imme in syn huß begeben, als deßen
2201 1580 2827 1652 Ehewyb der hußhaltung pflegt, vnd
2194 1622 2838 1697 angefangen äfferen, bündnen garten etc.
2193 1663 2847 1731 Glych darnach, vnd ein wenig vor Irer
2200 1715 2849 1766 genißt sye Bendicht Jacob Wider heim
2197 1754 2816 1804 kommen, sy sampt dem kindt für die
2205 1788 2842 1850 synige angesprochen, dessen sy wol
2204 1821 2864 1901 zfriden gsin, vnd hieruff den kilchgang
2206 1863 2524 1926 nitt imme verrichtet.
2208 1902 2810 1979 Off weliches gemelter Bendicht Schu¬
2199 1957 2843 2011 macher nit allein der Eheversprechung
2208 1989 2837 2045 bey, vnd gutwillig, sondern ouch deß
2204 2029 2846 2097 byschlafs, den sy imme under augen erhalten.
2203 2055 2666 2108 endtlich bekantlich worden
2666 2068 2805 2127 Vnd
2209 2094 2820 2155 hieneben vermeldet, daß sy ime für¬
2213 2130 2855 2205 geben, das kind sye deß schmidknechts
2208 2164 2438 2225 von Copping
2208 2202 2874 2267 dessen sy zwar anred, vnd aber sich ent¬
2213 2239 2872 2313 schuldiget, sy sye nit besinter gsin und
2208 2283 2844 2342 von anderen daruf angewisen worden
2199 2319 2860 2393 habe aber mitt demselben fleischlich
2197 2359 2853 2427 emischung, oder der ehversprechung
2194 2386 2645 2452 halb nüt zeschaffen gehert
2232 2426 2856 2524 diewyl nun ir eheman nit allein das
2158 2452 2823 2550 Jenig, was sich in synem abwesen
2217 2516 2837 2596 mitt dem Schumacher zutragen, wol
