4032 3024
1483 240 1563 312 82.
1585 303 2187 460 ergangen, also das sy ir recht allen
1583 373 2162 499 lich verfügt ist ira erkent en
1580 429 2151 559 scheidbrieff, darneben auch ein
1569 516 2180 643 schryben an landvogts daselbsten
1562 567 2163 693 das fürohin die personen, so geschen
1578 624 2152 748 selber iren sachen nach zegahn,
1573 688 2169 799 gewisen werdind costens halben
1587 747 2157 875 sol sy sich uff synem gut fahls
1590 795 1839 898 kan erholen,
1435 803 1575 911 der
1575 852 1627 921 bis
1498 881 1577 965 torfft
1426 940 1494 1007 .
1614 903 2179 1014 Els wolffgang zuckh Barbaran
1584 962 2181 1091 ofer der ehe halb heit er angsprochen
1584 1018 2173 1121 nb vermelldet, ira daruf einen
1574 1076 2163 1181 Creützdiken geben ze haben, sy aber
1584 1120 2153 1236 jeder das ein noch ander glauben
1577 1179 2177 1280 er auch nit erwahren mögen
1571 1235 2170 1343 doch sich bschinnen etwas versprechen
1563 1282 2165 1398 uf der fründen der tochter gfalten
1559 1334 2165 1437 hin gangen er der jüngling es aber
1563 1393 2157 1486 ersitzen laßen, sind sy zwar der
1575 1445 2137 1526 ehr halb ledig erkent, doch ver
1572 1490 2118 1583 mant, es fürohin förmblich
1571 1547 2167 1649 für genommen und jedem 3 lb.
1577 1597 1780 1676 ferlegt
1717 1676 1960 1797 Künitz
1557 1748 2128 1860 Gr lycher wyß hat auch Niclaus
1405 1821 2136 1913 Lehmann Ueber Barbaram under obigen
1556 1871 2137 1953 vortzeichen und bekantem vor
1561 1917 2154 2015 bhalt, ir er eltern anklagt, wyl
1568 1971 2166 2061 aber die tochter alles vernent
1570 2022 2134 2125 er auch libere cedieret, sind sy
1564 2073 2139 2165 auch litig von ein andern er
1545 2126 2115 2222 kent der costen aber compen
1550 2185 2103 2274 siert unnd sind myn herren der
1553 2228 2133 2325 hoffnung er der worten, so er
1554 2287 2126 2378 In gewärter syner krankheit
1541 2329 2109 2429 ussgosßen haben sölle in einer
1550 2382 2142 2477 verenderung gedacht und der
1508 2434 2125 2522 verbrachten sodomy, wie er
1549 2492 2146 2587 dan höchst bethürt unschulltig
1548 2544 2147 2635 sye, wöllend es aber gott und
1521 2601 2045 2701 der zytt beuolchen haben
2861 278 2978 371 183.
2441 323 2660 433 Berei
2204 395 2991 543 Vff Salome Sumin gegen einem alhie
2287 473 2987 576 angnommnen appecker uff frankry
2286 518 2991 654 purtig ertheilten such brieff vnndt
2264 567 2984 699 durch sy inne zum rechten ze halten,
2282 631 2984 738 allerley angwente mitel, so doch
2251 690 3001 798 unerheblich gsin, ist sy der ehe halber
2238 749 2987 864 von imme ledig, er aber ira umb der
2278 800 2987 920 osten, wo sy dan ich erholen magnes
2285 845 2999 976 erlag eines urteil gelts zuerkent,
2452 949 2680 1063 Bern
2259 1038 2999 1167 mr Joseph Bleye, so syn magd geschwert
2261 1121 2987 1213 wyl sy inne der ehe halb nit angsprochen
2288 1173 2978 1253 sob ira allein den mit irer gfangen.
2267 1225 2964 1330 khafft ufglauffnen costen entricht
2266 1283 2992 1374 des erantzes halber ist er us obige
2254 1337 2670 1417 Ursach ledig erkent,
2302 1421 2868 1546 Langnow, Lüssling.
2256 1503 2941 1619 Hans Rüffenacht ist bewilliget
2247 1581 2918 1674 wyl syn wort zytt verflossen, si
2275 1628 2981 1747 anderfarth zeverehtlichen deßwegen
2281 1686 2933 1798 imme ein zedel an h. Predicanten
2276 1744 2963 1850 zur Füßling umb die ynsegnenth
2273 1795 2903 1907 mit Elsbeth Bader erlaupt
2423 1883 2754 2006 Bolligen
2261 1953 2921 2087 Hanns Saper ist mit Maria
2297 2032 2915 2136 grosen der kilchgang daselbsten
2248 2087 2920 2199 verwilliget doch das er vor
2281 2149 2964 2259 empfachung des zedels uferlegte
2284 2187 2561 2293 buss abrichts
2354 2265 2887 2412 Nchtrag Münsingen.
2277 2355 2933 2475 An fry weibel knowbul das
2303 2407 2971 2526 w Kieli Laprach mit herr spitalung
2298 2465 2938 2584 mb die 3 tag für die bewüsste
2290 2507 2968 2639 kindbethin ze schaffen und syn glugt
2276 2558 2952 2706 gelösen vermane, widrig fahr in
2274 2612 2489 2707 herschike.
