4032 3024
1348 345 1453 415 406.
1394 440 1966 562 daruff setzen, vnd Irer mit begeren
1397 491 1958 596 wölle, dise liechte und ungründ
1412 525 1963 632 Eheansprach ufgehept, vnd nichtiger
1403 566 1961 672 ouch beiden erloupt, sich ander Patr
1409 615 1968 722 nach begebendem glück ze sehlichen
1397 648 1961 743 der Costen compensiert, vnd hier
1393 694 1956 787 dem ein vnd andern die gebür, sonder
1397 738 1957 825 lich imme, daß er ins künftig uff
1392 777 1967 862 bessere vnd anstendige form st
1397 823 1960 894 vmb ein frouw vmb sechen, deß Kl.
1396 851 1972 934 tens und ungebürlicher gebürden
1401 893 1944 968 gegen wybspsogen deren der h
1407 943 1982 1019 predicant beföüffig inne beschuldige
1399 974 1974 1058 sich müssigen: Denne dem bystandt¬
1392 1015 1974 1097 das die wyl er bekantlich, zweyer vn¬
1402 1054 1977 1133 ehlicher kinden Vatter ze syn, er zu er¬
1393 1096 1969 1174 Zuuerung desselben eben nit angentz
1389 1139 1960 1205 wie dißmalen, da er vom H. Predit
1393 1176 1979 1251 ein böser kund betitlet worden, vf
1387 1216 1967 1280 binden, der tochter dann sonder
1398 1253 1971 1325 bar in by syn vatters, das sy inskünften
1402 1296 1980 1364 tig behutsamer syn, vnd sich zu der¬
1393 1335 1982 1398 glychen Personen, die demselben etwas
1384 1375 1982 1441 vdriesses zufugend, nit gsellen söllen
1396 1410 1985 1462 angezeigt, vnd so dann etwas s
1403 1451 1986 1520 drießlicher worten zwüschen Inen aller¬
1401 1492 1966 1555 yts in der Chor stuben oder ussert
1394 1528 1979 1589 thalb verlüffen, erkent worden, das
1385 1568 1968 1630 selben vfgehept, vnd keint wiederun
1400 1604 1979 1671 theil, noch dem bystand, anhabenden
1383 1648 1887 1720 ehren schädlich syn söllindt
1403 1695 1964 1838 Meckelchen Walendorf
1413 1834 1990 1920 acob Schnitz, so wider Apoloma Rigel,
1422 1903 1985 1953 meyer, syn hingeluffen vnd vßbliben
1402 1921 1969 1978 Ehewyb, volkommen citation recht e
1414 1964 1969 2024 fuhrt, hatt die schidigung von Ire er¬
1417 1994 1965 2063 langet, mitt zuspruch Costens, ader
1400 2039 1546 2101 forman
1402 2082 1968 2156 An herr vogt zu Frienisperg schryben,
1398 2122 1981 2188 das er sy uff verfahrne zuherlassung
1387 2176 1785 2231 mitt dem Eid verwyse
1613 2218 1718 2303 Vesp
1407 2274 1988 2366 Wider Bendicht Buggisperg hatt dar¬
1414 2329 1986 2406 bara Bäler uff erscheinte ußgefuhr¬
1410 2371 1984 2439 te offne Citation, ebenmessig die schid-
1405 2402 1988 2476 igung vnd zuspruch Costens erlanget
1402 2427 2002 2517 sampt einem schryben an fry weibel und
1393 2483 1647 2556 die verwysung.
2021 1852 2091 1928 ff.
2589 371 2704 439 407.
2338 449 2542 531 Epting
2040 477 2276 567 Boltingen
2343 505 2499 578 Basel
2043 579 2680 716 Hans Schnyder ist, vnder gewohntem
2069 637 2698 727 anhang, so gegen frömbden Psonen bruch
2062 674 2680 767 lich, erloupt worden, sich mitt Madlen
2053 714 2688 813 Büler, syner Eheversprochnen, droben zu
2061 773 2477 854 Bolting ynsegnen gelassen
2359 848 2569 938 Signouw
2068 882 2186 959 Bern
2059 938 2698 1040 S. David Maser, professori gebrauchet
2083 990 2689 1070 prach ist ein zedel vergünstiget anh
2082 1029 2707 1108 predicant zu Signouw, Inne mitt Fr. Bar¬
2086 1066 2696 1140 bara Huser, H. Wynschenck Stettlers
2072 1112 2410 1196 wittwen ynzesegnen.
2067 1203 2455 1283 Nider Scherli Bern
2082 1280 2689 1359 Anna Gebhart, so vor etwas zyt by m
2098 1331 2685 1401 Abraham Bischoff dem pfister gedienet
2086 1366 2693 1428 dem sy desselben hußfrouwen Klag
2103 1402 2677 1460 nach) ein vnehlich kindt zugeeignet
2107 1451 2683 1512 ol vffen Montag hargehalten werde
2107 1482 2645 1584 Schryben darumb an fryweibel.
2278 1623 2396 1691 Beri
2081 1673 2664 1746 Hans R. sigerlin dem küffer ist über
2131 1732 2659 1783 yn begerten zug und losung einer
2108 1765 2664 1819 durch syn schwiger, deß herren Jacob Knopff
2116 1797 2662 1858 predicanten zu Trachselwald huß¬
2124 1830 2683 1899 rouwen vmb ein zu gering, verkoufften
2128 1873 2667 1937 bstecken messer und gürtel, anzeigt
2106 1914 2678 1974 worden, sölle sich eigentlich erkundt
2122 1922 2712 2013 ob syn gschwyen selig söliche der Mu
2123 1986 2708 2049 ter vergabet, vnd im selbigen fahl nit
2112 2022 2717 2092 vil druf setzen, So aber das nit, vnd
2117 2063 2705 2130 syn hußfrouw söliche stuck ererbt,
2106 2102 2687 2171 Werdent nicht imme gutwillig die
2130 2142 2315 2211 handtvieten
