4032 3024
1523 265 1592 332 168.
1574 330 2162 439 und in syner kranckheit, sich uff glei
1582 392 2177 499 form synes zytlichen guts halb er¬
2148 403 2198 468 ite
1574 430 2186 540 lüteret, vnd vnd andern etwas an
1577 470 2189 589 Gottsdienst vnd zu einem Stipendis
1589 519 2170 617 verordnet haben, by welichen er
1573 558 2186 660 für einen gegenwirtig gsin syn söllen
1567 609 2196 704 Wellindt der wegen. Inne vermahnt
1592 653 2187 753 haben, sy fürderlich, ob etwas der¬
1580 691 2188 798 glychen geschechen, vnd war mehr dar¬
1573 739 1990 826 by gsin sye, zu berichten
1750 815 1965 905 Winis
1574 867 2127 978 An predicant daselbst schryben.
1576 930 2172 1021 Sölste vnd möge Christen Gart¬
1579 973 2169 1062 schi, im fal kein andere hindernuß
1597 1014 2160 1103 verhanden, denn daß er nit anzeig
1579 1053 2152 1138 kan, an welichem ort er getoufft
1582 1089 2155 1183 sye, mitt syner Eheversprochnen
1557 1136 2169 1223 Margreth Gut ynsegnen und Je¬
1570 1172 2158 1268 samen geben, wyl synem fürgeb
1582 1207 2169 1315 nach syn Vatter vnd Großvatter
1579 1245 1996 1335 alda landtlüt gsin sind.
1563 1334 2141 1458 Diemptingen censingen.
1583 1422 1979 1525 Pedel an pred zu Muri
1582 1495 2121 1590 Anthoni Schyben ein kuyer, mitt
1584 1538 2141 1648 Barbli Schmöker ehlich ynzuseg
1589 1576 1663 1632 nen.
1598 1648 2110 1782 Schyholtz oberspittal
1589 1754 2167 1885 Elßbeth Ruch hatt mitt gwüssen vmb¬
1595 1805 2157 1916 stenden zu erkennen geben, das sy eben
1581 1847 2136 1968 die Jenige mage sye, weliche die fl.
1597 1882 2143 2005 Stürleren hievor geklagt, by dem
1595 1921 2153 2031 aguei gefunden ze haben, mitt ver¬
1608 1955 2146 2080 neren vermelden, das sy demselben
1608 1987 2140 2106 s sich Jacob namse, nit allein das
1585 2021 2124 2149 kind bin eid geben dörffte, sonder
1587 2063 2130 2184 das er ira ouch die Ehe versprochen
1591 2094 1680 2156 habe.
1740 2120 2136 2222 deßwegen ira anzeigt
1573 2147 2160 2283 worden, das sy im oben spittel abschafften.
1586 2180 2144 2312 vnd dem Jenigen gsellen nach stellen,
1585 2216 2140 2358 ouch sich vne rechtliche Schidigung
1591 2285 1682 2339 sölle
1585 2250 2137 2398 mitt niemandt andern sehlichen
1621 2340 2102 2506 derlichen verlange
1604 2396 2121 2579 dchen einen eine
1585 2446 2077 2598 wegen eingen
2227 722 2268 797 .
2926 305 3004 371 109.
2296 351 2992 457 haltnen Grebnußmals gegen ein¬
2305 418 2999 494 andern verhört, vnd nach dem sich er¬
2309 453 2977 538 funden, daß zwar Jauer gheissen
2299 492 2990 571 rüsten, diser aber vnd andere dar¬
2298 528 2954 617 zu anlaß geben, jetwädern zu
2304 567 2993 661 künfftiger wahrnung 3 lb ufgelegt
2299 641 2418 705 worden.
2292 664 2965 751 der Hr. Credicant aber hatt sich mitt
2298 721 2945 787 dem, das ehr allein paccidens darzu
2296 754 2958 828 kommen sye, vnd sonst der gstalten ver¬
2304 798 2979 876 prochen, das nicht daran ein vermu¬
2284 843 2544 914 gen genommen
2277 885 2980 979 Hieneben hatt Er sampt einem Chorrich¬
2311 947 2973 1006 ter, klagswyß fürbracht, wie daß
2331 990 2967 1054 den Vieli Rohter, S Tachselhofers
2308 1029 2960 1095 ehman in Thal, von ynzugs wegen,
2300 1070 2949 1131 vnd das er von einer zyt zur anderen
2297 1115 2956 1190 personen ynzogen, bhuset, vnd be¬
2303 1158 2966 1234 hoffet, die den nachburen beschwerlich,
2294 1211 2967 1268 veliches der gmeind Ordnung zu wider
2306 1243 2971 1313 ye, vmb 2 guldin gestrafft, vnd
2296 1285 2972 1354 aber Inne nit zur gehorsamebringen
2301 1326 2984 1388 könnindt. Deßwegen erkent, das
2287 1379 2971 1435 derselbig vff künfftig frytag dar¬
2294 1405 2924 1488 umb consuriert werden solle.
2305 1449 2762 1528 An Amman hierumb schryben
2475 1558 2735 1646 Oberbalm
2296 1658 2728 1735 Zedel an Stifftschaffner.
2301 1699 2902 1783 sölle Simon Eyer, wegen deß rests
2301 1757 2952 1818 darumb gli Buman noch ansprä¬
2305 1784 2936 1863 hig, uff künfftig frytag harhalten,
2286 1834 2941 1919 es ye dann sach, daß er Inzwüschen
2290 1881 2782 1949 mitt Imme ein Willen schaffe
2331 1969 2959 2068 Waberen ins Rapperswyl
2297 2030 2955 2125 Christen küffers, deß schnyders, frouw
2304 2106 2926 2165 hatt sich ab S. Salchtli erklagt, das
2306 2127 2906 2191 i vmb w. g. die er Inen vmb
2286 2164 2908 2235 lidlohn schuldig, nit bezalt wien
2289 2204 2452 2271 mögint
2466 2206 2927 2279 daruff Ire ein schry
2290 2244 2944 2317 ben an Inne ertheilt, vnd Ime dar¬
2290 2280 2914 2354 durch beuolchen worden, sy one wy
2296 2323 2929 2399 tern vfftig zu bezalen, sonst wide
2299 2362 2919 2438 man andrist mitt Ihm reden.
2308 2420 2842 2507 underthalde. Bern
2326 2477 2929 2545 vaux travers. S. immers thal
2302 2538 2883 2619 Caspar von Ich, so Elßbeth Bum
2298 2597 2929 2677 bergerin, vnd Johan illiote der
