4032 3024
1336 342 1462 422 274.
1397 403 1993 549 dem ort dannen, vnd also dem Win
1414 460 1996 586 sam ab den augen ze machen, uf
1393 491 1969 595 legt, Demnach allersyts ein
1392 536 1976 631 ehrbar leben gefuhren, sonderlich
1383 572 1973 672 der knecht sich by mydung betroüt,
1396 617 1975 715 ter straff zubesseren, die the¬
1382 660 1985 754 luth aber, mitt einandern heimze¬
1382 702 1984 803 Tuchen, vnd ehrlich huß gehalten, ver¬
1384 739 1677 808 gmahnt worden.
1417 814 1538 902 Thun
1530 833 1588 893 i
1586 833 1829 916 Burtzelen.
1384 902 1705 983 Anh. orts schryben
1398 956 1955 1047 Sölle h Cunrad Meyer und syn
1394 1002 1960 1076 widerpart, von ehrrühriger Wort
1406 1039 1950 1116 wegen, so vorm Capitul geklagt,
1402 1077 1949 1158 und von dannen alhar geschlagen
1400 1117 1943 1189 worden, vffen fry, oder so es
1403 1157 1964 1241 nit müglich were, vffen Montag
1402 1196 1561 1272 harhalten
1567 1279 1744 1363 Bern.
1405 1351 1971 1444 Abraham Schneteli, vnd Peter
1396 1417 1965 1478 Reber, mögend sich mitt Helend
1400 1451 1988 1516 und Anna Wild, Iren Eheversproch¬
1402 1478 1935 1552 nen zu Worb ynsegnen lassen.
1623 1538 1746 1616 Bern.
1406 1584 1972 1670 Peter Stettler dem Steinbrächer
1432 1643 1982 1716 so mitt Cathrin Weck der Kilch¬
1399 1673 1835 1742 gang zu Muri erloupt.
1575 1743 1761 1831 Bern.
1548 1775 1606 1837 ide
1396 1824 1983 1908 Barbara Wyßhanen, wyl es über
1414 1884 1976 1950 vorgehnde gfangenschafft vnd War¬
1420 1917 1990 1986 nung nächtlicher ungewohnter wyl
1418 1951 1971 2024 by Dani von Sattenwyl, einem
1414 1991 1969 2065 jungen frächen Adelman, uff dem
1410 2029 1977 2087 kilchhoff einsam an einem abort
1407 2072 1955 2136 vnd vnder dem mantel sich find
1398 2096 1952 2179 laßen, obwol es sich glimpfflich
1402 2142 1989 2211 versprechen wöllen, Ist es ebenmäßig,
1392 2180 1972 2245 wie an imme erstattet werden sollen,
1401 2218 1989 2284 von einem Thorgen tag zum andern
1399 2251 1796 2333 hinab erkent worden.
2558 252 2677 323 275.
2057 350 2556 541 Herrn von 69
2013 404 2652 622 schreiben in des er ent
2023 484 2695 665 Nicht er der an Schmid, Hr. Rustimeyer
2104 540 2717 684 he fischer hr. hin tag hr. Monder
2109 633 2389 729 eer von werde
2021 650 2089 732 Civ.
2277 727 2383 798 Bern
2094 726 2203 839 wyl.
2079 774 2625 896 Auh. David Walther predicant zu
2090 823 2664 932 wyl vff syner Schwiger begeren
2090 858 2670 978 schryben, daß er von der Commetischen
2091 889 2683 1025 rechnung wegen vffem nechsten Mon¬
2090 949 2694 1063 tag harkommen, derselben an gebür¬
2082 991 2702 1086 enden orten bywohnen, und inen mitt
2082 1033 2703 1150 bscheid begegnen, wo nit, sich der Vr¬
2094 1082 2700 1181 achen syner Widrigung hie vor nich
2076 1147 2334 1230 versprechen sölle.
2239 1189 2682 1296 frouwen Cappelen
2090 1274 2715 1360 Obwol zur Gygin halb sich durch der
2098 1327 2722 1399 gebammen relation befunden, daß Ira¬
2098 1357 2710 1436 srem fürgeben nach ein man zu erdulden
2084 1403 2725 1469 vnmüglich, vnd Iren nit wol zehelffen
2078 1442 2734 1508 ye: Jedoch vnd die Wyl nit Ir Ehe¬
2077 1487 2743 1562 man, sonder allein sy söliches geklagt, vnd
2082 1524 2710 1601 er keiner schidigung begert, sondern sich
2085 1570 2722 1646 erpotten, mit dest minder ehrlich mitt
2086 1607 2742 1684 hras hußzehalten, vnd sich gelyden, so fehr
2083 1664 2737 1731 daß sy ir gütli auch ynkehre und imme
2095 1700 2749 1767 dasselb vnder die hendtlasse, für¬
2086 1741 2737 1810 nemmlich aber uff an inne geschehene frag
2083 1790 2733 1843 vnd fürbildung sich erlüteret, daß er
2095 1823 2724 1882 mitt ira Im Ehestand also leben, daß
2088 1864 2738 1932 er ira hinfürter kein fleischliche ge¬
2091 1902 2749 1972 meinschafft und bywohnung anmuten,
2091 1944 2753 2012 sondern sy diß orts zfriden lassen wölle
2089 1993 2737 2062 habend nicht uff sölich syn versprechen
2095 2043 2764 2095 nit ursach zur schidigung finden können
2095 2076 2752 2145 deßwegen sy beide widrumb zusamen
2090 2122 2723 2183 gewisen, vnd Jedes zu syner etlicht
2089 2162 2774 2224 vermahnt, ouch der E. söliches zugeschri¬
2100 2192 2776 2259 ben, mitt vermelden, daß zytlichen guts
2100 2225 2755 2301 halb sy es bim vorgehnden schryben vnd
2104 2271 2752 2343 darüber gemachter verglischung verblyben
2101 2310 2743 2377 Inen aber nit entgegen syn laßendt,
2094 2353 2716 2399 denn daß so noch andere vnd beßere
2101 2389 2730 2451 mittel disers punctens halb gefunden
2108 2442 2737 2497 werden möchten, dardurch man verhoffte
2103 2470 2755 2537 mehr einigkeit zwüschen Inen anzericht
2092 2510 2763 2583 daßelb wol fürgenomen wie möge.
