4032 3024
1301 341 1382 405 w.
1372 378 1922 522 gestendig syn wöllen, dann daß er
1368 448 1925 553 nächtlicher wyb uff syner heimten
1364 487 1927 595 von ira ufgehalten worden, darbe
1369 530 1910 636 es nichten einmal verblyben lassen,
1620 617 1750 702 Bern
1348 658 1939 783 die wyb Iren etlich, vngeacht gegen wie
1378 737 1934 817 tiger trubseligen zyt, die verschinne
1374 775 1928 855 nacht gassatum gangen, sol der
1369 820 1943 900 Chor weibel sich by den Wächteren
1360 864 1941 945 der psonen in grieren, vnd volgents
1389 906 1948 994 ynes erfahrens den H. Richter s
1343 949 1647 1019 stendigen
1544 1089 1917 1187 Extraordinarie
1360 1188 1949 1281 Mittwuchens. 23. Sept. 1629.
1604 1265 1810 1335 Ex Senatu.
1390 1309 1793 1401 zu Dachselhoffer. Ind.
1569 1386 1724 1458 Schlinist.
1385 1429 1924 1518 So decan Schmid, Hr. Rütimeyer
1571 1495 1712 1583 Civit.
1370 1556 1963 1645 H. Koch. H. Monnier. Er von Werdt.
1567 1668 1850 1763 ferrenbali.
1405 1763 1973 1853 H Jacob Stöckli der predicant ent¬
1415 1817 1956 1887 schuldiget sich durch ein schryben uff
1406 1848 1968 1930 seyn lybs indisposition von deren wegen
1400 1884 1970 1968 er noch nit uswandlen dörffe und
1385 1928 1956 2003 derhalben uff hütt nit hie erschynen
1393 1959 1969 2041 könne. Diewyl er aber darneben
1376 2003 1960 2078 die verströstung thut, das sy allersyts
1391 2035 1966 2121 vorigem beuelch nach sich von hütt
1397 2067 1998 2160 über 8 tag ynstellen wöllind, lassend
1400 2108 1983 2199 nicht es, daß demselben statt gescheche,
1387 2184 1642 2250 darby bewend
1422 2257 1879 2355 Röttschmiend Trub
1414 2339 1937 2432 von der Ehrbarkeit daselbst zu
1401 2408 1964 2474 Trub sind hargewisen worden Peter
1408 2426 1968 2523 Gousset, Ludttig, vnd Heinrich Wolff,
1407 2473 1983 2547 sumen vnd von wegen Peter Wolfs,
1401 2508 1969 2582 Ires Vettern seligen, an einem, vnd
1399 2529 2001 2631 Cathrin Bläser, mitt Zustand Michel
2571 332 2641 377 411.
1987 403 2631 565 Blasers, Ires Vatters, am andern theil
1993 473 2626 601 von Ires spanswegen, so sich zwüschen
2001 514 2635 646 Inen erhept, Antreffend gemelter Bla¬
2010 565 2586 684 serin Khind, dessen sy vmb verschinnen
1999 602 2582 724 Wienachten genäsen, vnd gedachten
2019 644 2604 757 Veter Wolff zum Vatter genamset,
2010 687 2608 798 als welichem sy es zu Trub zu truffen
2016 730 2634 850 lassen, dessen sich aber ob anzogne sy
2013 777 2644 891 nerwandten beschwärt, vß vrsachen
2032 823 2596 923 daß sich Ime das Kind der Zyt
2016 864 2612 970 nach nit züchen möge, dann sy für
2032 895 2627 999 ebe, er im mitten Meyen den byschlaf
2016 941 2612 1035 mitt ira verbracht habe, dessen
2020 970 2659 1083 sy ouch alhie gestendig gsin. 2. Wyl
2021 1021 2635 1124 sy so lang zur sach still geschwigen, biß
2028 1061 2645 1150 er todts verfahren, vnd sey die verwandt
2025 1097 2661 1207 selbs, dieselb vßfündig gemachen den
2041 1155 2686 1237 enfang gethan habent. 3. Wyl sy son
2050 1195 2706 1279 derlich mitt Hans Matti nun ein lange
2048 1226 2656 1329 zyt vil argwöniger gemeinschafft
2045 1274 2681 1367 gehept, wie sy dann söliche mitt kundt¬
2067 1320 2684 1415 hafft erwisen. Wessen aber vnange¬
2049 1350 2670 1452 sechen sy antworternn nit bekantlich syn
2050 1399 2645 1487 wöllen, daß sy sich mitt Mattin zu
2055 1430 2676 1520 vnzucht zemalen vergangen, noch daß Ir
2055 1477 2678 1565 Khind demselben, noch jemandts anderen
2061 1518 2710 1606 als eben gemeltem Wolffen gehöre, deß
2059 1553 2690 1643 wegen, diewyl die sach verdächtig, ist sie
2062 1599 2705 1681 zu Euerer ußbringung der warheit
2060 1641 2711 1728 hinab erkent, vnd den Clegeren zwey
2063 1680 2716 1756 vnderschidenliche schryben ertheilt wor¬
2075 1749 2147 1797 den.
2079 1756 2600 1855 an das Chorgricht zu Trub
2087 1817 2665 1894 Sölle die hebammen vnd alle andere
2094 1856 2669 1925 ybspersonen, so in der genißt und
2092 1881 2702 1962 kindts not by ira gsin, für sich foren
2087 1919 2697 2003 deren, vnd vernemmen, wie das Kindt
2095 1957 2698 2049 ynes lybs vnd glideren halb beschaff
2662 1988 2717 2048 .
2111 2000 2671 2093 sin, wievil sy erachtind, das dem
2109 2036 2737 2117 elben zu volkommner geburt gemang
2105 2078 2704 2151 let, vnd vmb wievil wuchen es zu
2112 2112 2701 2196 früy worden sye, desselben, wie
2111 2146 2702 2237 zuglych ouch, was über nicht be¬
2121 2182 2755 2288 uelch schryben, vor zweyen Jaren grundt¬
2120 2234 2716 2315 licher erforschung halb angwöniger
2139 2270 2721 2362 Achen, die domalen Hans Frauchiger
2093 2303 2734 2404 von beruhrten verdächtigen personen uß
2129 2343 2758 2435 vnd fürgeben, ervolget, ob sy dar¬
2126 2386 2727 2467 über beschikt (weliches die Pla¬
2124 2422 2706 2512 serin hie gmeinet) vnd was In
2130 2460 2747 2552 erfahrung gebracht, oder ob die exe¬
