4032 3024
1306 351 1407 431 260.
1354 456 1408 512 .
1419 415 1987 544 Mittwuchen 20 Maji.
1856 513 1964 591 629
1294 512 1408 587 Exten
1422 517 1718 615 hr Dachselhofer
1291 570 1417 641 Minist
1434 583 1733 652 hr der an Schmid
1749 574 1979 686 Hr. Rütimangen
1336 635 1373 693 v.
1382 615 1441 678 8.
1452 627 1736 709 Fischer im hag.
1748 644 1951 718 Nonner
1563 725 1751 795 Luren
1339 780 1984 893 Deß S. Schren schrifftliche entschuldig
1386 849 1974 919 ung wegen deß Costens in dem Zwü¬
1401 877 1970 961 schen Barbli Hottenberg und Joseph
1392 922 1960 1005 Schwab geschwäbten Ehehandel, Ist
1387 963 1965 1052 admittiert vnd gutgeheissen worden
1397 1053 1910 1146 ferrenbalm, Biberen
1399 1163 1976 1267 Ursula Remund ist vermögen Rhats
1386 1233 1950 1303 Zedels nochmaln ernstlich zur
1393 1260 1963 1340 hußhaltung mitt irem man, mitt
1387 1306 1973 1379 fürbildung der straff der Verwey¬
1387 1347 1966 1416 sung so im gegentheil an ira er¬
1383 1388 1966 1461 hattet werden sollen) vermahnt,
1396 1430 1960 1504 vnd als sy sich darüber ergeben,
1393 1468 1979 1550 Ist irem man Peter Möri ynbunden
1382 1509 1949 1583 worden, sich hinfürschlachens und
1393 1549 1969 1621 stossens, vngebürlichen betroüwens
1388 1589 1950 1653 vnd tractierens gemüssigen, ouch
1382 1632 1972 1702 Ires gutli nit zeuerschwenden, noch
1397 1668 1973 1737 sy irer klegten einicher gstalt ent¬
1386 1705 1971 1777 gelten Zelassen. Daruff sy dann
1386 1755 1995 1825 beidersts, Ir pflicht zeleisten, gelobt
1394 1788 1514 1846 habend.
1372 1832 1854 1921 Herl. soliches zu schryben.
1592 1948 1771 2014 Jawen
1408 2020 1959 2104 An den H. Predicant vnd s Chorg
1430 2073 1974 2138 schryben. Söllind Adam Schärer
1423 2112 1980 2170 einen by inen sich vbhaltenden Sol¬
1416 2159 1955 2228 peter graben uß der Graffschafft
1423 2191 1970 2256 Roggenburg in dessen namen der
1423 2237 1971 2300 Weibel Rübli vmb bewilligung
1419 2270 1997 2352 kilchgangs angehalten) für sich for¬
1412 2317 1963 2388 deren, vnd Inne, ob er sonst mitt
1417 2360 1974 2429 niemandem verpflicht, mitt not
1413 2393 1958 2475 wendiger vermahn, vnd fürbildung
1412 2433 1963 2520 der straff, so er dahar uff sich laden
1417 2475 1992 2562 wurde, erforschen, wo nun sy er¬
2073 1621 2126 1677 2.
2608 258 2704 347 261
2080 360 2709 516 kennen mögend, vnd anzeigungen ver¬
2099 418 2686 547 handen, daß er der Ehe halb ledig
2097 455 2709 598 sölle imme vergünstiget syn, mitt Hans
2068 488 2739 641 Brutschis tochter, syner Eheklopfen kilchen
2087 537 2726 672 recht zethun, jedoch mitt dem anhang
2079 586 2743 720 daß er sich in monatsfrist mitt magn
2097 700 2165 757 setze
2088 711 2571 843 arwangen. Wynouw
2097 771 2710 911 außvogt zu anwangen und den
2086 839 2697 952 deran Langenthaler capitels schryb
2095 875 2739 994 Söllind 1. her Michel Rickarts und zu
2096 930 2750 1030 vrs Wirtzen Ehewyberen Ire Subende
2100 974 2731 1074 grobe kargheit nyd und häßigkeit un
2106 1018 2729 1110 trüw und unfründtligkeit, deren sy in
2099 1064 2760 1156 gehaltnem Capitul angeben vnd verlei¬
2097 1103 2731 1196 det worden, In bysen derselben, sampt
2106 1143 2759 1239 dem S. Jurat fürhalten, sy darüber
2110 1186 2771 1283 ernstig censurieren, vnd sy mitt betrou¬
2108 1237 2764 1328 wender harbeschickung zur besserung diser
2106 1291 2756 1376 menglen vermahnen, Denne ouch den
2100 1328 2767 1404 Ehemänneren ynscherpfen, das sy inen hie¬
2112 1374 2769 1439 rinn nit etwan consolierind, volgents
2104 1422 2735 1489 uff die ein und andere ein erforderlichs
2116 1465 2761 1531 ufsechen, und da kein verbesserung er¬
2119 1517 2764 1568 volgen wurde, sy mitt wyterer abhalt
2121 1554 2741 1624 oder verleidung für beuolchen haben
2134 1609 2740 1673 Warin gemelts zu Wirtzen excess
2137 1669 2755 1720 vnd vbertretten deß wucher man¬
2135 1696 2754 1761 dats bestande, grundt: vnd eigent¬
2132 1738 2781 1809 lichen bricht zu schicken, vnd zuglych nach
2134 1778 2777 1848 vffertigung desselben imme tag alhar
2122 1825 2786 1883 bestimmen, Vnd so dann hieneben dem
2128 1873 2785 1935 ein oder andern derglychen Casus mehr
2127 1906 2796 1982 bewüßt weren, dieselben nicht ebenmä¬
2134 1944 2612 2010 sig bsuch namhafft machen.
2147 2009 2639 2099 Basel. Oberwangen
2354 2074 2562 2145 Chillion
2138 2148 2753 2237 An hr. landtvogt daselbst schryben,
2153 2210 2782 2273 Sölle Hans Ulrich Kleiner von dem
2149 2248 2784 2317 Salome Holtz schu, die Inne der The
2152 2292 2762 2354 ausricht, vnd vngebürlich traction
2155 2335 2775 2397 anklagt, erfahrent gewarsam far¬
2155 2367 2784 2437 halten. Wyl aber er dem H. Rich¬
2160 2413 2786 2478 ter privatim fürgebildet den grossen
2166 2454 2776 2522 osten, so darüber gahn wurde, ist imme
2168 2492 2770 2555 sub dato 23. hu beuolchen worden,
2164 2539 2728 2609 daß er zu vinis syn sölle, un
