4032 3024
1318 352 1440 428 254.
1400 427 1995 576 der bestimpten buß 4 lb nachgelassen
1403 500 1468 569 yn.
1618 519 1842 607 Abbüßte.
1384 620 1851 729 Büren. Vtzistorff.
1386 717 2000 829 Joseph Schwab und Barbli Hottenberg
1395 773 1988 856 vmb Ire erste ledige. Denne Bal¬
1390 819 1975 895 Chasar Wäber nach ußstehung der
1399 856 1992 947 obberuhrten 4 tagen, vmb den anderen
1394 902 2002 985 fäler, nach gewonheit consuriert
1384 950 1520 1007 worde
1356 1107 1973 1207 D. Contags 18 Maii 1629.
1607 1178 1824 1249 vom Rhatt.
1417 1215 1778 1309 H Dachselhoffer.
1591 1279 1785 1366 weistlichen
1422 1341 1481 1412 Gr
1472 1349 1969 1436 daran Schmid Hr Rütimeyer
1606 1410 1691 1488 Civ
1395 1451 1950 1558 Hr Fischer Monnier. Im Hag
1613 1583 1895 1671 dumenstein.
1658 1640 1780 1701 Mitt
1406 1682 1985 1769 H Hans Völckli sol uff deß herrn
1410 1740 1981 1815 predicanten zu Mett entschuldig
1425 1767 1986 1853 jungsschryben anzeigt werden, sölle
1423 1813 1973 1885 beuordrist die fründtligkeit mitt
1436 1850 1988 1912 imme fürnemmen, wo die volgents
1418 1887 1988 1953 nit erheblich, erst alldann wider¬
1417 1923 1681 1989 umb erschynen.
1427 1991 1627 2077 Oberburg
1727 2003 1949 2077 Burgdorff.
1437 2042 1635 2130 Kilchberg
1725 2062 1954 2126 visistorff
1448 2157 2019 2248 Wilhelm Herdi, Er Niclaus Führ¬
1436 2211 1981 2280 tein, und Hr Johann Meyer, als de
1426 2245 1962 2305 can, Cammerer und Jurat Burg
1417 2284 1972 2349 dorffer Capituls, denne Ir Johan
1422 2328 1960 2395 huter, kilchendiener zu Utzistorff,
1426 2360 1977 2436 habend sich über die Inen zugelegte
1438 2398 1988 2484 verstädigung der durch Hans Reber
1434 2441 1980 2519 gewesnen predicant zu Pätter kinden
1433 2477 1990 2562 getribnen groben hotten, mitt
2638 276 2742 339 255
2081 346 2726 498 dem entschuldiget und verantwortet
2101 403 2710 526 daß der H vogt Jenner vor syner
2099 434 2745 567 reiß in die stundt dieselben dem 8. Jurat
2097 485 2736 631 trivatim eröffnet, nit der meinung,
2080 532 2732 670 ders ins Capitul bringen, sonder dem
2087 576 2741 705 e. decano, zu einer privat consur
2100 625 2747 736 anzeigen sölle. 2. daß nun darü¬
2094 662 2740 793 ber sy die wort nüt versprüchet, sonderen
2093 708 2741 833 gemelten vber ein ernstige Mutter¬
2091 729 2769 879 liche contur werden lassen, ouch mitge
2090 795 2773 924 oder deß Amptmans straff, oder wy
2097 844 2769 957 tere nachforschung ußtruckenlich vor¬
2102 891 2787 1021 behalten, (3.) daß durch den H. Jurat
2096 946 2760 1063 Im general capitul zu gemein anzeigt
2094 995 2771 1102 worden, wie daß noch wol etlich sachen
2095 1045 2729 1139 von gemeltem H. Reber zu vermelden
2109 1088 2737 1182 weren, die aber dem h. Vogt eigentlich
2103 1143 2757 1221 bekant, vnd hiemitt also vbliben sten
2087 1185 2764 1264 Wyl nun nicht uß Iren reden abnemmen
2124 1234 2754 1296 mögen, daß der vogt die erörterung
2128 1270 2767 1343 ob anzogner worten Inen vbergeben vnd
2119 1321 2763 1380 heimgestelt, vnd wann glychwol er
2123 1345 2772 1412 begert vnd andelung gethan hette, daß
2112 1384 2764 1460 dieselben nit für ein generat Capitel
2119 1429 2770 1494 kommen, sondern mitt einer privat cen¬
2120 1469 2745 1542 zur geschlichtet werden solten, sy doch
2119 1509 2768 1585 Ir Ampt vnd was Inen darüber zuge¬
2114 1562 2770 1626 standen, erwegen, vnd demselben nach
2131 1603 2806 1672 gahn sollen: Sind sy nach Inhalt Rhat¬
2141 1642 2767 1701 Zedels, sich vor derglychen sachen In das
2131 1688 2786 1748 künfftig ze hüten, verwahrnet, vnd Inen
2130 1731 2791 1808 fürbildet worden, daß der ußschlag be¬
2138 1777 2760 1845 füget, daß grad das jenig, da sy imme
2135 1811 2791 1893 handt vorzuhalten vermeint, imme zur prie
2138 1863 2757 1930 ration gedienet, Insonderheit aber
2140 1898 2787 1973 Ist dem Herr jurat uff syn fürbringen
2143 1946 2788 2010 tröstung geben worden, daß ich der
2146 1985 2810 2054 hoffnung syn wellint, nüt wyters zwü
2150 2024 2771 2090 schen dem vogt und imme uß diser sach
2167 2064 2770 2134 so fehr er vnd die vbrigen ouch nit
2137 2103 2760 2171 ußlassind, das der vogt nit gwöllen
2152 2144 2785 2203 zeige, das es für das Capitel gebracht
2142 2190 2767 2239 wurde) entstahn werde: So aber das
2143 2226 2776 2294 geschehe, sölle er nit vil mitt Ihm
2137 2263 2809 2345 contestieren, sondern nicht deßen berichten
2351 2316 2721 2403 Berbach. Visebach.
2175 2396 2800 2474 An Herr Cunrad Bäckli Innamen vnd als
2186 2455 2810 2524 pfrundvogt S. Josten an der egg schryben.
2184 2493 2794 2558 nach mittlen zetrachten, wie der Jung
2173 2538 2813 2613 su felß nun mehr möge bezalt werden.
