4032 3024
1283 370 1402 419 428.
1365 429 1917 540 zum Vatter deß khunds, mitt den
1375 472 1918 582 y schwanger gaht, angeben und ge¬
1368 513 1922 606 namset, der sye im verschinnen
1362 544 1927 646 gheyen drussen in syner thür be¬
1383 580 1930 684 schlaf habe, aber sonst keine ander
1369 633 1919 721 die mitt ira zum gschrey, vnd Ir
1362 664 1920 757 deßwegen mitt innen fürgehalten
1353 715 1925 801 worden, angebe wöllen. Daruff de
1357 752 1933 837 Chor Weibel beuolchen, dem ein vnd
1365 797 1938 882 andern nach befragen, und sy wider
1351 836 1764 913 auhr ort gesetzt worden
1609 937 1920 1021 Kilchlindach
1623 994 1860 1058 Waleren.
1389 1074 1936 1143 S. Peter Mülheim, der privierte
1398 1136 1932 1184 predicant von Waleren, nach den
1392 1161 1936 1226 er sitt dem Zinstag, wegen vnd zu¬
1386 1202 1959 1269 erstattung hieuor abgangnen Rhatt
1381 1243 1943 1315 Zedels, In der gfangenscht gelegen, Ist
1380 1284 1962 1349 uff hütt ledig und imme der 5ten tag
1384 1330 1960 1387 nachgelassen, auch anzeigt worden,
1380 1367 1946 1432 das er syn hußfrouw diser tagen ouch
1383 1405 1649 1475 harhalten sölle.
1614 1496 1755 1579 Bern.
1370 1565 1963 1649 Sincentz Späting sol dem Hn Richter
1398 1618 1943 1681 In die handt geloben, wie dann
1398 1651 1945 1724 beschehen, das er nicht vnd andere,
1401 1690 1955 1763 Schon verschinnen Jars mitt syner
1396 1725 1950 1794 vnd syner abgescheidnen sach vil¬
1404 1756 1968 1834 fällig bemügt worden, vntz morn
1397 1801 1956 1872 befridigen wölle, wo das nit ge¬
1400 1839 1968 1915 theile, sich versicheren, das er wurde deß
1386 1879 1777 1954 Chor weibels gast er den
1403 1957 1867 2040 Bern. Rötelen.
1390 2039 1954 2127 Wegen Verhard Kinders Ehewybs
1421 2093 1936 2163 ach hatt die frömbde hußfl
1417 2115 1962 2199 in undern stüblin, andt mit züget
1413 2149 1979 2237 denn von dem was sich am sambstag
1403 2196 1938 2270 znacht zu tragen, und daß sy ni
1397 2235 1817 2309 gūehrlichs von Ire gsechen
1415 2282 1971 2356 athrin Wyß, Daniel Schärs frouw,
1428 2324 1941 2392 Ire nachburin, hatt züget, daß sy
1412 2367 1933 2438 den müllerknecht zu unzyten ge¬
1414 2385 1964 2473 sechen zu und ußgahn, vnd sye ab
1415 2417 1967 2506 gemahnt, darüber zum bscheid be¬
1410 2458 1955 2542 kommen, sy könne synen nit müßig
1404 2497 1945 2582 gahn, vnd sye imme gegen ira hin¬
1408 2547 1749 2623 vidrumb ouch also
2566 376 2654 447 429.
1970 431 2636 583 btruff nun die angeklagte ouch hinyn
2011 492 2622 611 gelaßen, vnd vber gescheihne fürhaltung
2005 526 2647 642 zu Irer vytleüfigen erzellung und ant¬
2002 558 2630 673 vort der mehrenteils vmbstenden be
2002 595 2608 711 kantlich worden, ouch sonderlich ab
2008 630 2614 751 imme geklagt, das er uff ein zyt, als
2007 673 2621 786 y ir khind gesaügt, ira mitt list die
2011 710 2649 831 brust erwütscht, und daran gesogen,
2023 754 2671 877 ten ira in der letzten nacht aber dar
2017 791 2659 890 nor nie der vnehren angemutet habe.
2005 833 2638 943 darüber Er gern alles glaugnen wöll
2015 872 2621 981 Imme selbs widersprochen, vnd endtlich
2021 896 2680 1025 gestendig gsin, das er sy am montag znacht,
2017 950 2653 1052 da er truncken gewesen sye, gekufft und ge¬
2026 990 2648 1082 truckt, ouch zu ira uff das bett gelegen
2032 1019 2660 1121 hingegen aber das sugen der bruß und
2021 1058 2668 1167 die anmutung der vnehren gmeinet,
2028 1102 2643 1192 obwol er dessen, so sy zun Wort zeichen
2045 1141 2668 1231 genamset, namlich das er von Grabe¬
2036 1182 2656 1271 gert, sy uß der stuben hinußkommen,
2029 1220 2667 1313 vnd Imme den Wasser kessel zeigen sölle,
2036 1267 2655 1343 bekantlich, vnd vermeldet, das so er Ires
2039 1281 2686 1401 lybs begert, es imme nit abgeschlagen worden
2039 1327 2680 1429 were, wyl sy imme by der magd ent¬
2052 1370 2650 1468 botten, das er zu ira kommen sölle
2052 1410 2662 1508 vbernacht syn. Inmacht uß sölichen un
2068 1439 2674 1531 tenden anders nit gloublich, denn daß
2073 1471 2693 1561 die that ouch zwüschen Inen ervolget
2070 1513 2681 1608 Wyl er aber die verneinet, Ist der
2083 1549 2689 1640 vögel in ein andern schlag, namlich zus
2075 1592 2561 1698 pfaffenlich erkent worden
