4032 3024
1423 307 1487 382 84
1522 258 1616 358 90.
1636 363 2225 502 Littwuchens. 7. jan 1629
1612 436 2192 535 ward widrumb Chorgricht
1626 472 1777 543 gehalten
1747 558 2013 637 vom Rhat
1591 523 1724 655 ps.
1610 612 2216 746 hrn vnd von Werdt. jud. 1. doch selben
1813 681 1971 749 Minist
1611 717 2187 816 hr daran Schmid, H. Langhans
1813 771 1923 853 Civ.
1570 805 2167 926 H Gultzer Hirtz. Fischer.
1581 991 2156 1108 Esch. Nüwenstatt
1606 1111 2185 1190 Lauda Favrod, und sie frarier.
1610 1161 2193 1240 sind obigem p. 74. verzeichneten be¬
1597 1186 2195 1271 nelch zuvolg vff hütt gegen einan¬
1604 1227 2195 1311 dern erschinnen, vnd hatt sy begert,
1594 1265 2197 1349 diewyl er ira die Ehe nit allein vf¬
1595 1311 2176 1382 recht vnd redlich versprochen, mitt
1589 1341 2178 1415 condition, daß sy imme 2 Jar wart
1595 1373 2189 1468 solle, sondern ouch dieselb mitt zu¬
1608 1410 2164 1495 tellung eines Rings vnd einer
1595 1449 2185 1542 zwifachen Meylendischen Doub¬
1589 1498 2177 1590 konen, so er ira druf hin gegeben,
1586 1536 2153 1630 und sy alhie uff den tisch gelegt,
1588 1572 2186 1674 deßglychen mitt dem Ehetrunck vil¬
1586 1613 2175 1710 fällig bestätiget, daß nun er
1593 1658 2174 1757 hra versprochner massen zu halten
1601 1685 2184 1789 ubekent, oder aber das sy wider
1596 1727 2180 1841 hinder sich gewisen, vnd Ire ver¬
1591 1767 2174 1879 gunstiget wie, gefelter appella¬
1590 1814 2203 1919 tion nach ouch ire fründ und e
1597 1852 2194 1961 randte zur kundtschafft zu legen.
1581 1880 2193 2006 dem aber er sich widersetzt, vnd
1587 1928 2188 2048 umb absprechung über den houpthau
1590 1970 2176 2074 del angehalten: In welichem er ob¬
1582 2015 2160 2119 beruhrte Ire Clag gentzlich vnd
1578 2063 2169 2174 durchuß vermeinet. Wyl aber sy
1589 2095 2164 2205 Imme alle vmbstend under tugen
1589 2135 2158 2252 erhalten, vnd syner conscient s
1587 2175 2175 2306 ben scharpff, doch mitt bescheidnen,
1582 2231 2187 2352 und fründtlichen worten, zugesprochen,
1577 2272 2171 2399 ein, mitt vermelden, daß sy ir fürgeben
1577 2307 2196 2426 ouch wo es darzu köme) mitt dem
1578 2335 2175 2473 todt bezügen wölte, Ist er biß uff
1572 2375 2172 2508 frytag, sich der Warheit zu erin¬
1597 2434 2160 2559 ieren, und wyl er siner nachgehe
1585 2454 2126 2601 deren eh verheissung halb in worten
1586 2497 2152 2662 gevariert, hinab erkent worden.
2907 286 3004 372 91.
2311 393 2997 500 finden am bodensee, dern
2326 488 3012 591 Ittilia Schlechterin hatt wider Hans
2301 563 3020 632 Meythaler den gewesnen Thorwarten
2317 596 3005 678 fürgebracht, was massen sy vor vn
2335 636 3006 724 far 5 jaren in synes sohns Jörg Mey
2322 673 2979 752 thalers, so synem deß Vatters anzeig
2315 697 3019 780 nach genunder zu prässen ist, huß durch
2309 766 2991 827 dessen ehfrouw ynzogen, da etlich tag
2315 807 3004 874 beherbriget vnd enthalten, ouch in sol¬
2305 846 2988 919 cher zyt durch denselben geschwengert
2302 888 2986 959 worden, daruff sy gan zinsidlen zu
2315 930 2973 1007 hrer schwester zogen, vnd alda kindts
2317 975 2973 1041 niderkommen, weliches sy siderhar ohn
2316 1015 2996 1095 syn zu thun erhalten, begere deßwegen
2306 1060 2989 1130 das und der Großvatter ira dasselb
2309 1105 2982 1175 abnemmen, oder mitt etwas handtreich,
2309 1146 2965 1210 ung versechen sölle etc. dessen er aber
2297 1189 2962 1248 von nicht ledig gesprochen, vnd hingegen
2315 1236 2974 1298 erkent worden, daß so sy dem Khinden
2312 1275 2977 1352 Irgend ein Vatter wüsse, sy demselben
2312 1317 2971 1393 biß sy Ihn finde, nachzüchen, vndt
2317 1357 2988 1426 alsbald, als ein gmeine Landtstry
2313 1407 2977 1480 cherin zum Thor hinuß gschaffet in den
2293 1448 2619 1522 sölle vnd möge.
2528 1506 2697 1584 sanen
2344 1553 2931 1631 Nach dem Hans Erni, so den andern
2326 1611 2923 1662 füler uff ihm hatt, nun über die
2331 1641 2953 1699 20 tag Inngelegen, vnd nicht betrach¬
2332 1681 2945 1729 tet, das, als er denselben begangen, die
2322 1713 2926 1773 nüder ordnung noch nit im sandt
2325 1755 2956 1815 publiciert gewesen, Ist recht ein ver¬
2324 1792 2959 1853 nug daran genden, vnd er gantz ern
2321 1835 2989 1895 stig zur besserung vermahnt, ouch mitt
2325 1876 2989 1945 einem Schryben an h landtvogt begsellet
2318 1918 2973 1988 worden, Inhaltend, wie daß nicht Inne
2315 1948 2959 2029 nit in die verwürckt und entsatzung
2307 1995 2989 2062 deß kilchspäls, wie zwar durch Wilhelm
2326 2036 2977 2100 Jugli begert worden, züchen vnd verfel
2317 2075 2962 2149 können, wyl die Satzung söliche allein
2318 2131 2974 2191 dem schuldigen vnd ehbruchige Ehementsch
2319 2162 2988 2241 bestimpt, Mitt beuelch an Inne hr. landt¬
2311 2208 2412 2266 vogt,
2407 2207 2967 2276 sy beid durch bestimmung eines
2331 2246 3001 2315 vrsatzes, oder andern würklichen mittels
2324 2289 2994 2359 In den schrancken deß fridens zu behalten
2313 2330 3003 2400 damitt de einer vor dem andern sicher
2324 2370 2621 2441 wandlen möge.
2546 2424 2940 2508 Bern. Oberspittal
2466 2440 2527 2516 C
2351 2502 2926 2583 Barbli Rouch wegen, so im obern
2354 2562 2908 2625 spittal kindts ligt, und dasselb
2347 2597 2979 2673 diser tagen hie touffen lassen, one
