4032 3024
1453 273 1551 344 120.
1498 2162 1547 2244 .
1550 376 2150 499 Frytags 30 Januarii 1629
1602 446 1959 541 pf. Ex Senatu
1586 509 2172 620 Ir. v. von Werdt. Hr. Dachselhofer.
1766 575 1950 649 Minist
1574 626 2072 722 H Schmid, H. Langhauß.
1835 711 1879 753 i
1562 720 2160 841 H. Sultzer hr. Hirtz, er im tag.
1588 892 2102 987 Rapperswyl. Oberwyl
1574 976 2170 1073 Vß anlaß täglicher klegten, v. Hans
1582 1041 2143 1109 Jacob Salchlis geltschulden halb,
1580 1080 2145 1159 sonderlich das Burckhart Fischer der
1595 1118 2143 1204 jünger sich vnrichtiger bezalung
1585 1155 1851 1216 ab Imme erklagt.
1585 1198 2144 1281 An G. decan zu Oberwyl schryben,
1585 1240 2143 1317 Sölle sampt der S. Juralten ge¬
1595 1284 2133 1349 meltens Salchli für sich forden
1577 1315 2143 1389 inne zu angebung aller syner schul¬
1574 1349 2119 1434 den, vnd hingegen der mittlen, so
1573 1394 2137 1466 er haben möchte, vermögen, vol
1582 1436 2137 1517 gents nach Irer fürsichtigkeit dar¬
1592 1476 2138 1563 inn handlen, vnd so sy die bekog¬
1578 1518 2146 1612 jung gut funden, imme und den schul
1586 1553 2127 1641 den zuhelffen, dieselbe gegen
1592 1594 2133 1686 ihm fürnemmen und in volg
1592 1629 2133 1734 stellen, oder aber wo vonnöten)
1590 1676 2116 1770 nicht beschaffenheit der sach wider¬
1587 1719 2149 1809 umb berichten, dessen sy aber wol
1595 1758 1956 1854 überhept syn mögint.
1761 1832 1882 1908 Berre
1592 1911 2122 2018 Larcus dunus der schärer, vnd
1596 1967 2146 2073 Margreth dubi ein wittfrouw,
1604 1996 2101 2111 mögend Ire tzu versprechung
1595 2029 2123 2144 zu Bümplitz mitt dem kilchgang
1593 2072 1751 2138 volziehen
1602 2132 2127 2273 deßglychen, ouch Jacob Rychener
1603 2202 2118 2297 der seiler, vnd Madlen Wäber
1591 2250 2122 2393 edel hierumb auch predicant ge¬
1609 2305 1822 2369 melts orts.
1766 2359 1920 2454 Bern
1608 2374 2100 2533 der die sich an der in sein
1615 2443 2121 2575 jung Rübschein genannt und Elß
1624 2467 2136 2631 derlich ein eingen
2909 240 2983 314 121
2277 333 3006 451 Wyl das Jenig, so sy wid ein andern
2285 381 3005 499 oßmalen yngeführt, kein Vrsach
2283 423 3015 538 zur schidigung, sind, by betroüwter
2288 476 3003 579 verwysung oder gfengelichen ynser
2283 520 3003 619 ung, zu ehrlicher anstendiger
2272 567 2898 682 hußhaltung vermahnt worden.
2421 669 2620 746 Bern
2274 769 2991 865 Hans Jacob Stäger vnd syn frouw, nach
2300 813 2986 909 dem er so wol abtra, als sy an¬
2291 847 2982 951 fengelich kohmme geklagt, sind er
2288 888 2961 981 mahnt worden, fridlich mitt ein
2281 936 2970 1023 ander zu leben, Insonderheit das Er
2293 989 2984 1064 yn glein in gmeine hußhaltung wen
2283 1027 2983 1112 den, sy aber ouch etwas er arbeiten
2279 1073 2988 1157 vnd sich deß billichen gnugen, vnd als
2270 1115 2988 1197 so alles mitt einandern niessen vnd
2293 1161 2963 1246 theilen söllind, das nicht nit wyters
2274 1203 2800 1296 darmitt bemugt so dem
2476 1317 2654 1430 Berre
2264 1431 2938 1523 Samuel Rohr der metzger Ist mitt
2276 1495 2948 1558 einer vermahnung, ins künfftig
2288 1535 2973 1599 des metzgens vnd Kuttlen wüschens
2278 1573 2953 1644 an Sontagen by wyl der predig vnd
2283 1618 2974 1697 darnach, mutzig regahn, für diß, als
2281 1662 2953 1743 das erste mal absoluiert worden.
2469 1750 2613 1832 Bern
2279 1830 2919 1924 Jacob Tschudi ist vermahnt worden.
2283 1895 2932 1965 das er nicht wyter unnötigen Co¬
2268 1931 2886 1996 sten vff Andres Schryber, den
2287 1970 2875 2042 helffer zu Thun, vmb syn schuld
2291 2006 2923 2086 tryben, vnd so er den Imme verpfandt
2300 2059 2907 2142 500 lbige brieff behalten wölle, Er
2288 2111 2914 2189 den vberrest imme hinuß geben sölle
2466 2167 2695 2261 Münsingen
2282 2236 2951 2321 An das Chorgricht schryben, söllind Jacob
2316 2303 2940 2358 aderach, so verschinnen Montags ledig
2293 2322 2907 2397 glassen worden, widerumb Inher
2306 2366 2919 2439 halten, uff daß er für syner nider
2300 2413 2922 2475 komnen Thirnen kindbettung im Ob
2306 2454 2934 2520 Spittal abschaffe, wyl sy imme das
2313 2492 2946 2560 erzügete, angentz gestorbne Khind,
2293 2529 2849 2614 In der genißt zugeeignet
