4032 3024
1324 353 1426 434 282.
1398 428 1986 564 Wyl nun er uff syner verneinung su
1399 493 1995 605 dann by irem abfahl, angelegter
1387 533 2005 647 wyß wider die hale und Sonnen kla¬
1388 574 1994 688 varheit verharret, Ist die gantze sach
1381 622 1992 724 In ein fürtrag gestellen beuolchen, vnd
1377 661 2004 761 der ein vnd ander puncten, beide was
1370 707 2006 815 den fäler, vnd den begangnen fräfel
1371 751 1993 845 betrifft, mitt gebürender pitt, den
1381 796 2010 886 erforderlichen ernst gegen der thirm
1387 843 1996 938 zuerzeigen, Ir E. heimgesetzt, auch
1379 880 1993 984 entzwüschen an fry weibel geschriben
1357 930 1997 1019 worden, Iren Man vnd die Jenige
1375 963 1993 1046 frouw, so sy naher Fryburg be¬
1378 1001 1997 1096 gleitet, hangehalten, Vnd sol die wir
1390 1050 2009 1140 hin hinuffe aus darnigsen gethan
1331 1096 1451 1165 Rd
1386 1175 1970 1280 Niclaus von dießbach, wyl er ouch
1422 1249 1987 1305 erschinnen, ist einfaltig vnd one an¬
1415 1282 2001 1349 regung obbemelter sach, vmb syn fröm¬
1415 1326 1993 1386 den habit ernsthafft censuriert worden
1412 1363 2002 1442 daruff er sich ergeben, soliches allewyl
1399 1404 1927 1481 er hie syn werche, zuenderen.
1379 1474 1987 1565 und uß disem anlaß ist gut befunden, daß
1397 1534 1991 1601 alle derglychen modisten, so in fröm¬
1407 1563 1985 1635 der Kleidung Iren lust suchend, beszeich¬
1402 1605 2000 1684 net, vnd nochmaln, daruon abzestahn
1421 1647 1782 1704 gewahrnet, weint.
1398 1738 1957 1818 Betreffend dann die anklag, so die
1402 1806 1966 1855 Wirthin wider Uli Marthaler iren
1418 1839 1979 1896 abgescheidnen, oben p. 277. geführt,
1392 1866 1984 1941 habend die vier kundtschafften anders
1398 1907 1950 1968 nüt züget, dann daß zwar imme an
1414 1943 1980 2016 heimlichen orten etwas schadens wi¬
1403 1981 1967 2049 der fahren gsin, von was ursachen aber
1410 2031 1993 2088 das geschechen seye, vnd daß er einicht
1416 2065 1987 2136 hury bekantlich worden, von dem
1398 2099 1683 2169 wüssint sy nüt.
1429 2185 1558 2257 Basel.
1653 2189 1906 2289 verwangen.
1409 2268 1981 2353 Halome Holtzschu Ist wider Hans
1417 2322 1981 2390 Ulrich Kleiner (wyl dessen vatter
1412 2361 1961 2434 sich der sach nit beladen wöllen.
1426 2404 1985 2476 ein Suchbrieff nach gmeiner form¬
1424 2448 2000 2529 ußgenommen die betroüwung erfursts
1427 2475 1972 2563 hr E. Landt, ertheilt worden, das
2584 283 2674 363 283
2167 357 2681 481 me hinder dero gepiet betretten
2061 409 2663 568 sy inne zum Rechten citieren lassen
2054 434 2173 523 wo sy
2082 529 2175 610 nige
2209 512 2613 639 Hertzogenbuchst
2074 599 2692 735 Cunrad Alder. der helffer. Ist vff ge¬
2083 657 2694 772 hans glüpt, sich ab diser züchtigung
2071 693 2696 822 zebesseren, vnd die gfangenschafft
2070 738 2716 861 an niemand zu rächen, wider heim¬
2072 781 2716 899 gewisen, darby aber ernstig vermahnt
2066 818 2717 946 worden, syn geschornen mutzbart, mitt
2072 873 2732 981 welichem er baß einem pfaffen, als einen
2092 916 2723 1026 redicanten glych sicht, zu enderen, vnd
2078 994 2349 1079 wachsen gelassen
2259 1067 2420 1150 Bern.
2091 1138 2719 1249 Barbli Wyßhanen, nach dem mich an
2098 1196 2704 1287 yner gfangensch ein vermugen ge¬
2061 1229 2725 1330 nommen, ist umb das argwönig nächt
2087 1285 2747 1360 lich spacieren vffem kilchhoff gebüren,
2088 1329 2719 1402 der maßen consuriert, sich dessen,
2087 1361 2718 1438 und aller argwönigen stucken nunmehr
2094 1412 2703 1494 gemüssigen, by betroüwter straff
2081 1455 2721 1541 vermahnt worden, mitt erkantnuß,
2073 1504 2731 1576 daß Sr. Dauid von Wattenwyl für
2089 1553 2535 1629 y den Costen leggen solle
2106 1633 2748 1728 Bern. Groß spittal, Bolling
2110 1731 2761 1818 Uli Waber vnd Bendicht zwygart, bei¬
2107 1790 2758 1853 de farrer im Grossen Spittal habend
2105 1830 2770 1884 bewilligung erlanget, mitt Iren Ehe¬
2108 1877 2764 1938 versprochnen vor der gmeind zu Bol¬
2091 1910 2595 1981 lingen den kilchgang ze thun
2111 1959 2545 2038 Ledel auch prod. alda
2315 2037 2464 2117 Bern.
2129 2084 2731 2161 Joseph Thommet hatt zwar nochmalen
2143 2147 2740 2209 syn fürgeben deß von Büren halb repe¬
2132 2173 2752 2232 tiert, und zum wortzeichen hinzugesetzt,
2122 2226 2740 2277 das derselb imme vnderm zytglogken
2133 2251 2764 2325 thurn vermeldet, syn fr muterlin durch
2133 2289 2784 2364 Ire magd der Kindbetterin entpotten
2142 2327 2755 2402 habe, so das khind syn, ires sohns sye i
2132 2369 2776 2447 ira daßelb zu schicken sölle. Wyl aber
2130 2403 2782 2483 imme thommet soliches und keinem anderen
2141 2452 2791 2528 by einer glüptnuß an Eids statt zuge¬
2145 2495 2795 2564 eignet worden, sol es darby verbly¬
2149 2530 2815 2606 ben, Er die straff an der hand nemmen,
2139 2572 2780 2653 und entzwüschen einer gegen sein anderen verhört
2700 2613 2798 2686 Hoch
