4032 3024
1264 338 1377 410 234.
1394 365 1975 475 zu erinneret worden, gredt, er wölle
1394 433 1966 523 ynhin gan huren, ist er wegen alles sehr
1392 473 1979 569 argwönig und verdechtig geschwol kein
1384 519 1963 629 kundschafft vorhanden, undt frytag sich
1382 570 1864 652 zebedenken ins hoch erkent.
1545 633 1741 718 Baru
1373 689 1969 789 Anna Wülserin Rosen stills witwe
1399 759 1988 835 wergen, welche offnung des lands von ihr
1392 801 1966 888 z begert ist grathen, das zu Mannaten
1402 849 1984 934 nach hingschlagen die Ursachen frey exilii er
1402 898 1979 991 forschen und ir der uf dero befelch hin be
1404 939 1809 1021 rrichtet werden söllind.
1536 1006 1811 1106 Bollingen
1387 1066 1974 1162 Nach dem ein gwüße mand person zu
1411 1126 1983 1202 Bollingen mit einer, dero er die ehe
1409 1176 1987 1243 ersprochen, kilchenrecht thun wöllen, doch
1422 1213 1966 1289 ohnen zedel es nit syn mögen, und an
1419 1257 1963 1326 zeigt worden, er in sei heimat, wyl
1409 1294 1974 1372 und kind habe, ist erkent, das der her
1403 1343 1977 1421 weibel by alhie arbeit enden leistschnyden
1397 1384 1961 1461 bschaffenheit diser sach, brecht zu nemmen
1387 1430 1987 1504 und wo etwas daran anordnung thun
1410 1473 2002 1553 das er durch die profosen alhar bracht
1387 1520 1531 1592 werde.
1578 1559 1707 1654 Bern
1385 1629 1971 1717 Nach dem Elsbethyseli, daniel Känel
1439 1690 1973 1764 einen weberknechten der ehe halb an.
1426 1736 1971 1808 gsprocher iro auch deß anert, doch sy
1450 1778 1983 1845 ich aber Elsbeth Otterli erklagt, das
1441 1818 2023 1892 selbe inne känel ihre ab und syn zühen
1434 1864 1990 1937 ernempt Otterlina desßen zwar an
1429 1903 1975 1976 ret, auch Vrena Cristen Vrena öffeli
1442 1941 1985 2024 Maria Wyler Elsbeth Gries Jacob
1435 1982 2003 2067 Argöwer, Samuel Loch und Hans Jacob
1418 2026 1984 2106 Balthasar, sölliches als vernachpurte
1417 2070 2009 2153 und kundschafften erhalten, doch sy sich mit
1443 2113 1972 2196 den, das sy imme gnant und gwäschen
1433 2153 2007 2234 habe beschönen, wil und das ich auch zwo
1436 2189 2007 2275 jungfrowen nun ein gott dahar beher
1432 2231 2029 2315 berget, dero die einte von dauid Tschire
1446 2268 1991 2355 schwanger worden, ist irenthals er
1435 2305 1990 2384 kent, das ernempter Otterlina ver¬
1433 2348 1997 2435 übten synzugs halb, welche nit alhie
1435 2394 2017 2476 anheimbsch sy gebürlich abzestraffen.
1419 2429 1952 2515 ihrs berichtet werden, söll nid
2600 252 2713 333 235.
2200 360 2356 450 Bari
2037 359 2686 554 streits in der vergeben
2075 432 2712 590 syner gewessnen dienstmagd, wegen er
2077 477 2708 649 selbige unzyttig us dem jar gschikt, von
2065 559 2538 695 des besten wegen 5 lb erlegen.
2043 724 2519 876 Rustus. 8. Mai 1679.
2228 795 2389 882 Ex sen.
2083 818 2503 952 zu seiner Bickart. Ind
2228 901 2387 976 Minist.
2069 945 2639 1039 er daran Schmid, Hr. Rütimeyer
2254 1004 2360 1069 div.
2063 1026 2767 1137 5. Fischer. Im hag. Monnier. von Werdt¬
2091 1167 2600 1265 Frießwyl. Schüpffen.
2055 1263 2744 1355 Bendicht zwygart ist von Küngolt Hasen
2082 1330 2759 1397 syner vor 4 jaren ussetzig und hie¬
2082 1364 2746 1421 mitt von der Welt besonderbar gewohne
2085 1413 2743 1476 erkenten, vnd Im Siechenhuß mitt der
2080 1444 2743 1521 pfrund versechnen hußfrouwen, wyl
2059 1494 2733 1569 sin fürgeben, ich vß deß Siechen nit
2078 1535 2752 1606 mund bezüget worden wahr syn, ge¬
2087 1575 2745 1644 scheiden, vnd Imme, sich anderfahrt ge¬
2077 1617 2767 1692 rehlichen erloupt, ira aber die Ehe E
2096 1664 2765 1739 sotten, es sye dann mitt Ires glychen,
2072 1706 2638 1788 vnd wie ira zuuor bewilliget.
2355 1782 2478 1871 Bern
2101 1785 2350 1884 daw.
2073 1863 2731 1955 Schryben an Schs und daran zu Thun
2079 1934 2740 1991 Söllind den helffer dahin halten vnd
2084 1965 2803 2031 vermahnen, daß er den Abraham Speng
2081 2002 2769 2074 ler In dessen namen syn bruder Joder
2083 2032 2758 2110 erschinnen) innamen synes constituent
2090 2083 2776 2159 unklagbar mache, mitt betroüwung,
2095 2127 2781 2198 man imme sonst yn recht lut urkundt
2092 2168 2516 2246 ergahn lassen werde
2240 2240 2539 2339 Rychenbach
2089 2311 2773 2412 Schryben an den 6. daselbs, sölle Nicli
2115 2382 2740 2452 jüng von grober worten wegen uff
2109 2414 2730 2490 nechsten montag alhar citieren.
2374 2472 2523 2539 Bern.
2122 2519 2812 2625 David Singenberg wäre zwar von syner
