4032 3024
1297 1352 1348 1412 C
1330 351 1414 423 314
1315 1054 1427 1118 Ex sen
1321 1102 1431 1169 Rinist
1321 1145 1415 1204 lie.
1380 781 1421 853 1
1388 415 1449 481 Er
1399 464 1468 513 che
1500 421 2007 536 Magdalena von Keillae, in de
1466 487 1991 576 it, deß woltschen predicanten
1442 514 1912 608 wittwen ynsegnen gelassen.
1506 584 1944 689 Kilchberg. Chunstett
1424 657 1996 758 Hans Schwytzer, der herren Manuelin
1433 706 2004 784 knecht ein zedel aus predicant
1424 753 1989 824 zu Muri, mitt Christina Pallod
1432 786 1984 870 yner Chersprochnen ein glyches
1424 829 1635 904 zeversichten.
1402 967 1968 1074 frytags 26. junii 1629.
1447 1043 2040 1154 H. Dachselhofer Juct. Gr. Venner Bickhalt
1447 1102 2008 1182 zu Stephan Schmid, H. Rütimeyer
1417 1133 1465 1214 zu
1472 1146 2036 1232 Fischer im Hag Monnier von Werdt
1583 1278 1621 1307 .
1616 1243 2000 1341 Schwartzenburg
1399 1329 1989 1414 Bendicht zwalen, In dessen namen einer
1410 1395 1991 1463 erschinnen, und umb bewilligung, das
1402 1423 1996 1496 er, als die schuldige person, sich wider
1405 1468 2007 1542 anderfahrt verehlichen möge, angehalten,
1402 1502 1998 1576 vyl imm das landt wider geöffnet,
1398 1554 1997 1620 sol er sich selbs umb syn begeren stellen
1607 1611 1810 1687 vätter kin
1425 1674 1993 1765 S. Hans Rebers deß alten predicanti
1429 1724 1832 1785 halb mir beuolchen, mitt
1834 1738 2007 1791 ihmme in die
1412 1758 2025 1836 Cantzly zu gahn und den rhatschlag co¬
1411 1792 1859 1864 stens halb suchen Zehelff
1428 1868 1968 1958 Mons. Kleinen Gumme
1625 1930 1907 2003 Müllenberg
1406 2004 2009 2081 sowol Maria Carli ab Irem ehman
1412 2059 2008 2117 Andres Remund verschinnen Mittwe¬
1421 2088 1994 2153 hens geklagt, daß neben dem er glych
1412 2125 1989 2199 nach dem hochzyt von ira gloffen und
1414 2165 1989 2233 ra kein guts gethan, er ouch ehlicher
1398 2207 1977 2265 wercken halb nit eines Manswärt
1411 2245 2003 2309 se. So hatt doch Sr. Doctor Annus vnd
1387 2278 2013 2349 i. Gabriel der Bruchschnyder, uff hütt
1396 2317 1983 2389 relatiert, das sy nit finden könnind, das
1401 2360 1980 2426 er imposens ge, worumb aber er
1396 2394 1980 2463 dissmalen, wie er selbs bekantlich
1404 2434 1989 2509 nit mitt ira schafften könne, sy nit
1390 2472 1698 2524 wüssen mögint,
1697 2479 2008 2537 Verwegen sy wie
1387 2504 2013 2591 derumb formlich zusamen bekent, vnd
2660 305 2748 367 315
2089 382 2784 523 den gefaßten vnwillen fallen gelassen, ouch
2082 440 2727 566 Jedes in pflicht zuleisten, sonderlichen
2078 469 2731 617 Er, alldiewyl der Zug nit gaht sich von
2082 511 2741 641 ua nit zeyßeren, sondern mitt Ire hußze¬
2080 549 2760 686 halten, Sie aber, sich der vnuerscheinten be¬
2081 587 2741 724 girden vnd reden In Irem alten nun mehr ge¬
2088 645 2757 753 überheben, vermahnt, und zu beiden syten in
2082 682 2768 808 glicht ufgnon, ouch soliches der E. zugeschriben
2092 777 2216 850 worden.
2132 760 2535 929 VEbordonne
2091 900 2806 998 Negenbergs Monrons uff begeren H. Cast
2110 958 2767 1026 lan Tauerneys, vnd bewilligung nich
2102 988 2751 1063 über die sach, so im vorgehnden Manual
2098 1031 2776 1118 eszeichnet, hatt der H. von Belletricht
2095 1068 2775 1145 als Richter am Chorgricht zu Vinis, wyl
2094 1110 2782 1197 er sich von anderer gschefften wegen hie befunden,
2098 1154 2768 1227 ein soliche erlüterung geben. 1. daß
2096 1192 2764 1274 gemelter Mouron ein grober einfaltiger
2107 1234 2769 1307 gsell, und wyl man imme kein zustand be¬
2098 1272 2766 1339 willigen wöllen, seyn sach darzu thun nit tüch
2102 1309 2784 1387 tig gsin sye 2. das die ergangne wort
2102 1339 2800 1418 vff gegebnen anlaß vnd fatzen eines ander
2110 1386 2793 1466 gescheit. 3. das er nit vß forcht diser sach
2104 1435 2814 1488 halb, sondern von der gesellschafft, so mitt
2099 1465 2807 1533 Ihm zogen, veranlaßet vnd vfgewisen uß
2100 1506 2790 1562 tregen ste. Hierüber, nach ablesung
2105 1556 2788 1599 der pcedur, erkent worden, obgedachten
2104 1585 2789 1644 8. Castlan. als seinem Vettern, anzuzeigen
2108 1618 2816 1677 er möge sich sicherlich vnd one besorgnuß
2104 1661 2804 1721 einicher gfahr sie stellen, so werde man
2114 1697 2798 1762 vber den handel absprech, vnd denselben
2106 1736 2311 1804 hie ußmachen
2253 1809 2662 1892 monsherrenbalm
2127 1879 2825 1938 Hans Forster, so auch Jacob Stöckli in krafft
2128 1931 2817 1987 urkundtlicher zu bekantnuß eines verspotts.
2130 1965 2809 2025 8 und ansprächig, ist biß nach der ernd noch
2114 2003 2789 2063 gedult ze tragen ermahnt und dem preden
2121 2024 2808 2103 zu gschriben worden, Inne biß doch sin oner
2124 2081 2789 2142 rystern vfzug zubezalen, wo nit, Er de
2125 2120 2787 2187 man imme andere mittel in Scheid geben
2179 2199 2746 2277 Bolling Seeberg. Bern
2142 2266 2767 2339 Wyl ders Buri die Elßbeth Otterlin
2158 2324 2823 2382 nach glychwol abgebußten Irem fäler
2149 2359 2831 2401 wie der Chor Weibel nich berichtet) et¬
2155 2398 2820 2457 lich zu behalten vnd zkilchen zefuhren
2155 2426 2826 2482 begerte Ist Inen daßelb zugelassen,
2162 2475 2833 2541 vnd der 8. Richter angesprochen, dene
