4032 3024
1299 349 1409 426 432
2562 361 2654 435 433.
1953 455 2527 630 Satannis 10 tob. 1629.
2103 535 2432 657 S. Exsenatu.
1990 605 2415 750 grisherr Amman hat.
2119 680 2279 773 sslinist
1989 741 2598 863 Er decan Schmid, H. Rütimeyer.
2146 821 2259 908 Civ.
2012 865 2662 982 Hr Monnier. H. von Werdt H. Heimberg.
2009 950 2229 1032 Hrn Reinhart
2132 1034 2421 1151 Adelboden
2014 1119 2698 1248 zwüschen Peter Kurtzen vnd Christina Bert¬
2052 1183 2674 1273 hin gesprochen, diewyl, wann sy ihm glych
2036 1221 2659 1311 etwas verheissen, soliches doch andrist nit
2027 1251 2681 1354 dann vff hier elteren gfallen hin gesche¬
2039 1298 2671 1397 chen, die nun gantz nit willig, sy ouch
2033 1335 2679 1428 sich erlüteret, das sy kein lust vnd willen
2043 1375 2663 1470 zu Ihm trage, vnd sonsten alters halb
2042 1416 2656 1505 noch vnuersunt, daß deßwegen syn
2042 1453 2683 1551 germeinte ansprach vfgehept, vnd Zetwa
2047 1496 2701 1597 derin, sich anderfart zu verehlichen erloupt
2041 1536 2693 1633 hieneben dann der tochter vatter (wyl ge¬
2056 1579 2705 1659 melter Kurtz vß etlichen synen Worten an¬
2053 1621 2702 1714 laß empfangen, ein frag an Inne langen Ze¬
2043 1664 2680 1747 lassen, so dahin gezilet, wann die Tochter
2051 1702 2671 1774 ein lust vnd liebe zu Ihm gedrunnen, ob
2057 1738 2700 1811 dann er Imme dieselb In den H. standt der
2062 1771 2711 1847 Ehe vertruwen wölte, deßen der vatter
2051 1807 2704 1892 wider syn gneinen, lut der E. berichts,
2062 1849 2702 1932 überzüget worden) der costen in zimm und
2050 1895 2536 1980 billigkeit vfgelegt syn sölle.
2259 1966 2462 2052 Bümplitz
2076 2020 2734 2114 Wegen Hans Meyers hatt H. Doctor dunus
2087 2077 2755 2160 und mr Gab Güntisperger, der bruchschny
2082 2122 2734 2187 der, ein sölichen bericht geben, daß syner
2094 2146 2739 2233 hußfrouwen Tag entgegen, kein mangel
2094 2188 2744 2264 in ihm sie die aber dessen ungeacht uß
2094 2225 2726 2311 truckenlich nochmalen gemeldet, das er sich
2086 2241 2758 2342 Iren nie angenommen, und kein ehliche Werck
2088 2292 2765 2373 mitt ira gübt habe, sy ouch sonst mitt kein
2097 2322 2746 2406 ein man weder zu schicken noch geschaffen ge¬
2097 2357 2743 2449 hert, Weliches er hingegen widersprochen
2094 2395 2734 2488 und vermeldet, er wölle es bim Eid zuge
2098 2434 2751 2533 das er mitt ira fleischliche Werk subt
2110 2479 2738 2574 wie ein biderman, vnd wyl sy Inne
