4032 3024
1359 360 1449 428 358
1447 399 2036 544 die vbergebung deß huses vnd zytlich
1451 471 2037 565 gut antrifft, so sy sich nit selbs ver¬
1441 509 2038 603 glychen könnend, widerumb für die
1440 553 2036 637 h. Weisenvögt gewisen, der dahar
1439 590 2052 678 entstandnen worten vnd vneinigkeit
1435 629 2061 714 halb aber Jedes zur bscheidenheit vnd
1444 671 2039 757 yner gebürenden pflicht vermahnt
1445 712 1543 771 worden
1434 825 2059 937 Mittwuchens. 5. Aug. 1629.
1692 904 1843 977 Exsen.
1440 946 1870 1028 S. Dachselhoffer. Ind.
1682 1004 1831 1072 Minist.
1460 1041 1976 1137 hr Schmid. S. Rütimeyer.
1664 1098 1776 1175 Civ.
1447 1151 2034 1245 h. Koch, S. Im Hag. Hr. Monnier
1675 1225 1793 1334 Lyß.
1434 1338 2049 1417 Madlena dauid ist von einem frömbden
1454 1394 2041 1447 Müllerknecht, dessin mann vnd vatter
1456 1423 2037 1483 land ira unbekant, von dem sy für
1461 1461 2034 1518 geben, daß er ira nechst verfloßnen
1443 1501 2032 1555 Aprellens die Ehe, vnd fürderliche zu
1443 1538 2034 1594 kilchen führung verheißen, sider har aber
1435 1577 2045 1631 durch ein eignen gotten ira alles abge¬
1441 1606 2039 1659 kundt, vnd daß er mitt einer andern
1443 1644 2049 1700 schafftet, entpotten habe, In ansechen,
1440 1677 2049 1721 snes betrigs ledig erkent, vnd wider
1444 1711 2055 1766 In die fryheit gestelt, sich anderfart
1450 1744 2044 1808 ze sehlichen, ouch ira der Costen, so sy
1445 1794 2055 1849 den ob synem gut hinden mitgen gebiet
1444 1823 1952 1887 erholen mag, zu erkent worden
1639 1896 1909 1984 Münsing
1427 1983 2033 2044 Jacob Läderach, wyl kein versunung
1460 2028 2048 2091 zwüschen imme und syner abgescheidnen
1463 2056 2064 2113 Anna Wantzenried de quib. sup. p. 101
1478 2099 2058 2161 verhoffen, und sy imme glych von an¬
1451 2111 2078 2198 Rang kein gut than, ist yn anderthalb¬
1459 2164 2057 2237 hürigs wartzil verkürtzt, imme wider¬
1450 2207 2059 2271 umb in die Ehe zustellen erloupt, vnd
1451 2247 2062 2316 für soliche bewilligung 9 lb. die vf¬
1447 2285 1659 2348 erlegt worden.
1686 2348 1926 2427 Conringen
1451 2404 2028 2492 Anna Hani, Christen Käsermans
1469 2461 2052 2522 abgescheidnen, hatt vmb erlouptnuß,
1479 2508 2043 2554 ich anderfahrt ze sehlichen, anhalten
1466 2509 2072 2603 lassen, das ira ouch bewilliget worde
2716 357 2811 421 359.
2251 395 2619 495 wyleroltingen
2115 438 2792 570 Hans Cämmli innamen Peter Cunis hatt
2136 500 2776 606 ein ußzug us dem vorgehnden Manual¬
2136 543 2740 639 vmb das, was sich zwüschen Ihm und
2125 577 2757 692 dem wirth zum Schlüssel alhie, eines
2118 610 2802 720 bottigen Gültbrieffs halb verloffen, be¬
2118 653 2817 763 gert, der imme ouch vergünstiget wor¬
2125 746 2194 811 den
2316 740 2688 838 Geristein Bern
2133 818 2796 913 Veter Schmid der Sitteren macher, vnd
2137 874 2803 960 Rudi der Studiosus habend etwas spane
2143 908 2787 994 einer bitteren halb gehept. Sy desselben
2129 948 2799 1041 zes glychen, sind sy für h Rütimeyer
2134 1011 2426 1085 gewisen worden.
2179 1084 2745 1173 kouffdorff Oberbalm
2149 1157 2845 1237 Hans Bachman, so etwas vber vortheilung
2144 1211 2850 1262 wider Hans Risen ze klagen, vnd zu erwysen
2142 1250 2826 1316 begert, Ist ein zedel auh. Stifftschaffner
2156 1289 2844 1354 ertheilt worden, denselben alhar fecitier¬
2153 1326 2829 1393 an mitt anzeig, daß er zuglych syn se
2147 1365 2825 1435 meinte kundtsch ouch harhalten sölle
2144 1409 2310 1472 und möge.
2376 1461 2495 1545 dern
2147 1560 2794 1637 zwüschen frouw Cathrina von Erlach
2151 1620 2835 1671 geborner Effingerin, Clegerin eins, deren
2141 1651 2855 1715 Hr Frantz Ludwig von Graffenried, ir schwa¬
2135 1689 2857 1749 ger, bygestanden, denne Caspar Wyßhanens
2149 1729 2861 1777 seligen Wittwen vnd tochter, verantworter
2146 1773 2860 1817 in anders theils, wegen grober Ehrrühriger
2138 1804 2852 1859 worten, dahar erwachsen, daß die frouw
2143 1851 2852 1917 das Barbli Wyßhanen angredt, Wann es et¬
2151 1882 2864 1948 was zugs habe, so ir hinweg geschickte Tagsey
2150 1924 2864 1991 Inen vß irem huß entfrömdet, vnd Imme ein
2138 1962 2815 2025 Brust tuch daruß gemacht haben solle, es
2148 2009 2865 2066 daßelb nit in Irer gegenwürtigkeit antragen
2156 2040 2853 2092 ölle, dann wol zumutmaßen, daß wo
2145 2083 2845 2143 das ein entwendte hinkommen, das ander
2155 2111 2862 2177 ouch daselbst zefinden syn wurde E. Er¬
2150 2150 2849 2220 kent, es sölle gemeltts Barbli (wie dann
2140 2195 2861 2260 beschechen) sich alhie bekennen vnd erkennen, das
2150 2234 2857 2303 es gegen der frouwen vberfahren, vnd andr
2159 2275 2868 2332 nit, dann alles liebs vnd guts, ouch was einer
2150 2310 2876 2374 ehrlichen frouwen vom Adel gezimme vnd gebü¬
2156 2357 2869 2421 re, von ira wüsse, deren es in keinen stucken
2155 2393 2866 2462 zeverglychen sye, vnd hiemitt die ergange
2164 2433 2874 2506 ren wort vfgehept, vnd die frouw irer Adelich
2160 2467 2860 2547 ehren wol verwahrt seyn. Wyßhauli aber
2163 2509 2825 2591 die behalten, die es hett. Weliches zu
