4032 3024
1491 339 1548 416 30
1571 401 2133 493 erwinden wölle, vnd getroffen zu
1560 463 2127 533 yn vermeine, in dem, was er beschi
1551 501 2137 576 lich machen und erwysen kan, daß
1558 542 2142 610 mit le verkanten, vnd deßwegen auch
1559 588 2146 650 imme nit anzerechnen gehört, des
1543 625 2161 706 halben widrumb für die herr sprücht
1537 668 2155 742 so hieuor darmitt vmbgangen ge¬
1553 706 2133 780 eisen syn, und dannethin fürs
1550 748 2147 818 dritt In der Cantzli, oder anderst¬
1543 786 2142 863 wo nachforschen vnd erkundigen, ob
1561 831 2126 911 nit gemelten Khinden das zukommen der
1568 872 2158 945 frund biß uff Andrea von mih
1549 913 2161 983 bewilliget vnd gelaßen worden, wyl
1567 953 2153 1013 dauid dem zuwider gemeint, es
1554 996 2160 1068 hetten Ihm angenig zu sinem yntritt
1595 1036 2149 1106 3 Mütt zugemessen vnd vbergeben
1567 1075 2143 1144 wden soll hieneben Ist Jeder
1575 1118 2153 1183 ply ein halbs urteil gelt uff erlegt
1552 1167 1661 1226 worden.
1617 1255 2112 1349 Bern. Ortschwaben
1560 1338 2131 1412 Michel Augspurger von Worb, ein
1585 1399 2126 1466 Müllerknecht, ist war für syn
1604 1435 2147 1504 person deß spilens im Obern spittal
1599 1481 2174 1543 bekantlich gsin, darby aber vermeldet.
1577 1511 2144 1580 daß weder der alt schwytzer, noch
1600 1550 2164 1620 deß Kornis knab domal noch sonst
1613 1589 2148 1668 sonder allein der jung schwytzer
1592 1618 2129 1703 vnd ein becken knab, der siderhan
1585 1661 2171 1745 Gott beuolchen, by imme gsin sye, deß
1601 1702 2141 1782 wegen er nach der satzung umb die
1613 1739 2139 1830 gewonte straff verfelt und gut
1615 1773 2144 1875 funden worden, der angebne auch
1606 1810 1902 1895 beschickt erden solle.
1740 1891 1908 1971 Sanen.
1616 1971 2182 2093 Anna Hürtzeler hatt durch ein sup¬
1630 2034 2176 2132 plication begert, daß man sy und Hans
1625 2066 2185 2178 i nochmalen ehlich zusamen kom¬
1627 2108 2136 2208 men lassen, oder Inen zu demselben
1630 2143 2160 2256 gegen er G. befürdersam syn wölte.
1647 2181 2173 2299 aber dessen In ansechen der Satz¬
1636 2204 2146 2321 ung vnd vorgehnder Vrteil ab: vnd
1654 2283 1723 2335 den
1644 2247 2200 2382 für den höchern gwalt gewisen wor¬
2252 329 2923 485 Frytags. 7. novemb. 1628.
2459 432 2705 523 e Senatu
2292 459 2454 566 cs.
2404 477 2820 576 Venner von Werdt Jud.
2393 526 2791 628 u Dachselhoffer
2506 574 2712 649 Minist.
2313 585 2955 731 hr der an Schmid, Hr Langhans
2580 671 2667 749 dib.
2311 702 2942 830 hr Sultzer h. Hirtz s im hagen.
2283 852 2957 984 Nider bottigen. Nüweneck
2503 924 2724 1000 üchlingen
2296 1045 2949 1143 Melcher Burgman, so hieuor den
2321 1102 2943 1169 25. Jan. 1626. als die schuldige
2301 1140 2933 1223 pson von Elßbeth Vetter gescheiden
2310 1173 2929 1254 worden, hatt erlouptnuß begert
2316 1214 2952 1286 sich anderfahrt zu verehlichen, vnd
2613 1249 2943 1329 schyn von der e
2309 1268 2621 1339 vff solichend ein
2331 1298 2943 1366 u Nüwenegg umb syn verhalten
2327 1348 2959 1411 yngelegt. Wyl aber Er ohne
2337 1371 3001 1457 vnd vor erlouptnuß sich anderfahrt
2328 1421 2991 1493 mitt Susanna Hidler ehlich ver
2328 1464 3021 1534 sprochen, dieselbe daruff geschwenget.
2310 1509 3002 1577 und ein khind von ira erzüget, ist
2321 1542 2973 1612 syn begeren einmal yngestelt. vnd
2326 1580 3023 1657 imme, daß er uff nechstkünfftig von
2338 1624 3017 1702 tag sampt syner eheversprochnen wider
2331 1668 2983 1746 erschynen sölle, zu erkundigen, ob sy
2329 1712 2996 1787 umb syn verspennigung etwas gewüßt
2341 1753 2993 1822 habe oder nit angezeigt, ouch dem
2375 1789 2992 1864 Predicanten zu Bümplitz geschriben
2342 1838 3005 1907 worden, nicht biß dahin zu berichten,
2342 1881 3001 1946 ob er das Khind eh, oder vnehlich
2349 1920 2633 1989 getoufft habe.
2390 1997 2808 2083 angnouw Trib.
2334 2088 3019 2174 Ulrich Nötlisperger hatt begert, man
2365 2148 2987 2222 imme nach und zu lassen wölte, das er
2358 2185 2989 2242 Elßbeth Koler, Sand Lanckhusers
2382 2225 2964 2296 verlassne, der imme geschwüsterte
2350 2261 2984 2333 Rhind gewesen, ehlichen möge, so es
2343 2281 3004 2360 der satzung nit gar zuwidern, So
2351 2352 2989 2414 nun uß synen worten abzenemmen, das
2363 2385 2982 2448 y einandern mitt sölicher condition
2347 2420 3007 2491 versprochen, Ist notwendig befunden, das
2347 2459 3030 2535 die wybspson sich ouch alhie stellen, vnd
2353 2495 3038 2572 zumselben vnd die sach biß von hütt über
2362 2546 2763 2618 8 tag gehoben syn sölle
2331 2582 2983 2684 Dem h. landtvogt söliches schryben.
2901 252 2981 305 31.
