4032 3024
1435 332 1519 405 166
1557 371 2147 466 ouch alhie Piore Semoraux der
1559 438 2137 506 Ehe angesprochen, vnd angezeigt,
1548 476 2152 550 das er ira zwen Ring daruff hin ge¬
1546 525 2149 604 geben habe. Er aber hingegen beiden
1540 559 2159 641 die Eheversprechung vnd die gab uff
1525 600 2152 678 die Ehe, wie ouch hieneben das s
1539 643 2146 723 neinet, das er (wie Imme vß des Chor¬
1543 686 2158 772 grichts post scripto fürgehalten worden,
1549 732 2170 816 schon vor 5 Jaren einer tochter zu Medieren
1534 775 2169 858 mitt nien qua Nicolas, vnd ebenmeßig
1538 821 2171 912 einer tochter von Cario zu, namens loysen
1534 871 2183 951 saquier, ouch versprochen, und nachen wärts
1536 911 2172 996 die Ehegab wider zu synen handen gefor¬
1525 949 2163 1035 deret haben sölle etc. Wyl nun sy ire
1530 996 2154 1079 ansprach nit erwisen, ist dieselbe vermög
1540 1036 2168 1115 versatzung vffgehept, vnd beide, sich an¬
1538 1080 2165 1162 derwertig zu verehlichen, wider zu vorige
1544 1117 2152 1198 fryheit gesetzt, Costens halb dann er¬
1548 1161 2162 1245 kent worden, diewyl sy ir fürgeben
1539 1197 2149 1281 nit erwysen können, er aber ira stäts
1545 1243 2133 1327 und ungeschücht nach sogen, sy deßwegen
1537 1278 2140 1354 den Chorgrichtlichen Costen, so dazuuon
1546 1320 2147 1398 vfgeloffen, ein andern zu glycher burdi
1540 1365 2137 1425 tragen helffen, den übrigen dann Jedes
1542 1405 2135 1476 an sich selbs haben. Jedoch Er Ihra an
1556 1453 2163 1519 hren Costen diser reiß 15 fl ze stühr
1540 1476 2156 1562 geben, vnd sy ime die ring wider zu¬
1546 1517 1772 1591 stellen solle.
1554 1606 2125 1703 An herren landtvogt zu Milden schryben
1558 1659 2132 1738 Sölle dem Chorgricht obbemelts orts
1558 1704 2103 1776 fürbilden, So der ein oder ander,
1571 1744 2107 1813 sye in unküschheit übertrinken
1562 1790 2129 1863 schlegerin, oder anderer gstalt wider
1570 1821 2106 1896 Christenliche disciplin etwas ver¬
1565 1860 2116 1939 fält, und darumb nit gestrafft.
1568 1899 2120 1976 der so gedachter Semoraus zwi¬
1566 1929 2128 2015 facher Ehe verheißung im verdacht,
1568 1965 2136 2057 dasselb aber nit erforschet worden,
1554 2008 2136 2098 rüssint sy, was er ampt diß orts
1556 2044 2127 2131 von Inen erfordere, vnd so sy dasselb
1561 2079 2132 2166 nit gethan, gebind sy anders nüt dann
1556 2113 2128 2210 Iren unflyß zu erkennen. Dem nach
1551 2157 2133 2243 znen ynscheruffen, das sy mitt anmu¬
1549 2194 2137 2298 stung deß Eydts nit so gäch und güdig
1540 2242 2136 2332 yen, sonders zuthe ansprachen, wie
1550 2278 2123 2369 zu anderen sachen, die kundtschafft
1551 2313 2151 2430 zur handt nemmen und walten lassen söllin
1603 2378 2109 2524 Thunstetten erwangen
1577 2431 2123 2567 Obwol ders Hertzog, weibel zu Thur
1581 2491 1842 2573 stetten, durch sy
1852 2524 2144 2610 zugelegte suppli¬
2893 321 2980 404 167
2314 362 2906 447 ation so wol vmb milterung den
2311 429 2914 489 hieuor Barbara Sägißer für den
2314 457 2945 524 krantz gesprochnen summ, als ouch umb
2313 489 2985 569 erlassung der Imme selbs uferlegten straf
2309 535 2968 609 angehalten, vnder welichem er mith vn
2310 573 2958 656 teil fürnemmlich zweyer stucken halb
2311 607 2987 698 getadlet, als daß dem sohn für den krat
2305 662 2981 741 zuvil, Ime aber uferlegt worden, dar
2305 701 2974 790 umb der vogt inne zu bussen begere etc.
2297 746 2962 819 habend doch auß sich erzieret, daß sy
2301 783 2950 856 hieuor alles ryfflich betrachtet, vnd vß
2878 831 2945 892 syn
2294 823 2884 898 den vmbstenden abnemmen können, das
2293 866 2959 938 Sohn ira diethe versprochen, ob schon
2301 904 2962 972 er nit die intention gehept, Ire gehalten
2743 951 2949 1005 Dann sy
2299 953 2747 1017 sondern sy zu mißbruchet,
2305 995 2987 1054 inne standthafft vnd mitt sonderen yffer
2298 1032 2957 1097 zugesprochen, daß sy vor Gott nit ge¬
2299 1068 2950 1133 scheiden, sondern vor Gott Ehelut syen
2289 1115 2956 1180 deßwegen dem Vatter söliches, vnd das
2286 1153 2945 1214 man weder zu dem ein noch andern et¬
2288 1186 2949 1258 Was anderen Tode, eröffnet, vnd dar¬
2298 1226 2959 1294 über ein schryben an h vogt erkent
2287 1277 2957 1351 worden, darinn imme ze verstahn geben wi
2301 1307 2963 1381 ölle, das nicht es by vorgehnder vrteil vn¬
2294 1366 2923 1423 geendert verblyben lassind, vnd das uß
2282 1400 2913 1453 hieuor erwognen zuen bewußten Vrsach
2288 1432 2960 1498 sonderlich aber der 18 lb igl. straff halb
2285 1473 2949 1539 darumb, wyl das vnordenliche zusamen
2294 1517 2970 1568 legen knechten vnd magden sie geoffenbaret
2284 1552 2944 1623 und zuvor durch inne hervogt nit in die
2298 1596 2944 1658 traff gezogen worden, vnd vermög die
2287 1631 2920 1697 vorred in der Chorsatzung, was alhie
2286 1680 2936 1744 durch die mehrere sein gevrteilet wie¬
2284 1715 2927 1779 dasselb dem nach ouch, one daß es eines
2284 1759 2935 1824 Amptmans endung, oder das ers noch ein
2287 1797 2932 1863 mal bussen wölle, bestand haben sölle
2287 1831 2960 1903 es wurde dann dem begerenden ein nütt
2281 1869 2576 1936 recht bewilliget.
2299 1935 2727 2021 Bern. Milden
2281 2019 2945 2090 Madlen Müller, der Köchi Barbel toch¬
2296 2070 2939 2115 ter, vnd damit Moridons ein stein
2291 2107 2939 2165 houwer gsell, sind einandern bekantlich,
2287 2148 2940 2207 daß sy einandern mitt dem vorbe¬
2274 2178 2956 2244 halt, das es imme biß sie Johans Tag wart
2285 2228 2920 2281 sölle, die Ehe verheissen, darüber den
2283 2251 2942 2306 byschlaff verbracht, und eben in dem gman
2287 2298 2950 2361 da vatter vnd muter ligind, by einanderen
2284 2331 2953 2398 glegen syen. Wyl nun nicht sich erhueret,
2286 2380 2943 2442 das es deß vorgehnden mals den mitt den
2280 2429 2935 2489 usstrettnen Scluester begangnen byschlaff
2290 2456 2942 2535 mitt dem beschönt, das er imme die ehe v
2291 2497 2922 2567 heisen habe, sind sy beide einmal
2282 2544 2907 2602 hinab erkent worden, vff das die
2276 2575 2944 2658 sach mitt beßeren mussen erleüthet we¬
