4032 3024
1462 361 1533 425 6.
1581 438 2216 526 das nun für das ander obberührts
1572 504 2178 560 Khind betrifft, da sy droben vnd
1574 535 2164 608 alhie standhafft vermeldet, daß
1573 576 2177 639 öliches nit ires Ehemans, sondern
1567 615 2179 683 Schwendimans sye, der aber es nit
1576 666 2206 739 arfür erkennen noch annemmen wöllen,
1591 695 2193 766 vyl eins theils sy imme dasselb nit
1585 737 2183 805 alsbald nach der genißt, noch sider
1578 773 2206 834 har, als erst den angepotten vnd zu¬
1574 808 2205 878 geschickt habe, Anders theils dann,
1580 853 2179 919 obwol er nit ab sye, denn daß er
1588 890 2189 961 ich vffem letsten tag Aprilis 1626.
1579 926 2218 989 In der statt thun leider mitt ira
1573 977 2177 1023 fleischlich vergessen, Inmassen es sich
1585 1012 2172 1069 imme villicht der lyb und that nach
1591 1043 2182 1105 züchen möchte, doch dennocht seye
1576 1084 2199 1148 es gar zwyffelhafftig, vnd möge
1595 1123 2210 1188 s es nit wüssen, wyl sy ein ehe
1586 1156 1887 1230 man gehert heige.
1932 1160 2196 1223 So nun aber
1570 1199 2211 1259 sy imme under ougen uff irem fürgeben
1577 1236 2189 1301 geharret, vnd vber allerhand vmb¬
1566 1277 2196 1348 stendtliche vnd gnugsame fürbildung
1585 1316 2207 1386 by einer glüpt an Eidsstatt in deß
1564 1372 2199 1419 zu richters hand erhalten, und vor dem
1577 1395 2212 1465 Angsicht deß Allwüssenden, gerechten,
1579 1440 2208 1489 vahren, lebendigen Gottes bezüg¬
1580 1466 2197 1528 et, das Schwendiman disers Kinds
1575 1505 2209 1562 vatter sye, Ist Imme dasselb zuer¬
1589 1545 2205 1611 kent, und imme ufbunden worden, es
1577 1579 2190 1653 für das syn anzunemmen und mitt
1583 1617 2202 1677 notwendigem fahl und rhat zu
1579 1657 2182 1722 versorgen. Dannethin gesagtem Vr
1588 1695 2189 1765 ter für die kindbetti 3 f und
1586 1724 2212 1809 darzu für syn vorderung, das er das
1579 1775 2180 1845 kind als weliches er für syn eigen
1583 1815 2218 1895 fleisch und blut geachtet) mitt vnd
1566 1856 2223 1925 derhaltung versechen, 10 t. zu ent¬
1573 1901 2190 1970 richten, dessen er sich dann In ansech
1589 1933 2233 2007 obangedütz enttragens und anderen
1581 1978 2035 2061 vrsachen Grūngen sol¬
1588 2050 2206 2129 Anlangend furs dritt die reden, da
1613 2104 2225 2172 sy imme droben fürgehalten, er habe
1608 2138 2212 2197 sich vor iren ouch anderer wyberen be¬
1609 2182 2185 2231 reündt, vnd zwo derselben genamset,
1598 2219 2179 2276 die imme zuwillen worden syen, und
1594 2243 2170 2308 sich nit so lang als sy gewidriget.
1606 2280 2194 2350 hab nit etc. Weliches alles er starck
1601 2317 2183 2389 und by erpietung Eyds vermeinet
1621 2351 2181 2422 znen anzeigt worden, das ich
1603 2391 2214 2459 es dißmalen für nichtig haltind, und
1600 2433 2218 2500 nüt daruff setzen, sonder das besser
1607 2471 2204 2544 glouben wellindt, Mitt vermahnung
1606 2503 2234 2592 an sy, sich derglychen Worten ze über¬
1595 2551 2251 2628 heben, sy wüsse es dann zu bewysen.
1622 2598 2192 2684 und die wyl nun sy ires Khind erst
1618 2663 2192 2730 nach jar und tag einem anderen
2958 288 3008 357 7.
2362 376 2980 478 vatter überantwortet, Ist sy, nach¬
2351 447 2965 526 Inhalt der Satzung wider hinab er¬
2356 463 3019 573 kant, vnd solicher puncten für Rhat
2355 520 2676 620 geschlagen worden.
2336 594 3029 711 Endtlich belangend Schwendimans ab¬
2376 649 3025 738 bussung vmb den andern geoffenbar
2363 681 3029 771 ten fäler, Ist die delibation darüber
2367 733 2987 811 biß vff syn widerheim kunfft von
2363 772 2992 860 pffendt, yngestelt, vnd Imme ein glüpt
2355 818 2991 903 abgenommen worden, sich uff erstes er¬
2352 863 2887 950 forden widrumb gestellen etc.
2340 986 2908 1071 Wietlispach Coringe
2356 1075 3010 1166 Elßbeth. Schnebli, so alhie byl. v.
2371 1134 2992 1208 Birkhart dienet, hatt mitt bystand
2370 1174 3004 1248 Hans Matthys Ires Vettern eröffnet
2389 1218 3008 1285 sie daß sy sich vor etwas zyts mitt
2352 1262 3004 1331 durs Vbersatz, dem gethenen Wirth
2369 1310 3001 1384 In etwas ehersprechung uff syn
2359 1361 3003 1429 anhalten vnd gut fürgeben, alhie
2363 1397 3015 1460 zugelaßen. So nun aber söliches an¬
2362 1431 3025 1517 derst nit, dann mitt gewesser condi¬
2373 1477 3004 1560 tion geschechen. Er ouch Iren nit le¬
2373 1532 2995 1598 halten gesinnet, vnd die sach nit volm
2359 1564 3021 1633 zogen, sondern, wie sy in erfahrung
2362 1625 2984 1682 gebracht, sich mitt syner vorigen
2366 1652 3004 1728 abgescheidnen vssem landt gemacht,
2352 1695 2974 1768 begere sy nit lenger gegen Imme alß
2356 1739 2991 1813 verstrickt besitz, sonder ehlich pflicht
2360 1782 2997 1854 ledig erkent, Nu werden. Ihn an
2365 1825 2970 1895 sechen welicher Vrsachen, vnd das nich
2365 1872 2958 1941 nit rhatsam funden, daß Sy an ein
2381 1910 2982 1979 ölichen gsellen bunden syn sölle, fra
2369 1958 3000 2012 bewilliget worden, sich diser Ver¬
2353 2007 2970 2069 lobnuß vngehindert, ander weitig
2382 2043 3013 2116 sehlichen zemögen, Mitt zustellung
2372 2081 2885 2157 Costens biß uff syn zyt
2587 2148 2763 2227 Böthen
2414 2206 2574 2288 Effing
2680 2206 2988 2300 Censpuren
2397 2301 2991 2367 die spenige eherr sprechung zwü
2396 2349 2981 2408 schen Verena Gautlerin, vnd
2401 2391 2993 2450 Hans Nußboum, wyl er ussert dem
2404 2424 2990 2494 byschlaff nüt bekantlich syn wöllen
2389 2469 3034 2540 und sy imme zuwillen worden, one
2390 2505 3040 2573 daß sy ire ansprach uff inne er wy
2407 2541 3010 2614 en könne, Ist vffgehept, vnd nichtig
2402 2586 3003 2667 erkent, ouch hiemitt besiden erloupt
