4032 3024
1289 396 1388 475 160.
1339 479 1876 603 frytags 23. Octobris 1629.
1615 562 1770 634 Exsen.
1389 600 1831 698 Hr Tügherr Amman. Ind.
1587 667 1750 744 Minist.
1389 722 1874 817 Hr Langhaus. Hr. Rütimeyer
1603 786 1689 852 Civ
1411 830 1915 925 S. Monnier von Werdt Heimberg.
1774 896 1909 961 Reinhart.
1613 988 1837 1065 Rünitz.
1410 1076 1952 1156 Hans Weibel vnd Cathrin Schreyer
1418 1133 1940 1193 diensten, sind verschinnen Mittwe¬
1427 1164 1955 1226 chens von der E. bargeschickt, dar¬
1429 1205 1947 1259 über mitt worten examiniert, vnd
1413 1241 1969 1305 diewyl sy der thätlichen unküschhin
1417 1276 1945 1347 nit bekantlich syn wöllen, ob schon
1407 1314 1952 1386 sy bysamen zu synem bett gefunden
1401 1354 1961 1417 worden, die magd ouch sich für kein
1415 1386 1952 1474 darstellen dörffen, domalen, beide
1402 1424 1959 1501 hinab gesetzt, vnd den hebammen, sye
1404 1466 1958 1547 zubesichtigen beuolchen worden, die
1403 1500 1954 1575 aber so wol vor den hebammen ohne
1398 1538 1944 1613 besichtigung, als ouch vor wil¬
1397 1567 1958 1649 sich deß fälers schuldig geben, dessen
1406 1619 1963 1690 zuglych ouch er nit ab syn können,
1398 1643 1967 1736 Allein v. meldet, das es nit domaln,
1400 1688 1969 1762 als der meister sy by ein andern ge¬
1400 1725 1975 1808 funde, sondern daruor geschechen sye.
1394 1757 1995 1854 Hieruff beide, das sy zuvollem abbüßiet,
1391 1813 1811 1896 widrumb hinab erkent.
1607 1914 1891 2000 frutingen.
1544 1921 1597 1989 1
1442 1990 1981 2084 Margreth Willen, die schuldige per¬
1435 2030 1985 2120 son, hatt zwar durch den Weibel
1419 2064 1997 2161 Burgener, umb erlouptnuß, sich an¬
1415 2097 1981 2195 derfart zerschlichen anhalten, vnd
1420 2134 1984 2233 zu dem end ein schyn von der E. gu¬
1426 2159 2010 2276 legen lassen, darüber dem H. Cast¬
1421 2206 1998 2311 lan geschriben worden, sye, wie auch
1427 2240 1985 2349 Ins künfftig alle andere ein glychs
1426 2282 1995 2388 begerende Peyen, sonderlich die fäl
1414 2317 2015 2423 baren, versönlich harte wysen, vnd
1421 2347 2036 2460 das soliches geschechen sölle, ouch den pu
1409 2407 1939 2509 dicanten vnd andere zeunderrichten
1656 2473 1915 2555 Büntlitz.
1477 2522 1985 2633 Barbli Grad Ist vom Chorg
1484 2581 2015 2679 schrifftlich verleidet worden, daß
2560 378 2660 457 468.
2011 435 2607 592 s nochmalen vnuerschamter wyß
2000 502 2607 632 Ire meinung, so wol Ires Ehemans
2000 525 2641 667 als anderer halb noch ein keine magd
2009 575 2624 730 ze syn, erhalten dörffe, geb was die
2009 616 2651 754 hebammen von ira gezüget habindt, sol
2013 667 2663 798 deßwegen uffen nechsten montag ynher
2006 758 2231 853 gehalten beyden
2213 821 2414 914 Sudressin
2032 875 2653 1001 Marie Champion, mitt bystand ires
2046 921 2646 1031 vatters, hatt uff volführte ruff
2043 961 2675 1092 wider Rudi Blanchod, neben zuspruch
2032 1015 2662 1125 Costens ob synem gut, die schidigung,
2035 1048 2685 1167 vnd fryheit sich anderfahrt her sehlichen,
2002 1115 2321 1207 elanget, Sampt
2045 1137 2692 1265 einem schryben an herren landtvogt,
2071 1202 2698 1287 inne, da er widrumb zland kämen, mitt
2070 1233 2705 1328 dem Eid ze verwysen, und ira wegen irer
2057 1265 2707 1373 zweyen by hin erzügeter khinden synes
2067 1313 2676 1406 gütlis halb, so etwas verhanden, je nach
2045 1349 2694 1453 desselben beschaffenheit, die handt Zeuget
2054 1390 2702 1495 vnd syner fürsichtigkeit nach darinn ze¬
2049 1468 2180 1540 handlen
2382 1516 2591 1601 Bümplitz.
2139 1562 2271 1618 Bern
2096 1570 2605 1670 Wattenwyl, Zürich
2073 1665 2667 1755 Heinrich Breit dem Jungen, mitt
2104 1699 2669 1798 Barbli Meyer von Schintznach,
2099 1740 2675 1831 vor der gmeind zu Bümplitz. Denne
2091 1772 2728 1880 Bendicht Trachsel, mitt Anna Büler,
2104 1816 2711 1925 uß der Herrschafft Grünigen Züricher
2098 1860 2717 1979 gepiets, so beide by g Michel Wag
2098 1905 2744 1995 ner alhie im dienst, vff desselben Tedel
2104 1939 2753 2045 hin, zu Muri der kilchgang bewilliget.
2177 2047 2444 2146 Holen.
2134 2097 2744 2219 Nicli Nohts hatt verschinnen Mittwuch¬
2149 2153 2742 2260 ens vnd hütt nit verneinen können, den
2114 2194 2736 2309 daß er Elßi Krugler einer Wittwen,
2132 2224 2733 2338 die Ehe, vnd sy im herbst zkilchen Ze¬
2133 2269 2741 2376 fuhren verscheissen habe, daß er sy ab
2118 2305 2750 2420 rschinnen herbsts zum andern mal
2136 2347 2728 2467 beschlafen, deßelben nit gestendig syn
2122 2391 2747 2501 wöllen, wie wol sy es imme under jugen
2149 2423 2750 2536 erhalten, ouch zyt und ort vernambset,
2135 2464 2759 2567 deßwegen er biß vff hütt in die ge¬
