4032 3024
765 1521 820 1622 60
858 1018 1810 1156 vnd vor das haus gethan, vnd gleich darauff
868 1114 1785 1214 habind si der boltzenen gesagt, warun sy sich
868 1177 1824 1289 doch eines solchen montschen aneine, vnd wie leicht¬
866 1254 1843 1357 lich des H. Landtwogt Herbers im hauß, das geschrey des
851 1319 1750 1432 Annelis hättend hören können, hierauff die
859 1390 1817 1503 boltzenen zu Ihnen beyden grantwortet, wann d
877 1460 1812 1560 dem Aneli in dem ofen gar wehr währe worden
869 1525 1833 1610 so wolte sih Ihm gifft gu esen geben haben, vnd wan
872 1594 1830 1660 es tod währe, vort so hutte sie es nachtlicher weiß
870 1648 1869 1761 vor ds Gorhaups geschweipft, auch habe die Boltzenen
853 1714 1860 1824 Ihnen gesagt, daß das Anneli Ihro verdeuhet gehabt
868 1778 1860 1888 Es seye der H. Haubtman Jacob asm, so Ihns von dem
871 1846 1531 1964 Borhauss habt helffen wegtragen
868 1908 1827 2042 derowegen dan mtsl. Examinator also bald nach der
874 1997 1800 2109 Soltzenen geschickt, vnd wegen diher vnd der
888 2072 1764 2182 vorgifftung halben zu red gestelt, welches die
885 2147 1835 2257 Holtzenen also beantwortet, siy habe nir gesagt,
886 2218 1839 2330 es währe schier kein sund, wan man einem solchen
1922 1223 1995 1321 6
2812 961 2880 1051 37
1994 1012 3041 1129 bosen möntschen wie das Bnneli ist, daß so vill vnheil¬
2014 1097 3067 1196 in der Statt vnd in dr Haußhaltungen angestolt, mit
2008 1160 3054 1265 giebt vergebte, allein sicy hätte es deuoch nit gethan
2011 1211 3051 1316 im übrigen seye, es wahr, das das Anneli Steman
2016 1279 3036 1394 Ihro in der Ruch gesagt, es seye den H. Haubtman
2024 1338 3033 1459 Jacob deuer gsin, so Ihns von dem Ghaehauss habe
1998 1420 2427 1527 holffen wegtragen
1991 1553 3010 1671 Nach disem allen wurde mit dem Eramen des
2015 1628 2996 1736 Anoli Steimans fehrners fohrt gefahren, vnd wegen
2030 1689 3029 1814 byschlaff vnd leibsgemeinschafft befragt, darauff
2037 1766 3045 1877 Es Aueli zur antwort geben, es könne gar nit weiters
2211 1813 3066 1928 mt mit jemand anders zuthun gehabt, als
2032 1842 2195 1927 hekomen
2545 1885 2815 1993 Namblichen
2043 1885 2464 1978 wie bereidt bekendt.
2021 1978 3046 2106 Herr Sauwherren schreiber Willading seelig habe Ihns
1995 2050 3010 2174 Iim seinem Haus zu zweyen mahlen beschlaffen.
2032 2130 2805 2250 mit herren Cantor uchbli etlich mahlen
2032 2168 3049 2304 mit herr Landen E Alexander Sächender einmahl
2022 2243 2736 2364 vnd das vor ohngesehrt 3. Jahren.
