4032 3024
1057 1015 1790 1102 onfrontation danns
883 1068 1781 1186 Blausers mit Grant Leutsch
922 1129 1786 1221 einem staljenischen Kauffmann und
974 1199 1572 1287 Einwohner zu Sollothurn
897 1278 1881 1388 Nachdeme Ihr Bril. hiebevor durch ab¬
896 1348 1901 1441 gestatteten Bericht AbHhl. Rahtsherr Willa¬
895 1403 1870 1488 dings verständiget worden waß maßen
911 1443 1863 1508 der in Oberkeitlichen Banden enthaltene
895 1496 1827 1580 Hanns Glauser von Jegistorff vnder An¬
910 1547 1846 1621 derei in seiner Vergicht angezeigt, daß
905 1610 1822 1681 ein Gewußer Adriay und Er alles ent-
906 1657 1814 1738 wendte Silber gschir Ringen nach Sollo
900 1701 1873 1784 thurn getragen, daselbsten zweyen Weltschen
896 1755 1884 1841 Krämeren, deren der Eite vordiesem seinen
902 1820 1875 1905 Kramladen bym Gaßlin am Eggen gegen der
913 1861 1846 1956 Neuwen Kirchen gehabt, allwo das waß er
911 1918 1801 2005 gegen der Muhl lauf, der Ander. Aber
907 1979 1852 2069 vor H. Carli Gruns Hauß bym hisch Brunnen
911 2028 1828 2125 über feill habe, zu gebracht und Verkaufft
911 2079 1895 2169 vnd nun hierauff ein Lobl. Standt Sollothurn
921 2136 1858 2210 über abgelaßene Rogatoria den hen frantz
918 2187 1872 2285 eutsch einen staljenischen Kaußmann zur
904 2240 1846 2334 Confrontation alhero gesandt. Alß hatt
1717 2316 1829 2393 sich
2049 1024 3119 1154 sich Mihhl. Rahtsherr mit ermeltem Kauf¬
2058 1101 3047 1174 mann den 23ten Octobr. widrumb in die Ge¬
2049 1151 3112 1251 fangenschafft begeben und Anfängklich deß
2054 1211 2793 1321 Glausers bub zu redgestoßen.
2035 1259 3141 1379 Welcher außgesagdt, daß der Einte von diesen
2055 1317 3122 1428 Kauffleuthen, die Er draußen zu Ingistorf ge¬
2082 1369 3143 1489 sehen ein Junglachter Mann mit weißgehlen
2052 1446 2320 1540 haren seye
2040 1470 3136 1587 Aber welche Vß jaag ermelter Frantz Leuts
2062 1543 3082 1644 den Bericht ertheillt, Ihme seye zwar von
2062 1595 3057 1683 diesen sachen nichts in wußen wolle auch
2046 1651 3112 1740 Niemands beklagdt haben, Es seyn aber ein
2067 1703 3050 1811 solcher Junger Staljenischer Kauffmann
2077 1756 3103 1839 mit salben haaren drunden zu Sollothurn
2065 1809 3081 1915 bey zun Schultheiß Suris Hauß Namens
2069 1873 2679 1993 Carl Anthon Authon
2079 1948 3094 2047 Solchem nach ward auch der Blauser Vor¬
2070 2010 3105 2113 gelaßen und durch Muhhl. Examinatoren
2080 2063 3105 2164 ernstlich ermahnt in gihten Treuwen anzu
2056 2112 3049 2217 zeigen welchen Krämeren in Sollothurn
2058 2176 3133 2267 Er das entwendte Silbergschir und andere sachen
2061 2229 3072 2312 Verkauft, der aber ob vermelte seine hie
2073 2279 3122 2352 vorige Vergacht beynach gentzlichen retractiert
2961 2323 3052 2420 und
