4032 3024
706 909 777 1050 8
830 947 1915 1136 hrb. Von Wattenbyl huß, In ansachen En geößen
842 1064 1895 1195 undt hocheren Kaste, da seyn als aber dorten, disers
818 1150 1904 1285 alles aber guredt zu haben, hat Er zu Erst gelung¬
815 1230 1903 1377 Da Ihme aber dar bruggur und seine Erbe solches
843 1316 1887 1444 Vnder Augen Erhalten, Endtlichen berachet, Im
831 1409 1910 1528 Vbrigen habe Er die Zug seines labens Niemand
832 1489 1884 1599 nichts gestohlen; Visers alles aber seyn Ihme Von
819 1550 1907 1714 hertzen leidt, bäte Gott und ein Gnadige Hoche
828 1626 1923 1776 Oberkarth Vmb Verzeugung und Vmb ein Grüde¬
861 1755 1161 1877 Vrthagl .
813 1805 1914 1984 Hieruß Ihr Vm Schloßen Meyer auch zunvorgel¬
857 1892 1911 2022 worden, welchen also balch Vff befragen bettandt
838 1971 1911 2137 Ja Er habe Ihren weiden disen Schlüßelgemach
847 2038 1930 2198 be Sallmatten seyn zu Ihme kommen, und Ein ab
837 2122 1908 2280 truff von Rothem Wachs, mit Ihme die Zoche
860 2201 1918 2372 daß Schlüßal Loches, auch Einen abriß Vnß Eungen¬
1787 2332 1871 2413 ge,
1923 1247 2003 1370 2
1919 1393 1980 1532 .
2005 994 3014 1153 gebracht, und Ihme Vorgeben Er wolle solchen zu
2006 1096 3031 1214 seinen Huß thurn gebruchen, daß entlagen Er Ihne mit
2033 1179 2425 1286 eyters gefragdt
2042 1246 3010 1370 was Er mit denen Vreyen bey Ihne gefundenen
2018 1329 2384 1453 Schlusln gemacht
2015 1408 3043 1541 Vnr Einte seyn sein huß Schlüßel gelaaßen, die An¬
2006 1485 2980 1607 dern zlag aber, habe Er Hen. Damiel Wiß zu
2014 1558 2987 1680 seinem Gardten am Enbenbags Thuel gemacht
2028 1630 3039 1752 dylen Ihme aber solchenit gefallen, habe Er Ihme
2006 1706 3006 1840 selbige Widnrumb zu Rucf geben, welche Er bis
2030 1795 3013 1912 dato behalten, seyn Ihme aber ninmahln etbas
2018 1858 3059 1994 böstes dammit zumachen In Sin komne, habe auch
2008 1944 3067 2057 sonsten Niemandt dergleichen Schlußel von Rachs
2014 2039 3063 2155 abgetruft nach gemacht, als Einsmahls einer
2014 2099 3065 2251 gebußen Tochten, so dißmahlnn Verhüerathet sein
2018 2185 3019 2324 solle Er kanne aber Ihren Mann nicht. Im
2828 2303 3012 2474 Vbrigen
3072 999 3130 1118 2
3075 1123 3142 1196 in
3079 1291 3114 1340 en
3070 1369 3150 1465 tlich
3079 1618 3146 1723 Hb
3090 1800 3156 1867 dt
