4032 3024
703 2015 783 2122 a
812 1947 902 2054 also
842 2101 940 2222 Rp
878 964 945 1050 1
866 1048 958 1143 Ap
1036 1038 1919 1192 kein gar nit, dann selbige nacht seye Er
1016 1117 1439 1240 auff der wacht gsin
938 1252 1888 1398 vbrigens wurde Ihme auch vorgehalten, das
974 1355 1902 1485 weilen Er vor etlichen Jahren vnderschicdlich
970 1425 1900 1568 furnemmen herren erzelt vnd auch gezeigt, wie
964 1523 1911 1603 das ei des nachts in seiner wohnseiben da er
971 1587 1905 1723 nur das haubd anhatte von Schelmen, mit
966 1662 1870 1800 einer pistohlen kuglen auff den leib
964 1753 1905 1877 geschaffen worden seyn, denoch aber außert
975 1851 1920 1974 einem blauwen mosen gar mit blessirt wor¬
932 1914 1916 2064 daß nothwendig erwolgen mueße, das er sonderbahre
958 1992 1213 2112 kunst köne
962 2093 1919 2233 Ja das seye zwahr wahr, das Ihme solches widerfahren
965 2190 1904 2310 vnd es seihe Ihnet nur die haus am leib bleßtrt
959 2254 1904 2355 worden allein er köne gar keie funst, sondern
923 2312 1769 2463 Gott habe damahls genmet, (dn ist gehietet)
2826 951 3138 1110 7. 347
2054 1051 3059 1209 Weilen nun alles krefftige zusprechen, wie¬
2077 1158 3109 1292 auch die freunung vnd Zeigung der Marther
2077 1241 3108 1380 vnerheblich gewohen Ihne Moser ein mehrers
2090 1318 3001 1456 machen zuerkuen als hat Mhgl. Herrn
2070 1401 3075 1531 Examinator es fur dißsmahlen bey disem
2087 1496 3044 1630 examen bewenden laßen, so hiermit E. G.
2089 1567 2758 1707 gebührend vorgebracht wirdt
