4032 3024
807 961 913 1097 52
992 970 1385 1148 Beliche
980 1115 1847 1220 pamen. mit Arna Steimar
974 1190 1738 1343 gehalten. d. 20. R. Februari  1705
885 1379 1866 1510 Als Ihr Gnoden Donstags d. 19. t. diß, alle
914 1457 1919 1592 mit dem Annali Sterman gehaltene Cxamina
908 1528 1906 1677 so wohl der Evasion als der st, hurrey halben
912 1642 1906 1761 abgelesen worden, vnd über das gantze geschafft
904 1732 1904 1837 dermahlen vns abgesorochen werden sollen, habend
911 1795 1915 1922 3. G. auß den Exeaminibus ersehen vnd beobachtet,
929 1895 1888 2011 wir das es ebliche monat baug Herren mit vilen
920 1968 1917 2075 vmstonden angegeben, darnebens so wohl Gnetlich
931 2040 1875 2169 als pömlich, durch das dumolEigen joderZeit
926 2117 1919 2255 darauff verharret allein seith wenig Zeit von sich
941 2206 1889 2330 selbsten d Hl. vingeltner schreiber Stick
2014 988 3083 1160 vnd herren haubemen Jacob Jeuer der angeklägt
2044 1105 3025 1263 vasion halben völlig entschlagen thue, wie in
2050 1187 3049 1349 gleichem auch de Hl. Sterk des angeklagten Bschlaßf
2077 1289 3024 1412 halben, welches dan S. B. veranlaßet gehabt, das
2073 1402 3079 1495 weilen es hiebevor seine anklegten mit vilen vm¬
2078 1440 3025 1580 stenden begleibet, hingegen by der revocierung
2076 1568 3076 1654 ohne sonderbohre Grund wider gelangnet, Neinem hoch
2088 1601 3067 1733 Herrnn Rahtss vond rofferiried ferners in beselch
2078 1697 3055 1817 auffzutragen, das Anneli Steiman so wohl mit
2099 1779 3097 1898 der lähren marter als biß zu dem 25. Rdigi stein
2090 1858 3088 1982 zu examinirren, als aber Mf. Examinator ohn¬
2099 1934 3067 2054 längst, disere Steimani zu zwey vnderschidlichen
2088 1995 3049 2115 tagen durch die lähre marter auffziehen laßen
2076 2078 3106 2187 hätte es damahlen alsobald sich einer solchen ohn macht
2077 2136 3073 2264 angemaßget, das es darauff konn worth mehr endt
2089 2216 3068 2333 wollen, als nun Reff. Eraminator eine solche
