4032 3024
806 978 874 1075 25
863 1026 1396 1164 Den 11. t. gber v10n.
879 1162 1822 1309 Oramen mit herren vmbgeltuerschreiben
992 1263 1498 1383 Johann Rudolf Steck.
853 1371 1852 1490 Auch der Prasion halben des Aneli Steimans
898 1454 1755 1570 auß der Ghorgrichtlichen pfangenschafft
907 1529 1773 1638 alhier, nämblichen auß dem Ehr kommerl.
1089 1591 1117 1633 da
1407 1587 1543 1640 zaatzen
902 1582 1859 1701 daßwogen beradt in dem Morken vndt Theils
887 1658 1805 1766 5. ten Examon mit C) gezeichnet moldung
886 1720 1811 1830 geschicht. Alsso daß Er H. Stock noch¬
891 1798 1844 1888 mahlen von 1rf. Examinatoren diser easion
889 1873 1782 1971 halben zuredgostelt worden, vnd Ihme aubey
864 1927 1823 2046 zugesprochen worden nach seiner pflicht, seiner
877 2011 1620 2117 hochen Oberkeit die wahrheit zusagen
802 2086 1829 2216 Darauff er H. Stock gezeuget, daß er dihers
878 2178 1823 2273 möntsch die Tagk seines lebens mein allen gebendt
874 2233 1785 2338 vnd auch auoch ds orth noch die gelegenheit das
2913 990 2964 1103 2.
2015 1044 3042 1187 E hekamerlins iit wuße, man solle doch seine leibs
2064 1138 2994 1229 Institution betrachten, ob er eine solche schwäre
2063 1190 3051 1303 sa labens gefährliche action hätte verrichten können,
2063 1257 3018 1374 vnd sich selbsten an einem kleinen schwachen seil
2060 1319 3057 1427 so hoch hin vnder laßen k Er wuße wohl mit
2068 1387 3052 1494 wal für einer Eydspflicht, Er gegen seine Oberkeit
2060 1448 3060 1527 verpflichtet seye, vnd guge by diser seiner pflicht, daß
2077 1512 2993 1612 Er sich diser sach halben in seinem zuusben gantz
2075 1561 3008 1670 vnschuldig wuße, auch wan man Ihne schuldig
2074 1619 3017 1702 erfinden werde, so solle man Ihne alsdan mit
2080 1672 3002 1768 vier sacher straff ansehen, zu deme so habe er
2090 1729 3002 1838 elbigen abendt, als disere Easion sollgeschehen
2086 1805 3020 1877 ein, mit herren Vigelbner von Gugen liebens
2089 1831 3013 1939 vilen anderen herren mehr zu nacht geßen, von
2071 1908 3027 2009 danen er sich wider nach hauß begeben vnd gangen
2070 1980 2254 2062 schlaffen
2084 2007 3048 2162 Nach dihem ist auch er H. Storb, Pon Msl. Exans.
2074 2104 2989 2221 lautt bewolchs sub dato. 16. R. 7bris. zuredgestolt
2080 2186 3002 2270 vnd befragt worden, war Ihme Khnder er sich in dr
2080 2221 3002 2348 herbst beheben, gleich anfuligs gesugt, daß eie der
