4032 3024
887 1025 1857 1163 Villeicht vnschuldiger weiß gestreckt worden dan
895 1124 1920 1241 Obwohlen er zu Arberg von dem Alda außgeschiung
904 1179 1891 1307 genen dieber Maritz Schreier vilor böser mit
900 1259 1877 1373 ihme begangenen thaten und diebstählen ange¬
901 1294 1894 1452 klagt werdet, so seye deuoch deßen Alles unschuldig
897 1362 1751 1485 vnd habe auch niemahlen emnihr sonderbahre
901 1422 1812 1551 guleindschafft mit disem Schreger gehabt, und
886 1485 1892 1615 Bettt, derowegen eine hoche oberkeit umb gnädige
902 1535 1026 1604 hulff
865 1582 1868 1743 Ihenn wurde er auch befragt, warumb er doch so frach
889 1655 1837 1783 habe Dorffen laugnen, die beklagte Halbeten so le¬
883 1724 1895 1817 Auß der weidgenomen, vnd dr Burgdorff verkaufft
910 1767 1906 1873 it genomen zuhaben, dan es seyn Ja gingsam bekandt
904 1821 1872 1937 daß er der Jeige dies seyt, weilen er bereidt, disere
901 1887 1902 1997 begangene bose that der Breftosen beid hinßlige Prohosen
898 1938 1875 2053 selbsten Eekendt, vnd Ihnen auch dhreiß vormeldet habe
894 2006 1825 2103 wie vill er daraus gelost, hierauff wurd Ihrer
892 2051 1852 2159 beide Prohosen underaugen gestelt vnd vmb disere
898 2113 1838 2215 achhalben befragt, wolche dan Eyy Ihren Eydzuget
889 2166 1823 2271 daß dune alßo seye, vnd solches außs seines SStrits
889 2214 1792 2347 Mund selbst gehörd zuhaben. ohngeacht diser
2061 1011 3126 1133 überzugung hate er Speyt auff alles beklagte, vnd
2071 1102 3151 1198 waß Ihme die profosen vnderaugen erhalten, alles
2077 1143 3097 1248 gelangnet, vnd wuße Ey seinem gwuß gar nichts
2073 1201 3126 1302 deßwegen Ihnen de Profosen etwaß bekendt zuhelen
2073 1258 2883 1363 villwgenger solche that begangen zuhaben
1988 1317 3106 1433 besracht, Ober mit auch dem Juncker Paubtinan Schamner ein
2059 1390 3157 1506 Möschige brungohren abd auß dem brunstock zwalthet¬
2066 1443 2466 1534 tiger weiß genommen
1999 1493 3130 1591 Anth. Ja. solches seyn geschehen, in der Enge in seiner Matten
2084 1582 3101 1671 allein sein zwaßern landt vpler, s disezahlen in
2054 1620 3157 1733 sollendischen Krogkdienstl. seyen habe Ihme darzu geholffen
2036 1715 3136 1837 Vnd weilen man, Ingeacht alles zusprechen, von disem Muß
2047 1778 3086 1891 Stel keine fernere Bekandtnuß Erhalte können, als
2050 1848 3121 1960 istes Ey disem abermöhligen Bxamen verblibten, welches
2037 1891 3064 1999 hiemmit d. B. zu derselbigen beliebigen vorordnung
2053 1948 3068 2048 daruber guetkewer gehorsamblich überbrachten wirdt
