4032 3024
766 1014 816 1098 20
776 1432 820 1520 60
808 1030 1770 1155 Wworum eo dihen beiden herrenn, denn H. Stock
866 1106 1753 1229 vnd hl. Jeuer so augst vnd angelegen gsin, Ihns
858 1190 1803 1299 der Gorgrichtliche Gfangenschafft loß zu machen,
864 1268 1779 1384 weilen sich beidt besorget es möchte Ihnen etwas
879 1339 1750 1450 außbringen, dann der H. Jeuer habe Ihm auch
879 1417 1776 1516 offters getraukt, woilen es wohl wuße, das er
895 1475 1785 1581 mit der Gritten Guth, des landtschreibers seelige
959 1546 1060 1604 lhior
883 1550 1765 1659 Tochter, ein vnEholichs vnnd gehabt, darvon sie zu
861 1613 1759 1748 Wallenburch bey Bumenen vor drey Jahren
873 1702 1804 1807 findtgenagen, so aber nomahlen seinem richter
887 1764 1837 1863 bekandt, vnd bis dato gantz gehenn gehalte sein sollen,
879 1835 1785 1943 man solle aber die Gritten Guth selbst fragen
885 1893 1784 2016 Ei worde es mit laugnen dorffen, dann er habe Ihro
886 1954 1837 2077 einmahl des nachts ein papir voll, eingenichgelt, daler
879 2010 1849 2135 biy Ihro anderen stubli nach geschehener vind bett) zum
885 2084 1865 2197 sonster hinein gegeben, so eb Ancli zum Sceiman selbst
873 2176 1030 2277 gesehren,
2920 932 3036 1025 205
1972 1004 3073 1173 A. Ob Es dann nit vor etlich Jahren dem Saltzaußmeßer
2065 1089 2971 1233 zu bighleht by dreysig daler an barem golt
2073 1188 2257 1299 gestehlen
1971 1214 2883 1381 Rp. Nein, es seyn deswegen gantzvnschuldig.
1977 1334 3017 1513 E. Ob es dann mit auch zur biglen ein ofenwoll haber
2057 1421 2953 1569 genomen, vnd da bauren will heine vorderbt
1984 1574 2386 1654 Rn. kein, gar mit
1976 1663 3013 1792 B. ob es nit vor eblich Jahren in den töchteren Guttenen
2022 1727 3045 1847 wnderen stubli ein papyr voll Gifft dahin gebracht
2061 1779 2991 1895 vnd waß es hohes zu thul darmit in sie gehabtt
1983 1869 3033 2005 R0. Ja es seyn wahr, es habe es seinem vatter genommen
2088 1916 3059 2047 gehabt dann Er seyt ein kramer, allein Es habe gar
2092 1968 2992 2091 nit gewubt, das ob gift gewesen seyn, bis es Ihme die
2102 2035 3072 2165 töchter Guettenen gesagt, hierauff es also bald disers
2088 2093 3061 2242 gifft in die 15 tf heimeligkeit hinwnder geworffen
