4032 3024
818 1040 1782 1175 der hebamen Cohn an der Anckenwag, vnd
853 1136 1849 1261 deset dußows habe Ihns auch etlich mahlen beschlaßen
838 1264 1807 1364 Ob es mit zu biglen getreundt feur einzulegen, und
866 1322 1839 1425 b es nit auch gifft in einem papyr in der Tochter
844 1377 1323 1481 guttenen stubli getragen
874 1455 1804 1569 Es bethonrete hoch die tag seines lebens niemahlen
768 1479 843 1586 d
884 1536 1803 1644 im sin gehabt feur einzulegen, will wanger mit
886 1595 1805 1680 dem gifft etwas boses zuthun, das gittt habe
879 1662 1846 1773 es zudar seinen Vatter so ein Framer sey genommen
879 1730 1846 1840 allein es habe gar nit gewust, daß es gifft seye, Eis
863 1796 1806 1900 es die Guttenen Ihme gesagt, da siy dann das giht
884 1865 1887 1969 alsobald in die 15k heimlichkeit hin vnder geworffen,
760 1963 1782 2090 E. Ob es sich dann nit hin vnd har gernembt im Obern
859 2037 1864 2130 Spittahl alhier gelehrt zuhaben, das man it schwanger
838 2109 998 2176 werde.
758 2168 1849 2280 Rp. Gar nit man thue Ihme darin vnrecht, allein wohl habe
875 2238 1810 2344 es von der Gritten Gutt gehört, daß Ihro die Catr
2003 1030 2950 1165 Schuell von Burgdorff habe gesagt, ab Sevibaum
2013 1132 3037 1242 getruncken, seye gut Kinder abzutreiben, vnd habe
2008 1184 3012 1296 es Anneli selbsten gesehen, daß die Gritten Gutt
2017 1253 3056 1370 weises danzapffen ohl vnd auch sevibaum gebraucht
2017 1318 3049 1423 vnd villeicht Kinder verdorben wollen, Welches dan
2011 1372 3062 1480 die Guttenen zu Ihrer verantwortung also beantwortet,
2030 1439 3056 1570 daß siy vill sachen zu Ihrer leibs Indisposition gebraucht
2029 1526 3064 1610 allein Sevibanin oder etwas anders vmb boses zu thun
2029 1584 3069 1691 gar nit, wohl aber habe sich Sevibamm brauchen wollen
2031 1658 3048 1765 fur der Stein Eggerin vatter, deme sy vnd sein tochter
2027 1721 2883 1828 ein salben machen wollen für die Agristaugen
2006 1802 2997 1938 E. ob es nit vor etlich Johren dem Saltzaußmeßer zu
2068 1882 3005 1989 Siglen bib 30. daler an gelt genomen, vnd des¬
2048 1944 2901 2053 wegen zu Signauw gefencklich ein gesetzt worde
1980 2003 3041 2119 Rp. disers seye gar nit vnd soye es in diser anklag gantz
2062 2078 3046 2171 vnschuldig, vber disen Bunckten dann, ist durch E. G.
2059 2119 3040 2222 diener d grichtschreibes Mwohlge herren landtwogt
2050 2170 3033 2276 Stuber nach Signanw zugescheiben worden, welches
2041 2236 2983 2347 dann durch mundlichen vberschickten bericht verdihen
