4032 3024
1133 1002 1308 1081 Andere
920 1053 1844 1181 ferners Dramen mit der Gritten Gutt
926 1132 1773 1264 des landtscheibetn seelige Tochter gehabte
930 1204 1463 1343 d. 18. R. pber 1704.
907 1452 1826 1561 dachdeme die Margrett Wutt wägen
915 1528 1802 1626 Ihres von etlich Jahren zu Wallenbuchs
913 1584 1782 1676 by Burenen zn die wedt gebrachten Kindt
916 1637 1873 1748 außs I. G. befelch in die Gorgeichtliche Gfangen¬
917 1700 1798 1826 schafft eingesetzt worden, vnd durch Mehl. des
928 1765 1790 1883 berrn Gorgrichts examinirret vnd Bragk
917 1844 1778 1932 war der Vatte zu disem Ihrem nunmehrs
924 1896 1840 2003 abgestorbenen bild seye, Antwortete sy, das zwahr
918 1960 1845 2070 vor oblich Jahren, sonandt allier, alido sic gewohnt
902 2022 1850 2136 zu Ihro in des Wohnstubl könden vnd sich beschlasfen
920 2081 1794 2185 vnd von dame sic schwanger worden, allein ob
926 2130 1867 2255 habe sich diser H. in dem angesicht verdorft gehabt, al so
905 2201 1873 2324 s ob Ihne mit habe erkenen können, Ossert daß das
904 2269 1908 2392 Anneli Steinen Ihro gesagt, es seye dr Hl. Haubbman
1972 962 3044 1094 dacs Jeuer Ihm, dan anders konne si es mit lhten
1995 1077 2967 1194 ob ers eigentlich gsi seye oder mit, zu deme so
2005 1140 3042 1271 wolle sih die Autzeuen auch nit bekennen, war der
2004 1206 3000 1321 Jenge Ihmn seye so siy zu Wallenbuch verpflegt
2001 1273 2982 1382 vnd fur si bezahlt, Derowegen d. Gnaden
2025 1339 3054 1456 nothwendig zusein erachtet, disere Guttenen ernst¬
2025 1399 3037 1505 hafft zu Examinieren, ja mit dem Dumel Eysen
2025 1471 3067 1597 die Wahrheit, der Gantzen hergangenheit machen zu beben¬
2008 1544 3057 1698 zu dem vnd dan 3. G von dereselben hochen mitgliden
2013 1627 3066 1775 Mhl. Zugherren Diebelbeiß zu einem Cramina¬
2055 1702 3040 1830 Ehren worordnet wolcher dann mit zuthin E. Gnad
2041 1787 3040 1916 dienert Pewohlgl. Herrn Großwabels vnd des
2039 1869 3019 1984 Grihtschreiben sich alto in oberr phangenschafft
2062 1931 3015 2051 begeben, Auby aber diser Guttenen auff daß
2050 2001 3021 2099 verfötigste zugesprochen der hochen Oberkect mit
2065 2066 3066 2142 einer wahren auffrichtigen Sekandt uus zu begegnen
2056 2122 3052 2233 vnd sich dardurch selbsten der treuwend marter
2041 2186 3063 2300 des dumel Eisens zubefregen hierauff
