4032 3024
865 1024 1803 1160 diener des Grichtschreibers, in bysen Mwvohlge
905 1113 1769 1220 horren laußtbogk Augspuurgers sich den
902 1175 1863 1308 Ersten aber abermahlen in die Gfangen
899 1246 1773 1367 schafft begeben, vnd disen Worger nach
892 1312 1866 1438 vorhergangenen krrfftigem zusprechen exami¬
897 1387 1821 1500 niht darby dan zugleich Mwohlgl. Herr
882 1457 1877 1590 Handtrogt disem Wenger angehalten, seinen
897 1534 1806 1655 begangenen fähler disers diebstals halben
900 1608 1866 1736 doch zubekenen mit versprechen, daß er als dan
900 1682 1817 1786 allen fleiß Ey. I. G. anwenden werde für
896 1738 1804 1864 Ihne ein Gnad anzuhalten, also daß Mrshl.
899 1821 1822 1927 Examinator Ihme ein gleiches versprochen In
908 1872 1782 2017 hoffnung durch dies mittel dise that deste
902 1956 1861 2095 liechter an tag zubringen allen deßen alles
922 2031 1792 2162 vngeacht, wolte er in dem Gringsten nichts
921 2103 1863 2224 hekonn, sondern beharrete jederZeit auff seiner
919 2169 1796 2295 völligen vnschuld vnd habe deßwegen sein
918 2258 1270 2359 gute gebußet.
2044 1029 2896 1158 Als Ihme aber von Mss. Examinatoren
2062 1109 3016 1227 remoristrirt worden, wie daß er seyn gleichsam
2054 1184 3038 1311 zu einem Wächter des H. Handtvogt Augspurgers
2074 1261 3061 1376 haußes gesetzt worden, vnd also niemand frombders
2082 1340 2975 1456 liechtlich sich hätte dorffen vnderstahn in
2089 1430 2981 1532 disem haus einzubrochen, welches dann ein
2076 1498 3070 1587 gungsamen grund, so Ihne weriger disers dieb¬
2123 1562 3060 1675 als halbel verdächtig he schuldig mache
1996 1654 3005 1799 Denrie daß diser diebstal nothwendig von
2099 1769 3058 1874 einer Persohn geschehen seye, die da, die schlußel
2104 1835 3059 1941 vnd alle gelegenheit des haußes wohl gewust vnd
2092 1891 3074 1998 so es ein frombder dies wahre gsun, hatte selbiger daß
2111 1965 3065 2071 ilborgschir sambt dein übrigen gelb auch mitge¬
2106 2021 3045 2123 nomen vnd nit ds silborgschir sambt ein theil vom
2092 2085 3081 2189 gelt ligen lasen, daß aber der diebstal also gescheh¬
2099 2152 3024 2246 habe man solches vnvermerkt vorrichten wollen,
2073 2206 2689 2315 vmb de Argesohn abzulohnen.
