4032 3024
877 1029 1831 1173 Eritte Examen mit der Margrett
884 1101 1779 1244 Butz, gehalten d. 6. t. Januarij  1705
818 1371 1825 1497 Als die in dem Dittliger thurn verhaffte
855 1461 1872 1584 5k) dirnen Anna Stelman vor sich selbst
863 1540 1801 1637 vnd vnbefregt, Mttt. Herren Rahtsherren
844 1595 1841 1701 von Graffenurd, wnd Herren hinklicher Max
850 1657 1782 1775 Jungst verschinen Obtober, Iin einem mit
836 1728 1811 1846 Ihme gehaltenen examen angezigt, daß die
844 1798 1853 1932 Gritten Gutt des landtschreiber serligen Töchter
845 1885 1877 1988 vor ohngefehr drey Jahren zu Wallenbuch eins
832 1958 1851 2080 Kndt genasen, darzu dan der Herr Haubtman Jacob
845 2030 1813 2138 Jenirer des funds vatter sein halen, so aber
863 2103 1847 2204 oderzeit gantz gehenm vnd verschwigen verbliben.
857 2158 1860 2278 hatte, solches Ihr Gnadem veranlaßet, diher soch halben
836 2218 1884 2350 nachforsthung zuhalten, also das die Guttenen Jungst.
1987 1041 2967 1182 Verschinen Gher. mit dem Anneli Steinan
2866 1133 2997 1236 durch
2051 1142 2857 1258 confrontirt worden, welche dann damahlen
2054 1206 3009 1332 eine freye bekandtnus bestätiget vnd bekendt
2053 1282 2998 1399 daß it der Hl. Haubeman Jacb Jeuer Ihres zu
2016 1390 3036 1488 Wwallenbuchs an die welt gebrachten vindt der
2066 1433 3048 1552 rechte votter seyn, vnd das er Ihrs des nachts etlich¬
2062 1515 3043 1631 mahlen zwahr gantz eingehultet, gelt gegeben habe
2066 1594 3067 1698 solches könne sy nit verlangnen. Derowegen dan
2051 1657 3017 1775 Ihr G. befohlen, diser der Guttenen anklag vndt
2069 1726 3078 1852 Bekandtnus Mff. des Oberen Gorgrichts schrifft¬
2066 1813 2995 1931 lich zu vbergeben, außf das herr Haubtman Jacob
2071 1894 3064 2013 gener zugebührender verantwortung angehalten
2054 1969 3064 2072 worde deßwegen dann Mtl. des Heren Gorgrichts
2084 2020 3077 2123 die Guttin eingezogen vnd weitleuffig ja offters
2086 2079 3031 2170 nit Herren haustman Jacob Jener verhört, also
2069 2135 3083 2231 das endtliches die Guttenen Mfl. des Oberen Gor¬
2075 2188 3048 2287 grichts Vordubes, Ey wuße ins eigentlich war de
2048 2244 3066 2363 Bnlds vatter seye, dan der Jenige so sy beschlaßen
