4032 3024
856 993 1812 1127 komen, vnd in dan Haus gewolt mit Einein¬
861 1077 1818 1176 komen können, weilen der eigel vorgewesen
863 1128 1785 1267 frage er kein schuld, Ihme seye das selbsten nie
867 1215 1751 1346 widerfahren, das dr rigel furgeschlagen, des
867 1301 1812 1423 lächenmans sohn zu Seuckshauß, habe Ihme die
883 1390 1795 1509 ach erhelt gehabt, wie es mit dem gestoßenen
878 1469 1812 1592 reigel sich befunden habe, namblich er seye schier
869 1535 1692 1664 gar mit fur ghm sondern gar ein wenige
881 1671 1818 1805 Seines schlechten meßershalben so mit ehwelchen
898 1747 1809 1867 harten vorderbt, vnd dardurch man Ihne in enich¬
868 1827 1794 1943 vordacht ziehen will als wan er schlößer darmit
883 1896 1875 1999 auffzuthun getrachtet befinde er sich in seinen gehußen
889 1960 1826 2085 gantz vnschuldig, dan die scharten so an disem meher
901 2030 1828 2147 ich befinden, komind har, daß wan er die struben an
898 2096 1791 2216 der musgueben auffgethan, solche hernoch mit der
903 2161 1859 2278 meserscherpffe auffgelupfft vnd wollends heraußge¬
893 2259 1007 2372 Jogen
1999 1002 3015 1160 Im vbrigen behare er daß der Hausschlußel so man
2017 1113 3039 1218 Ihme zugestet, der Jenge seie, so die frauw landtwögti¬
2014 1200 3009 1294 Ihme übergeben, vnd kein anderer, endete also seine
2022 1247 2349 1350 verantwortung.
1973 1343 3027 1487 A v. R. Aber. 1704. habend J. G. vber obiges, vnd auch
2041 1435 2995 1534 des ersten examen erkendt, das Er wänger der
2041 1505 2986 1618 gefangenschafft solle loosgelaßen wordtn, vnd darnebens
2030 1559 2962 1640 anbefohlen Ihme Warger, weilen Er das hauß als
2036 1617 3000 1715 hausman it beßer gehuetet, zu eine Remonstrantz
2023 1672 3037 1774 zugeben, die kestikosten dan sollend Ihr Gnodt angesetzt
2028 1725 3006 1841 werden, vnd weilen er Wanger des diebstahls weder
2025 1777 3009 1892 Concrnirt noch bekand gemacht werden mögen, so behaltind
2027 1849 3047 1944 I. Gnadt Ihnen vor, daß mit der Zeit ein mehrers herronß¬
2040 1905 3004 2028 käme, nach bewandtuns gege Ihne wenger alldann zu
2022 1994 2224 2097 procedioreb
