4032 3024
868 1029 1863 1139 Gefragdt Ob Er nicht noch andere Camataden
910 1098 1686 1188 mehr habe als diesen Blaun gekleidten
885 1148 1789 1249 Antw. Nein gar keinen mehr als diesen
881 1230 1839 1320 Befragdt Ob nit ein Gewüßer Schumacher
903 1289 1813 1352 und seine Frauw alhier Ihme anleitung
902 1332 1794 1420 zum stählen geben, darzu angemahnt
902 1383 1851 1477 auch zu behaltung deß diebstahls eine Cam¬
913 1437 1313 1513 neren geben wollen
905 1494 1764 1575 hieruber Antwortete Er, daß deß Schu¬
915 1544 1827 1627 machers Frauw Ihme gesagdt, wann Er
907 1586 1800 1662 hier die Religion underen wolle, müße
916 1635 1893 1719 Er eine ameren haben sich daringen znder
911 1680 1863 1775 weisen zulaßen, Aber von einihem dieb
919 1737 1818 1828 stahl oder anmahnung zum stahlen, habe
904 1788 1837 1883 sie Ihm nit geredt, so haben sie auch mit
910 1854 1848 1937 gewußt daß die Jenigen sachen, so Er Ihnen
862 1894 1815 2002 zugebracht entwendt worden, dann Er habe
907 1949 1816 2042 Ihnen vorgeben weilen Er willens seye in
904 2011 1774 2090 Holland zureisen, wolle Er diese sachen
929 2054 1803 2145 Verkauffen auf das hin habend sie Ihm
909 2119 1333 2196 selbige abgenommen
928 2160 1851 2259 Befragdt Waß fur diebstahl Er seit der
940 2219 1788 2312 Zeit er sich hier im Land befindermehr
1642 2284 1822 2376 Raubt
2970 965 3070 1046 135
2003 1045 2303 1142 Vernebt habe
2052 1082 3078 1207 Antw. Er habe Vsert denen Jenigen so Er schon
2059 1136 3009 1267 thie Vor keine weitere diebstähl vernebt
1926 1193 2048 1270 E beten
2074 1206 3042 1303 wolle auch alle ohrt anzeigen, wo Er sich¬
2056 1251 3073 1359 hier im Land außgehalten, wann mann die
2066 1299 3060 1403 mühe nemen und nachforschen, auch Vernert
2075 1337 3090 1462 in sein Heinat oder an hen Marquis de Sales
2087 1399 3027 1509 dem Er als ein Soldat gedienet, schreiben
2067 1449 3095 1564 wolle, so werde sich finden, daß Er sich allezeit
2073 1530 2343 1623 wohl Vorhalten
2094 1569 3118 1696 Vß waß Vrsachen Er dann in Savoy gefange
1983 1639 2055 1721 E.
2099 1660 2211 1737 gsin
2130 1691 3058 1796 Weilen Er außreißen wollen habe man
2024 1727 2093 1825 H
2121 1749 2743 1853 Ihn gesancklich eingesetzt
2100 1805 3061 1906 Ob Er nit auch alhier in eint und Anderen
1992 1832 2098 1945 R.
2132 1873 2669 1980 Bürgers haußeren 9sin
2157 1931 3082 2028 Anfangs Wolte Er nichts dar von Wüßen
2053 1954 2141 2058 H.
2141 1986 3077 2085 Alß Er aber auß Befelch Mbhh. Examina
2153 2032 3115 2122 toris auf den Stadt Strecke-Banck gesetzt
2146 2089 3027 2194 wenen, sagdte Er, daß Er nit weit vom
2128 2149 3076 2241 Sternen in ein Hauß gangen, in meinung
2149 2183 3110 2281 daß die Bewußte dirnen darinnen wohne
2134 2241 3111 2349 Vf Verners zusprochen aber und vorstellen
2907 2317 3011 2410 hen
