4032 3024
867 997 1830 1132 habe sein angesicht verdeckt gehabt allein
891 1076 1860 1213 das Anreli Steiman, welches by Ihre da¬
884 1168 1834 1288 mahlen lehrnen nagen, habe Ihro gesagt,
879 1224 1838 1355 es seye den Herr Haubeman Jacob Jeuer
881 1313 1833 1441 dann sonsten habe sy Ihn nit gekandt weilen
885 1391 1821 1513 die Steimariin Ihro disen Herren ins Haus
892 1465 1804 1584 gebracht, also das Sonn so gestalten sachen, da
889 1545 1833 1645 die Quodin in dem einten Ckamen eint in
883 1608 1821 1730 anderen Ckamen ein anders bekendt habend
874 1663 1842 1788 S. B. den 16. t. fbris. erkendt, daß sy mit dem
868 1760 1844 1865 dumel Eysen peinlich solle examinirt worden zu
878 1830 1817 1955 dem End Ir G. Mehsl. Zeugl. Dubelbris, zu
887 1900 1854 2003 einem hatern Examinatoren verordnet, welcher
892 1961 1798 2082 dan R. 18. t. Feber. Jungsthin in bysein E. G
874 2038 1906 2158 dienere Herren Großweibels vnd des Gurchtschreibens
910 2121 1823 2235 sich in die Obere gfangenschafft begeben, vnd
907 2191 1829 2290 ihee Guttin ausf das hrefftigste zugesprochen
896 2242 1741 2383 Gott und einer hochen Oberkeit, mit einer
2032 1010 3030 1144 aufbrichtigen wahren bekandtnus zubegegnen,
2039 1105 3024 1221 damit sich selbsten der treundenden marter des
2035 1180 3060 1294 deumeltighens zuverschonen. Weilen sich aber
2062 1260 3048 1376 deßen vngeacht, zu Ihrer ersten gethanen freye
2075 1332 3031 1452 bekandtnus nit mehr gestendig sein noch verbleiben
2062 1401 3006 1493 wollen, sondern laut lebsteren vom 16. t. Xbris
2082 1470 3030 1562 mis Ihre gehaltenen Cramen ein anderes bekendt
2057 1540 3037 1652 vnd solche Ihre letste bekandtnus (ohngracht Ihro Ihre
2081 1602 2997 1701 erste bekandtnus abgelesen worden mit der
2068 1667 3030 1767 marter des dumoltisens erhalten habend denoch
2071 1733 3063 1847 E. G an solche Ihro der Guttik durch das dumeltishen
2075 1798 3066 1908 gethane bekandtnus sich iit erseldigen noch conten¬
2067 1869 3066 1977 tioren wollen, sondern nochmahlen sub Dato. 19. R
2052 1919 2970 2054 sibris beyden Ml. herren Rahtsherren von
2070 2001 3003 2130 Graffewied vnd herren Zeughl. Dubelbeiss in
2086 2085 3081 2185 befelch auffgetragen conjunctim eine Confroritation
2077 2157 2981 2261 diser Guttin vnd der Steimanin zuverrichten
2053 2216 3081 2344 welches dan d. 6. t. Jeuer geschehen, alßo de sowgl
