4032 3024
947 1082 1858 1197 en 14. hujus hatt Muhfl. Exami¬
887 1152 1862 1247 nator Im hooff in beyseyn Mb bfl. alt Landt
899 1201 1821 1289 Vogt Frantz Ludwig Lerbers und zun Groß
911 1250 1796 1318 veibels diesen de Vienne widrumb zu
894 1308 1821 1365 vnd gestoßen, welcher hierauff seine hie vor
901 1355 1870 1443 bekandte, hier Land begingene diebstahl noch
1376 1402 1537 1442 angezeigt
895 1403 1836 1481 mahlen bestähtigte, vnd erzelte, daß Er vor
905 1450 1846 1538 diesem in Solland Vnder Mylord Galloways
900 1500 1848 1583 Regiment gedienet, aber daselbst vß gerißen
910 1555 1836 1635 und frautzösische dienst genommen, nachwert
900 1603 1738 1688 zu dunnKirchen abgedancket, von danne
892 1652 1847 1722 sich auff Compiegne begeben, allwo Er wegen
900 1702 1830 1786 einer entwendten Cassaggen, Vß geschmeitzt
889 1755 1654 1838 und gezeichnet worden; Volgendts In
1422 1762 1765 1847 H. Kriegsschif ch zu
891 1819 1842 1895 Toulon auß einem frautzosischen te foudroyant
1073 1847 1137 1890 ügke
908 1869 1876 1937 von 68 under hen Haupfmann d Amenant Cour
889 1907 1844 1994 11. Monatlang als einen Schiff Soldat gebrau¬
892 1978 1816 2053 chen laßen mit demselben eine Campagne ge¬
904 2001 1804 2115 nacht vnd 8. Monatburg zu Cadia gelegen
907 2060 1807 2154 von diesem Schiff sey Er auff das Vice ad
893 2118 1847 2207 miral Schiff lEtonnant genant übergangen,
899 2172 1860 2268 Alß nun in zwüschen sein Vorgemelter Capitain
890 2226 1826 2327 gestorben und sie wider zu Toulon angelanget
1649 2291 1753 2382 seye
2972 943 3073 1020 147
2020 993 3048 1148 seye Er dorthen samt einem seiner Camaraden
2030 1073 3042 1203 vsgerißen, und sich nach Grenoble vnder das
2034 1124 3043 1246 Regiment le noir begeben, da Er widrumb vß¬
2036 1165 3038 1296 gerißen, und sich ins Sauoy gemacht allda Er
2052 1209 3051 1339 ebennahlavsgeeiffen als einen Parthey Gänger
2049 1245 3102 1379 under hen Marquis de sales gedienet, nachwerts
2039 1302 3081 1436 aber auch außgerißen vnd wie verdeutet über
2039 1361 2848 1498 St. Bernhards berg Vf Alen kommen
2044 1423 3081 1563 Im übrigen retractierte Er gäntzlichen daß
2053 1477 3092 1594 Er Vorbekandtermaßen einen zu Eyon Vmbge¬
2054 1527 3106 1666 bracht, mit bedeuieren, daß Er durch häftigkeit
2058 1574 3084 1707 der Marter geziungen, Ihme selber unricht
2212 1628 3062 1760 hätte auch wann anmats, an Ihne ge¬
2066 1682 2215 1767 getha
2061 1687 3058 1816 nuchtlein mehrers gesagdt, so mann aber die
2066 1713 3097 1852 muhe nemen Wurdenach Lyon zu schreiben, wurde
2061 1790 3055 1927 sich erfinden, daß Er Ihm selber unrecht gethan
2052 1844 3055 1993 Endtlichen Wardt Er auch befragdt, ob Er nit
2075 1915 3051 2038 Inderwegs auf der Reiß und auch alhier in
2078 1955 3098 2076 Hern Fur Cronen sich gerumbt, daß Er in Pied¬
2071 2031 2651 2132 mont zween erstohen habe
2072 2050 3085 2178 Welches geredt zu haben Er anfangs gäntzlich
2088 2108 3090 2217 verneinete, Alß aber ein Ehrlicher Mann Na¬
2071 2172 3070 2279 men Garques fails von orenge Ihme dar
2069 2206 3133 2328 auf vorgestellt worden, und dieser Ihme solches
2921 2278 3081 2336 Vnder
