4032 3024
840 1027 1767 1156 wollen sich übernachten, seye es in dem stall
870 1121 1761 1231 jemands gewahr worden, vnd disere Persohn
856 1186 1857 1325 habe Ihm verdutet, ob es nit etwas von Weiber
866 1270 1771 1383 bleidung kauffen wolte, darauff es disen
857 1354 1807 1470 gefragt, wohar er dis sachen habe, der Ihme dann
866 1446 1785 1541 grantwortet, er habe es in disers Herren Stettlers
865 1488 1773 1610 haus genomen, darauff es Ihme gesagt, Nei
869 1568 1756 1674 es wolle disere sachen nit kauffen, hierauff se
880 1617 1769 1739 ich an des Annelish entschuldigung ersettiget, vnd
868 1682 1765 1799 sey also diser diebstall auff ein andere persohn
861 1764 1209 1869 geschoben worden.
857 1853 1712 1994 Nun weilen durch vill vnd vnderschidliche
914 1958 1819 2060 vorhörte persohnen verlaubet, daß das Anneli
886 2021 1788 2134 Steiman Ihnen will von seinen bosen thaben
891 2083 1802 2195 vnd lebwehrt geschwatzet, als sind selbige nach
874 2166 1765 2283 Ihr gnaden Intention vnd bewolch mit dem
856 2245 1866 2349 Anneli confrontirt worden, also das will von sohnen
2030 1012 3032 1145 Ihme will sachen, so es Ihnen geschwatzt Vnd geredt
2061 1108 2969 1195 wnder die augen erhalten, allein außert dem
2056 1170 3045 1265 Bereids bekandten, wolte es ein mehrers gar nit
2062 1231 2945 1355 gestendig sein, vnd weilen nun durch vill
2068 1304 3017 1417 vistend sich erhalte, das das Aneli sein hertz mit
2050 1354 3039 1493 gerumbt, oder villeicht jemandt von den hiervor
2053 1453 3065 1554 gemelten von Ihme angeklagten persohnen, so wohl
2065 1537 3068 1619 der Edasion abs der hurreg halben etwan unrecht
2067 1574 3042 1693 gethan zuhaben, wurde dero wegen nothwendig
2060 1648 3034 1762 erachtet, noch lautt habenden befelcht, das Annel¬
2066 1722 3017 1831 mit dem Dumel Eysen zufecken, welches dan de
2054 1789 3011 1888 a 3. t. 7ber. geschehen, also das es mit starckem
2055 1853 3026 1969 geschrei über alles bereids angezeigte vnd bekente
2059 1917 2990 2015 in allei verharrete und ein mehrers gar nit
2063 1982 2997 2062 bekandtlich sein wollen, wolle auch auff aller
2065 2031 2765 2139 seiner bekandtnus leben vnd storben
2412 2091 2621 2164 t gber. 1704
2015 2130 3003 2236 Nach disem wurde dem Anneli Steiman von Mh.
2038 2191 3026 2276 Examinatoren einen brieff, so Mehl des Oberen Gorgrichts
2032 2246 3016 2352 in die hand bekomen vnd durch Mein Gnädig herren.
