4032 3024
887 984 1802 1156 Im Obrigen vordeutete es wie daß sontags den
887 1084 1824 1232 9. R. gbris in während der Aben predig, sein andt
873 1181 1763 1314 von der gasen hinauff zu Ihme geruffen vnd
861 1247 1799 1384 Ihns mit nahmen genamset, da siye ob an der
889 1334 1808 1457 tim gewahr worden, daß solches ein junger Knab
863 1404 1826 1519 mueße gewesen sein, vnd ob glaube vnd vormene
875 1472 1815 1590 es seye der Catri junge buab gsi, daro man auff
872 1545 1816 1675 der post dienet nahmens Alli baur von Siglen
860 1616 1767 1735 mit einem rothen angesicht, weilen er Ihus hat
865 1687 1766 1792 konen mit nahmen namsen allein Ihen Suab
856 1756 1758 1874 damahlen selbsten zusehen habe os mit können
863 1832 1847 1954 sintham ahlen es in dem Thuen hart angeschuidet seyn,
1110 1883 1169 1925 habe
845 1889 1736 2003 und diser knab durch sein aufen ruffen gesagt,
836 1951 1759 2076 man heyge Ihus d. Brytat den 7. R. gbris. 1704
854 2018 1846 2134 sollen nach bignam Bühren, vnd man werde es noch
840 2085 1830 2206 hinaußfuhren, vnd man habe einen Brieff gefunden
855 2154 1846 2265 darinen des H buchtlißh liebsten wohl auffgezeichnet
847 2215 1824 2336 seynnd, hieraufs ob dan auß dem thuer zur aubwort
2030 1019 3024 1166 geben, os habe mit zu Siquanio zuthun, vnd es seyn
2039 1121 2797 1230 alhier woder einen Guben richter
2072 1438 2984 1591 Dramen mit herr Capitain Zieutenant
2070 1548 3069 1647 Abratam Shurler gehalten, de den Her.
2372 1626 2466 1685 1704.
2004 1659 3002 1801 Weilen durch Herren Großweibels E. G. abgelegten
2058 1745 3059 1861 bericht vnd eußssag lauth anfangs des 5. t. Eramen
2067 1815 2989 1931 verlantet, das ein gewuser herr Cap. lieufenant
2029 1873 3028 1996 Abraham Sturler auch get sollen oder wollen
2054 1949 3060 2068 contribuiren, daß hiervorgemelte Annel Steiman
2056 2016 3066 2125 in dem Zuchthauß zu Gruff holffen zuverpflogen
2060 2070 2967 2173 als ist selbiger auch daruber vorhört worden
2072 2163 3005 2265 hierauff H. Sturter geantwortes, es habe vor
2044 2221 3035 2337 etwas Zeits, wir lang eigentlich wuße er sich mit
