4032 3024
893 997 1801 1193 hierauff dan erstens der weibel Hanghans
848 1127 1840 1253 erhört worden, welcher dan sich gar nit guver¬
906 1208 1846 1328 inen wollen wusen, daß das Anneli Steiman
878 1302 1831 1408 Ihnen vnderwegs etwas solle gerrd haben, vill¬
882 1378 1842 1493 weniger dem H. Großweibel widerbracht zuhaben,
877 1448 1808 1577 sinthemahlen Er nichts gehört, noch des Auclis
876 1539 1440 1644 discourse in obacht genauen
891 1653 1758 1801 Nach dem Wibel Janghanss wurde auch
899 1758 1802 1849 vernomen der Acte Profos dupteni, welcher
889 1830 1787 1920 dann bekente, daß das Annel, Ihme in allem
898 1902 1791 2021 Iimeingahn geschwetzt, vom He. Sterk He Fuchtli
889 1947 1823 2097 H. Willading selig, vnd H. Lander Sachender
904 2032 1781 2145 vnd andere sachen mehr, allein es seye auff
911 2107 1856 2225 ine reden mit zuachten, dann ob sage bald dihers
868 2177 1793 2305 bald ein anders, Endeten hiemit Ihre außsage
