4032 3024
890 1012 1874 1173 Vnd zum Dischlizwang. Ein pfolmenbuch
899 1122 1837 1253 im Weiber Maniean vnd ein rothe Jupe
887 1209 1763 1323 so er einem Refugierten franzosen alhier
893 1279 1805 1404 derkaufft, welche sachen aber fehrntheils
871 1353 1855 1473 vnfursichtiger weis von disem dieben gekaufft
880 1421 1864 1537 Vnnd aber das verlurstigen persohnen restituirt
875 1492 1049 1563 worden
857 1633 1855 1797 Auff befragen, warum er bey der Neuwenbrug
880 1727 1774 1843 sich mit zwalt von dem Brofosen loßgerißen
865 1789 1803 1921 vnd alsmen Ihme nachgesetzt, Ihren etlichen so
861 1879 1804 1977 Ihne ergreiffen wollen, Eine mit einer fugel
862 1945 1769 2070 geladene pistolen an den leib gehalten vndt
862 2028 1807 2161 loß broten wollen, so aber zu großten Gluck
874 2100 1618 2226 durch die fursehung Gottes verseydt.
817 2211 1869 2339 wurde er zwahr ein solches gestendig, all ein weilen
2979 954 3080 1031 129
2031 1000 3042 1139 man einen Sebel, als man Ihne ergreiffen
2025 1081 3053 1197 wollen, gegen Ihne außgezochen, so habe er sich
2044 1158 3078 1283 auch getrachtet zu wehren, glaube aber gar nit
2042 1206 3069 1343 das pulger auff der Zundpfanen gewesen seye
2042 1305 2791 1450 welches sich aber anders befunden
2012 1462 3095 1609 Im übrigen seye es wahr daser sich hier etlich tag
2032 1519 2997 1640 mit eines (5 dienen debauchirt gehabt
2045 1587 3109 1697 duße aber mit von wanen sey seyn, vnd wie sy heiße
2000 1689 3097 1802 Nach disem wurde dem Scharpffrichter befohlen
2042 1753 3106 1892 zusehen, ob diser gefangene nit etwann am rucken
2050 1826 3042 1946 schon bereidt mit einem Brandzeichen gezeichnet
2050 1887 3048 2004 welches sich auch also befunden, darauff dan solches
2044 1969 3056 2051 disem dieben vorgehalten worden, so er aber nit
2044 2036 3066 2164 geständig sein wollen, segende, das solches von einer
2061 2103 2413 2227 flessire herkame,
2006 2202 3127 2332 Vnd weilen nun zubesorgen, daß dihere dieb odr filoua
2070 2294 3099 2400 andere vnd mehrere diebstahl, als beredt bekendt,
