4032 3024
805 1696 878 1843 2.
825 974 873 1116 31
834 2039 912 2156 Rp.
927 1052 1691 1184 wwie er seyn im angesicht gewesen
849 1165 1603 1284 Rp. er seye gantz verbrambt Isin
875 1269 1798 1401 Wo es das seil bekommen, an welchem es sich
936 1348 1301 1464 hin vndergelaßen
860 1433 1877 1567 Rp. es seye in dem großen Saal nechst byy dem
913 1519 1872 1642 Ehebauerl ein auffgespandes wosch seil gsin,
926 1601 1647 1718 in welchem es sich hinvndergelaßen
931 1698 1867 1814 wie dann die andere mansporsohn, so Ihme auff
926 1774 1857 1897 dem Kirchhoff gewartet vor dem Ghorhaus
935 1853 1865 1977 gewartet, vnd Ihns habe helffen fohrt tragen
938 1939 1651 2056 außgesehen vnd gekledet gewohen
943 2026 1884 2124 diser andere porsohn habe ein prorueque ghan
940 2093 1848 2210 vnd die peysohn sete ins ges lang, dieber
959 2159 1857 2263 Jahute, vnd im angesicht vorbrambt vndt
952 2224 1878 2359 habind beyde gleichlich vopfh an Ihren fleidern
943 2334 1170 2426 getragen.
2000 1043 3059 1181 I. Warum es dan zu vnderschidlich mahlen bekendt
2078 1144 2965 1264 vnd gesagt, es habe de H. Vmngeltner schriber
2062 1230 3059 1354 Steck vnd H. haubeman Jacob Jeuer gar wohl
2071 1322 2259 1447 gekandt.
2014 1422 3072 1574 Rp. ob habe nie gesagt, das es dihere Indern wohl gekendt
2107 1512 3021 1634 außert in d Inoue als man Ihns habe wollen
2109 1594 2309 1685 damlen
1991 1671 3016 1810 E. zwarum es dann die vrhouchgesagt, dn es d. her
2105 1761 2742 1880 haubtman Jacob Jeuer Ihmseyr
2081 1861 3056 1994 dises seye die vrsachgsin, das d H. Jeuer Ihme vor
1979 1879 2076 1985 Ao.
2098 1937 2892 2055 disen wegen der Gritten Jus fremdt
1994 2056 2970 2186 E. was dan die vrsach gsin, daß es den Herrn
2093 2133 3058 2249 Steck angegeben, daß er Ihme der Ocasion¬
2094 2230 2471 2340 halben geholften
