4032 3024
841 1019 1874 1139 es Endtlichen der Refi-Knecht habe heut diesen
848 1075 1867 1176 morgen sein Mann zu Ihme aben gelaßen die
848 1140 1819 1238 Suppen zueßen allein Sie habend nichts mit
856 1192 1807 1298 einanderen Geredt, dann der Refikuecht sey
848 1247 1362 1334 allezeit bey Ihnen Isin
886 1306 1867 1408 iß ist also das Jenige Examen so auß Er
869 1363 1860 1464 H rtl. beselch mit diesen gefangenen verrichtet
875 1413 1470 1507 worden tc. Actum Vorstaht
1079 1472 1209 1550 3tes
1234 1495 1482 1591 Ramen
829 1534 1863 1686 arsdeme Er Hul. Vnderem
928 1614 1847 1713 hujus Aush Abgestatteter so mundt¬
846 1688 1892 1778 als Schrifftlicher Relation Möhll. Heimblicher
828 1735 1773 1832 Mays ersechen; daß die wegen bewußt
829 1788 1857 1879 vernebten Thuch- diebstahls im Comerci-Magazin
841 1841 1834 1934 in der Oberen Gefangenschafft sitzende Persoh
841 1899 1812 1987 nen, Vermitlest zwegen mit Ihnen daselbst
850 1947 1780 2032 vorgenomenen Examen, Vßert dem Veter
836 2006 1862 2093 Masli zu keiner bekandtnuß gebracht werden
824 2061 1816 2154 konnen, danneuher selbige, zu grundtlicher
854 2104 1886 2210 rforschung der Sachen hergangenheit, nohtwendig
838 2160 1803 2249 erachtet; mit größerem Ernst an dieses gesind
836 2223 1873 2330 setzen zulaßen, zu dem Endt Muthl heimblicher
785 2306 1268 2399 4 Gunt- vnd peinlichen
1639 2315 1825 2409 krafft
2533 987 2765 1070 vom Cdito
1977 1035 3053 1159 trafft erhaltenen befelchs srechargiert, den Maßtl,
1981 1103 3049 1187 seine einführende Anklägdt an der Marter be¬
1983 1159 3004 1243 stähtigen Zemachen, auch in Verharrendem fahl
1984 1217 3047 1305 mit anwendung gnugsamer Marter gegen dem
1979 1261 3053 1369 Allrich, und mit einfacher gegen seinem weib Vorth
2154 1316 3058 1407 Ist solchem auf zuend gemeltem dato
1986 1348 2136 1444 zusetzen
1989 1367 3004 1488 durch Mihll. Examinatoren in beyseyn Ihr
1980 1426 3026 1552 Gnl. dieneren hen Großweibel Sturlers und
1996 1480 3020 1607 Mein deß Gricht Schreibers Volggeleistet, un
1998 1548 3044 1656 also gemelte Persohnen in der Gefangenschafft
2000 1601 3047 1712 alles Erusts und mit Betronwung der Marter
2016 1668 3027 1766 deß Eint und Anderen, insonderheit deß Luch
2012 1709 3053 1806 Diebstahls halber scharpf befragdt; Hernach aber
2003 1776 3020 1860 und Weilen der Maffli auf seiner Anklag
2002 1840 3019 1925 gegen dem Allrich und seinem Weib gäntzlich
2010 1898 3061 1988 Verharret; Dieselben aber ohngeacht angewein
2011 1950 3049 2039 ter confrontation allesin in Völliger abred Verbli¬
2013 2007 3046 2099 hen, Sandt ie darauff allerheits an die Marter
1995 2082 2376 2165 geschlagen worden
2074 2124 3053 2227 da dann der Mahfli seine hievorige Vergicht an
2053 2205 3065 2276 ein Sagl hangend Ihnen beyden Vnder Augen noch
2013 2192 2059 2278 2
2026 2240 3040 2307 mahlen vnnd außgesagdt, und mit hochen betheur
2039 2291 3033 2374 ungen beständig erhalten, mit beyfuegen deß
2877 2344 3028 2432 Allrichs
