<?xml version="1.0" encoding="UTF-8" standalone="yes"?>
<PcGts xmlns="http://schema.primaresearch.org/PAGE/gts/pagecontent/2013-07-15" xmlns:xsi="http://www.w3.org/2001/XMLSchema-instance" xsi:schemaLocation="http://schema.primaresearch.org/PAGE/gts/pagecontent/2013-07-15 http://schema.primaresearch.org/PAGE/gts/pagecontent/2013-07-15/pagecontent.xsd">
    <Metadata>
        <Creator>prov=University of Rostock/Institute of Mathematics/CITlab|PLANET AI GmbH/Gundram Leifert/gundram.leifert@planet-ai.de:name=Transkribus German Kurrent M2(htr_id=29820)::::v=2.6.7
prov=University of Rostock/Institute of Mathematics/CITlab|PLANET AI GmbH/Tobias Gruening/tobias.gruening@planet-ai.de:name=de.uros.citlab.module.baseline2polygon.B2PSeamMultiOriented:v=2.6.7
prov=University of Rostock/Institute of Mathematics/CITlab|PLANET AI GmbH/Tobias Gruening/tobias.gruening@planet-ai.de:name=/net_tf/LA73_249_0mod360.pb:de.uros.citlab.segmentation.CITlab_LA_ML:v=2.6.7
Transkribus</Creator>
        <Created>2022-05-02T15:54:45.967+02:00</Created>
        <LastChange>2022-09-12T15:56:43.082+02:00</LastChange>
        <TranskribusMetadata docId="1336521" pageId="52421585" pageNr="150" tsid="114799879" status="IN_PROGRESS" userId="9570" imgUrl="https://files.transkribus.eu/Get?id=FRCAWTEJVHVQAPTHBGFHWVTP&amp;fileType=view" xmlUrl="https://files.transkribus.eu/Get?id=ZPSPUBJOBPVWQGDDTLZBVJHM" imageId="30693932"/>
    </Metadata>
    <Page imageFilename="IMG_6384.jpg" imageWidth="4032" imageHeight="3024">
        <ReadingOrder>
            <OrderedGroup id="ro_1687513544037" caption="Regions reading order">
                <RegionRefIndexed index="0" regionRef="r1"/>
                <RegionRefIndexed index="1" regionRef="r2"/>
            </OrderedGroup>
        </ReadingOrder>
        <TextRegion orientation="0.0" id="r1" custom="readingOrder {index:0;}">
            <Coords points="770,1049 770,2350 1877,2350 1877,1049"/>
            <TextLine id="r1l1" custom="readingOrder {index:0;}">
                <Coords points="847,1088 1136,1082 1221,1112 1302,1084 1464,1121 1531,1083 1817,1121 1820,1017 1733,1004 1662,1052 1473,1019 1259,1045 1195,1006 1132,1034 851,969"/>
                <Baseline points="854,1079 901,1079 949,1079 997,1079 1045,1079 1093,1079 1141,1079 1188,1079 1236,1080 1284,1081 1332,1082 1380,1083 1428,1085 1476,1087 1523,1089 1571,1092 1619,1094 1667,1097 1715,1101 1763,1104 1811,1109"/>
                <TextEquiv>
                    <Unicode>Steck mit nahmen genamset vnd warum</Unicode>
                </TextEquiv>
            </TextLine>
            <TextLine id="r1l2" custom="readingOrder {index:1;} person {offset:33; length:6;}">
                <Coords points="901,1169 1022,1160 1086,1193 1204,1141 1294,1146 1334,1182 1525,1153 1824,1180 1826,1116 1528,1082 1426,1136 1304,1085 1222,1113 999,1114 959,1083 902,1103"/>
                <Baseline points="908,1152 953,1151 999,1149 1044,1148 1090,1148 1135,1147 1181,1146 1226,1148 1272,1148 1317,1149 1363,1149 1408,1151 1454,1152 1499,1155 1545,1156 1590,1158 1636,1161 1681,1163 1727,1166 1772,1169 1818,1170"/>
                <TextEquiv>
                    <Unicode>es dißmahlen in gegenwart herren Stecks</Unicode>
                </TextEquiv>
            </TextLine>
            <TextLine id="r1l3" custom="readingOrder {index:2;}">
                <Coords points="906,1235 1010,1230 1060,1280 1149,1228 1332,1229 1498,1282 1676,1223 1784,1264 1854,1249 1855,1189 1335,1181 1177,1147 1086,1194 907,1172"/>
                <Baseline points="912,1227 958,1227 1005,1226 1052,1225 1099,1224 1146,1224 1192,1223 1239,1223 1286,1223 1333,1223 1380,1223 1426,1224 1473,1224 1520,1226 1567,1226 1614,1227 1660,1229 1707,1230 1754,1233 1801,1235 1848,1236"/>
                <TextEquiv>
                    <Unicode>Bs worth es duncks es seyn Ihne ghi mit ge</Unicode>
                </TextEquiv>
            </TextLine>
            <TextLine id="r1l4" custom="readingOrder {index:3;}">
                <Coords points="896,1314 1578,1305 1657,1336 1883,1309 1861,1258 1490,1283 1428,1236 1383,1258 1302,1229 1061,1280 1013,1236 896,1229"/>
                <Baseline points="902,1301 950,1301 999,1301 1048,1301 1097,1301 1145,1301 1194,1301 1243,1301 1292,1301 1340,1301 1389,1301 1438,1301 1487,1301 1535,1301 1584,1301 1633,1301 1682,1301 1730,1299 1779,1299 1828,1299 1877,1298"/>
                <TextEquiv>
                    <Unicode>braucht, als könne hieruns Mffl. Exami¬</Unicode>
                </TextEquiv>
            </TextLine>
            <TextLine id="r1l5" custom="readingOrder {index:4;}">
                <Coords points="908,1393 1057,1408 1198,1373 1359,1405 1598,1373 1839,1417 1839,1354 1744,1326 1679,1358 1617,1311 1520,1350 1383,1304 1138,1353 908,1331"/>
                <Baseline points="915,1371 960,1371 1006,1373 1052,1373 1098,1373 1144,1373 1190,1373 1236,1373 1282,1373 1328,1373 1374,1373 1419,1373 1465,1373 1511,1373 1557,1373 1603,1373 1649,1373 1695,1374 1741,1374 1787,1376 1833,1376"/>
                <TextEquiv>
                    <Unicode>nator, das wort es dunckb gar nit widen,</Unicode>
                </TextEquiv>
            </TextLine>
            <TextLine id="r1l6" custom="readingOrder {index:5;}">
                <Coords points="764,1401 776,1398 794,1409 811,1398 820,1405 836,1404 841,1399 859,1402 856,1325 822,1325 816,1332 794,1335 773,1352 762,1349"/>
                <Baseline points="770,1394 797,1394 824,1392 852,1392"/>
                <TextEquiv>
                    <Unicode>iit</Unicode>
                </TextEquiv>
            </TextLine>
            <TextLine id="r1l7" custom="readingOrder {index:6;}">
                <Coords points="888,1466 1245,1462 1341,1492 1395,1458 1606,1462 1672,1506 1720,1496 1720,1429 1664,1399 1585,1415 1434,1379 1298,1419 1242,1390 888,1405"/>
                <Baseline points="894,1457 937,1457 980,1457 1023,1457 1066,1457 1109,1457 1152,1457 1195,1457 1238,1457 1281,1457 1325,1457 1368,1457 1411,1457 1454,1457 1497,1457 1540,1457 1583,1457 1626,1457 1669,1457 1713,1455"/>
                <TextEquiv>
                    <Unicode>dan das duncken seye kein antworth</Unicode>
                </TextEquiv>
            </TextLine>
            <TextLine id="r1l8" custom="readingOrder {index:7;} person {offset:12; length:11;}">
                <Coords points="799,1625 1227,1577 1312,1607 1367,1574 1455,1635 1812,1580 1810,1545 1598,1549 1444,1508 1262,1547 1214,1512 1027,1563 916,1492 797,1551"/>
                <Baseline points="806,1610 858,1603 911,1597 963,1593 1016,1589 1068,1586 1121,1583 1174,1581 1226,1578 1279,1577 1331,1577 1384,1575 1436,1575 1489,1575 1542,1574 1594,1574 1647,1572 1699,1572 1752,1571 1805,1569"/>
                <TextEquiv>
                    <Unicode>Darauff des Anneli Motf. Examinatoren</Unicode>
                </TextEquiv>
            </TextLine>
            <TextLine id="r1l9" custom="readingOrder {index:8;} person {offset:20; length:6;}">
                <Coords points="911,1691 1017,1655 1282,1705 1453,1668 1655,1667 1682,1692 1785,1673 1785,1624 1511,1609 1448,1635 1389,1591 1336,1620 1276,1582 1112,1630 911,1630"/>
                <Baseline points="917,1659 960,1657 1003,1656 1046,1655 1089,1655 1132,1655 1175,1655 1218,1656 1261,1656 1304,1658 1347,1659 1390,1661 1433,1661 1476,1662 1519,1662 1562,1662 1605,1662 1648,1661 1691,1659 1734,1657 1778,1653"/>
                <TextEquiv>
                    <Unicode>geantwortet, des H. Stecks postur seyn</Unicode>
                </TextEquiv>
            </TextLine>
            <TextLine id="r1l10" custom="readingOrder {index:9;}">
                <Coords points="916,1737 1053,1768 1127,1723 1219,1718 1332,1775 1550,1717 1806,1751 1805,1675 1774,1669 1594,1691 1449,1665 1394,1703 916,1685"/>
                <Baseline points="923,1728 966,1727 1010,1724 1054,1724 1098,1722 1142,1722 1185,1722 1229,1721 1273,1721 1317,1721 1361,1722 1404,1722 1448,1721 1492,1721 1536,1721 1580,1721 1623,1719 1667,1718 1711,1716 1755,1715 1799,1712"/>
                <TextEquiv>
                    <Unicode>dißmahlen nit mehr so diek vnd es seye</Unicode>
                </TextEquiv>
            </TextLine>
            <TextLine id="r1l11" custom="readingOrder {index:10;}">
                <Coords points="920,1833 1102,1846 1154,1817 1224,1858 1311,1798 1721,1852 1845,1799 1845,1772 1772,1749 1710,1774 1617,1718 1541,1764 1423,1733 1358,1780 1150,1732 1055,1769 918,1762"/>
                <Baseline points="926,1799 971,1802 1017,1803 1062,1805 1108,1806 1154,1807 1199,1808 1245,1808 1291,1807 1336,1806 1382,1806 1428,1804 1473,1803 1519,1802 1565,1800 1610,1799 1656,1796 1702,1794 1747,1791 1793,1790 1839,1788"/>
                <TextEquiv>
                    <Unicode>wahr, das es de H. S Erck in der Hanghanßenen</Unicode>
                </TextEquiv>
            </TextLine>
            <TextLine id="r1l12" custom="readingOrder {index:11;}">
                <Coords points="906,1931 984,1906 1045,1947 1098,1920 1154,1950 1203,1908 1383,1942 1409,1915 1622,1926 1739,1880 1818,1886 1817,1843 1783,1838 1546,1867 1446,1831 1351,1875 904,1840"/>
                <Baseline points="911,1899 956,1898 1001,1898 1046,1898 1091,1898 1136,1898 1181,1896 1226,1896 1271,1896 1316,1896 1361,1895 1406,1895 1451,1893 1496,1892 1541,1890 1586,1889 1631,1886 1676,1883 1721,1881 1766,1877 1811,1874"/>
                <TextEquiv>
                    <Unicode>Stubti angetroffen gehabt vnd Ihne mit</Unicode>
                </TextEquiv>
            </TextLine>
            <TextLine id="r1l13" custom="readingOrder {index:12;}">
                <Coords points="923,1971 1131,2005 1304,1968 1538,1974 1659,2007 1686,1979 1868,1972 1867,1898 1416,1949 1296,1918 1173,1953 1097,1921 1051,1946 922,1930"/>
                <Baseline points="929,1964 975,1965 1022,1967 1068,1967 1115,1968 1162,1970 1208,1970 1255,1971 1302,1971 1348,1971 1395,1971 1442,1971 1488,1971 1535,1970 1582,1968 1628,1967 1675,1965 1722,1962 1768,1959 1815,1955 1862,1952"/>
                <TextEquiv>
                    <Unicode>nahmen genamset, als ein er habe Ihme zur</Unicode>
                </TextEquiv>
            </TextLine>
            <TextLine id="r1l14" custom="readingOrder {index:13;} person {offset:31; length:7;}">
                <Coords points="923,2061 1035,2044 1134,2086 1196,2055 1270,2090 1414,2038 1800,2067 1800,1963 1747,1994 1691,1974 1658,2007 1555,1980 1457,2019 1308,1969 1130,2008 1058,1979 923,1992"/>
                <Baseline points="930,2040 973,2040 1016,2039 1059,2040 1102,2040 1146,2040 1189,2040 1232,2042 1275,2042 1318,2042 1362,2043 1405,2043 1448,2043 1491,2043 1534,2043 1578,2042 1621,2042 1664,2040 1707,2039 1750,2037 1794,2034"/>
                <TextEquiv>
                    <Unicode>antwort geben, Ich hin mit der H.Berck</Unicode>
                </TextEquiv>
            </TextLine>
            <TextLine id="r1l15" custom="readingOrder {index:14;}">
                <Coords points="866,2175 978,2148 1054,2180 1089,2144 1246,2138 1304,2180 1474,2126 1724,2153 1790,2141 1789,2061 1495,2050 1355,2118 1189,2080 864,2072"/>
                <Baseline points="872,2156 917,2153 963,2148 1008,2146 1054,2142 1100,2141 1145,2139 1191,2138 1236,2136 1282,2136 1328,2135 1373,2135 1419,2135 1464,2135 1510,2135 1556,2133 1601,2133 1647,2133 1692,2133 1738,2133 1784,2132"/>
                <TextEquiv>
                    <Unicode>Denne so habe es etlich mahlen den H. Steck</Unicode>
                </TextEquiv>
            </TextLine>
            <TextLine id="r1l16" custom="readingOrder {index:15;}">
                <Coords points="920,2236 1366,2197 1444,2245 1566,2194 1680,2229 1804,2196 1802,2135 1655,2165 1468,2129 1306,2179 1163,2146 984,2188 918,2166"/>
                <Baseline points="926,2207 969,2205 1013,2202 1056,2201 1100,2199 1143,2198 1187,2197 1230,2196 1274,2195 1317,2195 1361,2193 1405,2193 1448,2192 1492,2192 1535,2191 1579,2190 1622,2189 1666,2187 1709,2186 1753,2184 1797,2183"/>
                <TextEquiv>
                    <Unicode>vm geltgeschriben vnd auch einen expresse</Unicode>
                </TextEquiv>
            </TextLine>
            <TextLine id="r1l17" custom="readingOrder {index:16;}">
                <Coords points="933,2294 1043,2269 1120,2293 1163,2263 1323,2303 1389,2265 1424,2296 1508,2268 1641,2302 1738,2272 1828,2287 1827,2209 1797,2196 1680,2229 1532,2205 1468,2241 1368,2241 1305,2205 933,2246"/>
                <Baseline points="939,2268 983,2267 1027,2265 1071,2264 1115,2263 1159,2262 1203,2262 1247,2262 1291,2261 1335,2261 1380,2261 1424,2261 1468,2261 1512,2261 1556,2259 1600,2259 1644,2259 1688,2258 1732,2257 1776,2256 1821,2255"/>
                <TextEquiv>
                    <Unicode>man deßwogen Ihme zum Haus geschickt,</Unicode>
                </TextEquiv>
            </TextLine>
            <TextLine id="r1l18" custom="readingOrder {index:17;}">
                <Coords points="921,2351 1149,2364 1470,2327 1821,2367 1864,2345 1864,2286 1573,2299 1509,2268 1423,2296 1380,2269 1261,2302 1199,2264 1038,2313 988,2283 921,2307"/>
                <Baseline points="927,2334 973,2333 1020,2331 1066,2331 1113,2330 1159,2330 1206,2330 1252,2330 1299,2330 1345,2330 1392,2330 1438,2330 1485,2330 1531,2329 1578,2328 1624,2328 1671,2328 1717,2327 1764,2325 1810,2323 1857,2321"/>
                <TextEquiv>
                    <Unicode>Allein es habe nit kem ankwort, wilwennger</Unicode>
                </TextEquiv>
            </TextLine>
            <TextEquiv>
                <Unicode>Steck mit nahmen genamset vnd warum
es dißmahlen in gegenwart herren Stecks
Bs worth es duncks es seyn Ihne ghi mit ge
braucht, als könne hieruns Mffl. Exami¬
nator, das wort es dunckb gar nit widen,
iit
dan das duncken seye kein antworth
Darauff des Anneli Motf. Examinatoren
geantwortet, des H. Stecks postur seyn
dißmahlen nit mehr so diek vnd es seye
wahr, das es de H. S Erck in der Hanghanßenen
Stubti angetroffen gehabt vnd Ihne mit
nahmen genamset, als ein er habe Ihme zur
antwort geben, Ich hin mit der H.Berck
Denne so habe es etlich mahlen den H. Steck
vm geltgeschriben vnd auch einen expresse
man deßwogen Ihme zum Haus geschickt,
Allein es habe nit kem ankwort, wilwennger</Unicode>
            </TextEquiv>
        </TextRegion>
        <TextRegion orientation="0.0" id="r2" custom="readingOrder {index:1;}">
            <Coords points="2000,1056 2000,2405 3062,2405 3062,1056"/>
            <TextLine id="r2l1" custom="readingOrder {index:0;}">
                <Coords points="1994,1159 2083,1104 2169,1147 2218,1106 3001,1103 3044,1084 3044,995 2936,987 2600,1067 2213,1021 2136,1067 1993,1075"/>
                <Baseline points="2000,1110 2051,1104 2103,1100 2155,1097 2207,1095 2259,1094 2311,1092 2363,1092 2415,1092 2467,1094 2519,1095 2570,1095 2622,1097 2674,1098 2726,1098 2778,1098 2830,1098 2882,1097 2934,1095 2986,1092 3038,1088"/>
                <TextEquiv>
                    <Unicode>gelb empfangen, vnd disen man habe der H. Steck</Unicode>
                </TextEquiv>
            </TextLine>
            <TextLine id="r2l2" custom="readingOrder {index:1;}">
                <Coords points="2045,1192 2166,1232 2259,1183 2520,1208 2589,1166 2955,1203 3012,1179 3012,1135 2860,1093 2780,1146 2648,1102 2535,1138 2456,1109 2200,1117 2169,1147 2044,1116"/>
                <Baseline points="2051,1187 2098,1181 2146,1175 2194,1172 2242,1169 2289,1167 2337,1166 2385,1164 2433,1164 2480,1164 2528,1166 2576,1166 2624,1167 2671,1167 2719,1169 2767,1169 2815,1170 2862,1170 2910,1169 2958,1169 3006,1167"/>
                <TextEquiv>
                    <Unicode>zum Hauß vhen schlagen wollen, solches seye</Unicode>
                </TextEquiv>
            </TextLine>
            <TextLine id="r2l3" custom="readingOrder {index:2;} place {offset:25; length:5;}">
                <Coords points="2067,1306 2270,1303 2328,1260 2502,1308 2667,1249 2756,1285 2830,1256 2968,1290 3053,1244 3052,1203 3000,1185 2697,1208 2575,1169 2521,1209 2297,1185 2066,1237"/>
                <Baseline points="2072,1265 2120,1260 2169,1256 2218,1252 2267,1250 2315,1248 2364,1247 2413,1245 2462,1245 2510,1245 2559,1244 2608,1245 2657,1245 2705,1245 2754,1245 2803,1245 2852,1245 2900,1245 2949,1245 2998,1245 3047,1245"/>
                <TextEquiv>
                    <Unicode>geschehen ehnder es nach Geuff vorschieke worden</Unicode>
                </TextEquiv>
            </TextLine>
            <TextLine id="r2l4" custom="readingOrder {index:3;}">
                <Coords points="2051,1407 2235,1387 2325,1429 2399,1391 2461,1411 2568,1382 2652,1428 2745,1381 3039,1416 3038,1354 2921,1318 2821,1313 2734,1355 2661,1326 2278,1355 2097,1302 2050,1322"/>
                <Baseline points="2057,1395 2105,1395 2154,1395 2203,1395 2252,1394 2300,1392 2349,1391 2398,1389 2447,1388 2495,1385 2544,1383 2593,1382 2642,1380 2690,1379 2739,1378 2788,1377 2837,1377 2885,1377 2934,1379 2983,1380 3032,1383"/>
                <TextEquiv>
                    <Unicode>hierauff hin beyde Mwohlgl Herren die außsge¬</Unicode>
                </TextEquiv>
            </TextLine>
            <TextLine id="r2l5" custom="readingOrder {index:4;} organization {offset:21; length:10;}">
                <Coords points="2051,1493 2465,1440 2581,1494 2780,1451 2874,1483 2925,1438 3049,1450 3048,1416 2811,1391 2428,1428 2359,1399 2322,1429 2245,1391 2177,1428 2048,1403"/>
                <Baseline points="2057,1467 2106,1464 2155,1460 2204,1458 2253,1455 2303,1454 2352,1452 2401,1451 2450,1449 2499,1449 2549,1448 2598,1448 2647,1446 2696,1446 2745,1445 2795,1443 2844,1442 2893,1440 2942,1439 2991,1436 3041,1433"/>
                <TextEquiv>
                    <Unicode>schoßene Odes Oberen Gorgrichts anlaß genomen</Unicode>
                </TextEquiv>
            </TextLine>
            <TextLine id="r2l6" custom="readingOrder {index:5;} person {offset:5; length:6;}">
                <Coords points="2042,1581 2154,1527 2339,1570 2447,1522 2893,1530 3035,1480 2804,1452 2688,1496 2633,1461 2587,1501 2348,1455 2148,1508 2040,1491"/>
                <Baseline points="2048,1535 2097,1532 2146,1529 2195,1527 2244,1525 2293,1524 2342,1523 2391,1521 2440,1520 2489,1519 2538,1518 2587,1517 2636,1517 2685,1515 2734,1515 2783,1514 2832,1511 2881,1510 2930,1508 2979,1505 3029,1502"/>
                <TextEquiv>
                    <Unicode>Ihme Anneli zuverduten, warun es dan hievor</Unicode>
                </TextEquiv>
            </TextLine>
            <TextLine id="r2l7" custom="readingOrder {index:6;}">
                <Coords points="2074,1605 2399,1627 2438,1598 2494,1628 2588,1584 2673,1606 2782,1576 3051,1607 3050,1534 2651,1526 2559,1569 2487,1521 2340,1570 2074,1579"/>
                <Baseline points="2081,1598 2129,1595 2177,1593 2225,1592 2273,1590 2321,1589 2369,1587 2418,1586 2466,1586 2514,1584 2562,1584 2610,1584 2658,1583 2706,1583 2755,1583 2803,1583 2851,1583 2899,1581 2947,1581 2995,1581 3044,1580"/>
                <TextEquiv>
                    <Unicode>en verlangen getragen, mit herren Stuckselbst</Unicode>
                </TextEquiv>
            </TextLine>
            <TextLine id="r2l8" custom="readingOrder {index:7;}">
                <Coords points="2066,1674 2139,1692 2217,1658 2329,1706 2428,1658 2548,1653 2605,1691 2737,1649 2802,1686 3013,1648 3041,1610 2925,1615 2881,1584 2721,1627 2646,1588 2506,1638 2444,1603 2399,1628 2296,1600 2149,1635 2065,1618"/>
                <Baseline points="2072,1658 2120,1658 2168,1656 2216,1656 2264,1656 2312,1655 2360,1653 2409,1653 2457,1652 2505,1651 2553,1650 2601,1649 2649,1647 2697,1646 2746,1645 2794,1644 2842,1643 2890,1641 2938,1640 2986,1638 3035,1637"/>
                <TextEquiv>
                    <Unicode>confrontirt zuwerden vnd Ihne mit ferneren</Unicode>
                </TextEquiv>
            </TextLine>
            <TextLine id="r2l9" custom="readingOrder {index:8;}">
                <Coords points="2071,1734 2145,1746 2176,1721 2232,1721 2322,1752 2362,1735 2459,1760 2533,1722 2583,1731 2582,1685 2464,1684 2438,1663 2327,1704 2197,1655 2150,1686 2071,1703"/>
                <Baseline points="2078,1727 2104,1724 2130,1722 2156,1721 2182,1720 2209,1719 2235,1719 2261,1718 2287,1718 2313,1718 2340,1718 2366,1718 2392,1718 2418,1718 2444,1718 2471,1718 2497,1718 2523,1716 2549,1716 2576,1715"/>
                <TextEquiv>
                    <Unicode>vmstenden zubeklagen.</Unicode>
                </TextEquiv>
            </TextLine>
            <TextLine id="r2l10" custom="readingOrder {index:9;}">
                <Coords points="2075,1882 2398,1897 2624,1838 2696,1878 2884,1866 2942,1892 3000,1867 2999,1808 2814,1765 2658,1802 2604,1779 2349,1810 2138,1796 2074,1836"/>
                <Baseline points="2082,1863 2127,1858 2173,1852 2218,1849 2264,1845 2309,1844 2355,1841 2400,1839 2446,1838 2491,1836 2537,1836 2583,1836 2628,1835 2674,1835 2719,1835 2765,1835 2810,1835 2856,1835 2901,1835 2947,1835 2993,1835"/>
                <TextEquiv>
                    <Unicode>Oo hat auch 1 Hl Examinator Ihme Zugleich</Unicode>
                </TextEquiv>
            </TextLine>
            <TextLine id="r2l11" custom="readingOrder {index:10;}">
                <Coords points="2072,1935 2227,1926 2308,1962 2480,1912 2589,1953 2643,1914 2856,1907 2944,1952 3027,1924 3026,1865 2943,1893 2880,1865 2655,1896 2071,1888"/>
                <Baseline points="2078,1931 2125,1929 2172,1927 2219,1925 2266,1923 2313,1922 2360,1919 2407,1917 2454,1916 2501,1914 2549,1913 2596,1911 2643,1911 2690,1910 2737,1910 2784,1910 2831,1911 2878,1911 2925,1913 2972,1916 3020,1917"/>
                <TextEquiv>
                    <Unicode>remonstriert, das es in vorigen examen dem H</Unicode>
                </TextEquiv>
            </TextLine>
            <TextLine id="r2l12" custom="readingOrder {index:11;}">
                <Coords points="2075,2030 2349,1998 2716,2040 2865,2003 2909,2033 2950,1994 3027,1989 3026,1947 2976,1941 2876,1969 2824,1944 2074,1951"/>
                <Baseline points="2081,2009 2130,2006 2179,2003 2229,2001 2278,2000 2328,1998 2377,1997 2426,1995 2476,1994 2525,1992 2575,1992 2624,1991 2674,1990 2723,1989 2772,1989 2822,1988 2871,1988 2921,1986 2970,1986 3020,1985"/>
                <TextEquiv>
                    <Unicode>Steck entweders recht oder vnrecht gethan habe</Unicode>
                </TextEquiv>
            </TextLine>
            <TextLine id="r2l13" custom="readingOrder {index:12;}">
                <Coords points="2084,2087 2223,2100 2267,2069 2394,2103 2425,2073 2554,2116 2601,2070 2821,2062 2898,2093 3059,2075 3059,2021 2083,2024"/>
                <Baseline points="2090,2070 2138,2069 2186,2069 2234,2067 2282,2067 2330,2067 2378,2066 2427,2066 2475,2066 2523,2064 2571,2064 2619,2064 2667,2063 2715,2063 2764,2063 2812,2061 2860,2061 2908,2061 2956,2061 3004,2060 3053,2060"/>
                <TextEquiv>
                    <Unicode>vnd es solle wohl betrachten was es rede, damit</Unicode>
                </TextEquiv>
            </TextLine>
            <TextLine id="r2l14" custom="readingOrder {index:13;}">
                <Coords points="2087,2139 2217,2187 2374,2152 2417,2174 2475,2133 2655,2142 2719,2184 2831,2136 2925,2177 3069,2149 3068,2096 2962,2085 2590,2086 2553,2116 2250,2082 2087,2110"/>
                <Baseline points="2093,2135 2141,2135 2189,2135 2238,2135 2286,2135 2335,2135 2383,2135 2432,2135 2480,2135 2529,2135 2577,2133 2625,2133 2674,2133 2722,2132 2771,2130 2819,2129 2868,2128 2916,2126 2965,2125 3013,2123 3062,2121"/>
                <TextEquiv>
                    <Unicode>iis Mghl genötiget werdindt, Ihns mit mehrerer</Unicode>
                </TextEquiv>
            </TextLine>
            <TextLine id="r2l15" custom="readingOrder {index:14;}">
                <Coords points="2078,2220 2172,2211 2216,2232 2244,2205 2403,2198 2462,2237 2488,2221 2550,2238 2643,2204 2643,2179 2495,2141 2429,2174 2374,2152 2296,2184 2213,2154 2161,2176 2133,2153 2077,2150"/>
                <Baseline points="2085,2208 2112,2207 2140,2205 2167,2204 2195,2204 2222,2202 2250,2202 2277,2201 2305,2201 2332,2199 2360,2199 2388,2199 2415,2199 2443,2198 2470,2198 2498,2198 2525,2198 2553,2196 2580,2196 2608,2196 2636,2195"/>
                <TextEquiv>
                    <Unicode>straff forners anzusehen</Unicode>
                </TextEquiv>
            </TextLine>
            <TextLine id="r2l16" custom="readingOrder {index:15;}">
                <Coords points="2033,2296 2244,2260 2292,2294 2342,2268 2995,2270 3006,2207 2754,2242 2666,2213 2502,2245 2246,2221 2166,2253 2080,2204 2032,2234"/>
                <Baseline points="2039,2277 2087,2273 2135,2271 2183,2268 2231,2267 2279,2265 2327,2264 2375,2264 2423,2264 2471,2264 2519,2264 2567,2264 2615,2264 2663,2264 2711,2264 2759,2264 2807,2264 2855,2263 2903,2262 2951,2261 3000,2259"/>
                <TextEquiv>
                    <Unicode>Darauff es sambtlich nichts anders Geantwortes den</Unicode>
                </TextEquiv>
            </TextLine>
            <TextLine id="r2l17" custom="readingOrder {index:16;}">
                <Coords points="2072,2344 2160,2326 2363,2370 2459,2314 2608,2369 2809,2315 2899,2358 3028,2341 3009,2260 2773,2296 2659,2268 2484,2300 2070,2278"/>
                <Baseline points="2078,2330 2125,2327 2172,2325 2219,2323 2266,2321 2313,2319 2360,2319 2407,2318 2454,2318 2501,2317 2549,2316 2596,2316 2643,2316 2690,2316 2737,2315 2784,2315 2831,2314 2878,2313 2925,2312 2972,2310 3020,2309"/>
                <TextEquiv>
                    <Unicode>Steck buche jetzund iit wiezuwohr, vnd sein podede</Unicode>
                </TextEquiv>
            </TextLine>
            <TextLine id="r2l18" custom="readingOrder {index:17;}">
                <Coords points="2082,2431 2111,2436 2198,2383 2291,2434 2411,2398 2534,2392 2534,2330 2451,2341 2427,2329 2363,2370 2330,2347 2250,2365 2233,2349 2169,2359 2130,2338 2081,2339"/>
                <Baseline points="2087,2390 2112,2389 2138,2388 2164,2388 2190,2387 2216,2386 2242,2385 2268,2385 2294,2384 2320,2384 2346,2384 2372,2384 2398,2384 2424,2384 2450,2385 2476,2385 2502,2386 2528,2387"/>
                <TextEquiv>
                    <Unicode>sey mit mehr so diek</Unicode>
                </TextEquiv>
            </TextLine>
            <TextEquiv>
                <Unicode>gelb empfangen, vnd disen man habe der H. Steck
zum Hauß vhen schlagen wollen, solches seye
geschehen ehnder es nach Geuff vorschieke worden
hierauff hin beyde Mwohlgl Herren die außsge¬
schoßene Odes Oberen Gorgrichts anlaß genomen
Ihme Anneli zuverduten, warun es dan hievor
en verlangen getragen, mit herren Stuckselbst
confrontirt zuwerden vnd Ihne mit ferneren
vmstenden zubeklagen.
Oo hat auch 1 Hl Examinator Ihme Zugleich
remonstriert, das es in vorigen examen dem H
Steck entweders recht oder vnrecht gethan habe
vnd es solle wohl betrachten was es rede, damit
iis Mghl genötiget werdindt, Ihns mit mehrerer
straff forners anzusehen
Darauff es sambtlich nichts anders Geantwortes den
Steck buche jetzund iit wiezuwohr, vnd sein podede
sey mit mehr so diek</Unicode>
            </TextEquiv>
        </TextRegion>
    </Page>
</PcGts>
