4032 3024
744 913 818 993 10
710 1118 791 1227 2
858 982 1926 1152 Insulscheiben Magnersn huß Persohnen gesacn
875 1066 1815 1218 Iie hardt mit Ein vndere grondt haben e.
872 1146 1883 1306 Ob Er nichtslösters gestohlen, Es seyn liecht zu¬
854 1242 1904 1377 Muthmeisen, Wylin Er die sach so Meisterlich An¬
856 1322 1866 1452 estellen können, daß Er an andrern ohrt mehr
869 1392 1881 1534 muße Eingebrochen sein, In ansachen es Vß den
860 1485 1897 1629 Verdächtigen gesprach, so E. mit M. brugger
860 1572 1885 1720 dem Ahnmachen gehalten lahrscheinlich zu
842 1681 1827 1802 glauben seye, daß Er mehr als aber da müße
845 1768 1301 1875 gestohlen haben w.
808 1832 1872 1968 Meig Er habe sie Tag seines Lebens nichts dsers
820 1925 1851 2076 gestehlen, als Gradt leiden zu vns Hhren Hibnrs
829 2010 1881 2155 laden, worzu Ihne die praessierende Schuldt
822 2096 1902 2224 byde Väberen und der leidige Satan zutrchen
830 2179 1852 2327 Im Vbrigen wüße E. gar nichts mehr zube¬
826 2282 1868 2409 ekennen magmöge Ihne Marteren wie man wolle.
2100 992 3168 1139 Wolle sich geduldigklich zu die Verhangnuß Gottes
2124 1074 3189 1224 in seinen heiligen willen, und Einer Hochen Oberkeith
2116 1159 3166 1276 gundt Vnderbursen, bäte auch Hochmahlen gott
2117 1240 3180 1383 undem Gnädige Hoche Oberkuith, umb Gnadt undt
2094 1325 3139 1471 Verzeüchung undt Vmb Ein Gulldiges Vrtheil .
2100 1440 3177 1588 hinauff so ward Vm Mager mit undt ohnn Marte
2114 1524 3167 1655 auch vmb den Verlauff deß haltschen Schlüßels
2084 1631 2487 1744 befraget worden
2087 1688 3067 1825 Dar Van wegen daß dem Sellmatter gemachten
2095 1770 3162 1900 Schlußels anders nichts bekundt, als was Er be¬
2109 1858 3149 1992 preiths In seinen her vorgechenden Examen ange¬
2107 1934 3099 2063 Zeigt, Vst was wiß und Mannier Ihme dises
2108 2018 3162 2150 Schlußel Von Vun Seallmattun zu machen angeben
2129 2124 2425 2207 worden seyo .
2093 2149 3162 2311 Was Er mit denen Wreyen by Ihme gefundenen Ver¬
2084 2259 2730 2383 „dachtigen Schlüßlen gemacht.
2822 2296 2942 2413 Ant.
