4032 3024
829 2008 886 2100 E
916 1029 1854 1154 Großor Sein ihrem Vatter an die Achzlen kommen,
922 1102 1814 1198 wolcher ihn schier indergeschlagen, darauff Er ihro
907 1152 1840 1270 zugerußen, Sy wollend fliehen es seyend Mörder
914 1218 1845 1335 vorhanden, Ihr Vatter seye im lauffen etlich mahl
905 1270 1795 1372 vor machtlosigkeit und schräcken schier zuboden
898 1324 1827 1460 gehallen, auch habend die Thäter sch veretlget, biß zu
913 1380 1870 1505 inen Schurle, by herr Amnshäusels eingangn, alwo der
913 1424 1842 1561 lotste bengel an das Sturli gangen. Sy aber habe
910 1477 1854 1616 wegen, duenerkeler nacht vnd so vill der schein ihres gehabten
910 1533 1853 1663 Rechts untgeben könen, mehr nicht als wie vordeutet,
898 1584 1899 1707 Jodern karl mit weißen bittlen in gestalt und postu¬
901 1646 1883 1785 wie die Zwern getangenen Ruchigr gesehen, auch Jaum
917 1714 1828 1847 sehen  die sich so fohrt über dan Zann außgemacht,
902 1763 1877 1895 im angesicht aber habe sicy selbige nit erkennen mögen
907 1812 1873 1937 des morgens hernoch seye mehr als ein forb voll stöinen
906 1866 1812 2002 und abgebrochene Zaum stecken am orth gelegen, da
912 1914 1277 2016 y gewhaeffen worden
886 1980 1788 2124 Dent so ist nochsheuth alends vmb s.hr, fernerer
891 2063 1763 2161 versöhnlichen Obtricht angehörth worden, von hine
888 2104 1858 2235 Jungen Knaben seines alterb. 14. Jahr und etlich monat
895 2157 1859 2274 nahmens Johanos Eugel In H. Amßhaußels matten
886 2197 1871 2332 In der Enge wohnhafft, welchem dann zugesprochen zrd
899 2243 1767 2374 der die lautere wahrheit eeden solle, auch ob ihme
900 2289 1848 2439 Jomands angereitzet etwaß wider disere Rihier zureden
2053 1020 3119 1136 Vnd deßwegen ihme etwan ein Gutes frinckgelt möchte
2065 1098 3155 1190 versprochen worden sein, auch war ihne ersucht habe deßwegen
2080 1150 3126 1250 elbsten zukomen seinen bericht abzulogen, hierauff
2060 1208 3130 1310 hm diser Junge knab gantz unerschrocken heentwortet
2059 1267 3123 1384 er so Seye von niemnands darzu angewisen worden,
2068 1335 3121 1447 seige auch nit byy dem entstandenen Tumult gsen, allein
2062 1393 3126 1514 des mornigen tags als ansontag fruhe vmb 6. Vhr
2057 1451 3109 1569 Ob es sege sag gsunhehn Hl Rihen matten gangen vndt
2065 1517 3086 1615 vmb 2. fr. milch abgeholt, dazu mahlen er disere
2069 1568 3150 1685 dißmallige gefangene 2. Kuhier Eyein anderen hinder
2057 1625 3112 1742 dens disch sitzend gesehen milch esten, weiters wuße
2062 1671 2829 1791 er von diser sach nichts zureden.
2003 1760 3092 1883 Dies ist alße da geutz außführlichen bericht, so E. g.
2062 1821 3155 1921 mach schuldigster pflicht vorgebracht wirdt umb Gero¬
2063 1874 3117 1985 selben ferneren bewelch zugewarthen. Actur di. 9. R
2039 1917 2483 2029 dddecemter irot
2481 1953 2666 2034 d d
2036 1990 3067 2141 N ach dehme hiervohrgemelte Vorlandlung E. G.
2043 2073 3159 2226 durch shl. herren seimlicher Willadinr als prami¬
2056 2140 3070 2265 ratotoa prelatioet wordt, habend E. G Legners
2032 2191 3155 2339 Eefohlen: diser Ziter in Verhafftligende Rihier alles
2049 2254 3105 2412 Ernst byzeig vnd freundung der Marter scharpff zu
2053 2324 3185 2476 Examinitren, so auch di. 11. t. Aber. durch Mss. hemblicher
