4032 3024
839 1004 1898 1173 Die Steimanni als die Guttin nach vorher¬
872 1105 1850 1229 gangener trofftiger ermahnung, gegen ein¬
872 1191 1822 1277 anderen confrontiert worden, vnd darauff
860 1254 1807 1370 die Guttenen befragt, Obs mit dem also
864 1338 1847 1458 das sy in Ihrem ersten Eramen, so Ihro abge¬
872 1407 1888 1517 esen worden, frey vnd ungezwungen bekendt
869 1478 1854 1617 ds H. Haubtman Jacob Jener Ihres zu
853 1552 1881 1696 Wallenbuchs an die woll gebrachten Kinds rechte
871 1642 1848 1768 varter seye, auch das Er Ihr hier selbsten gelt
880 1761 1108 1851 gegeben
844 1818 1785 1945 Darauff die Guttin mit ja geantworbet,
778 1912 1871 2033 Deßwegen dann die Confrontation gehalten worde,
856 2006 1813 2109 also das die Gutten, durch ds Arnel Steiman
856 2069 1862 2180 eameret worden, wie das sey gar wohl wusbe, das der
843 2117 1818 2238 herr Haubtman Jacob Jenuor Ihres sinds rechte
856 2190 1827 2312 vatter seyn, dan siy es Ihme selbsten gesagt, das Eb de
851 2252 1893 2398 H. Jeuer seye vnd kem anderer, auch habe es selbst
1998 1010 3057 1143 gesehen, da er Ihre des nachts auff einmahl. 10. thaller
2014 1094 3060 1225 gebracht, vnd als es Anneli auff eine spate abend Zeit
2026 1169 3021 1292 vor ohngefehr daryen Jahren sich auff der gaßen
2029 1243 3036 1352 befunden vnd weingehalt habe der Herr Haubtman
2017 1326 3065 1437 Jacob Jenner Ihns angeredt vnd ges gesagt, möntsch
2056 1365 3004 1476 8o gehßt hin vnd wenn gehörst zu, darauff es zur
2044 1427 3070 1542 antwort gegeben, es wohne byy den töchter Guttenen
2049 1485 3056 1610 hierauff herr Jener zu Ihme gesagt, kann vndt
2019 1558 3059 1692 fuhr mich auch dahin, allei als es mit Ihme zum
2068 1621 3027 1721 auß kommen, seye die Junger brinerin vnd Ihr
2041 1675 3066 1790 bruder bydt töchter Guttenen gsin, da habe sy dazu¬
2050 1747 3048 1872 mahlen Ihme Herren Jeuer lassen vordenten
2032 1808 2957 1945 sy konne fur dißsmahlen nit mit Ihme reden
2050 1891 3045 1976 allein auff ein andere Zeit seye er widerum von sich
2057 1939 3023 2018 selbsten von mitnachtszeit zu der Gritzen Gutt in des
2054 2005 3025 2108 tubli konden, alßo das sey beyde, des H. Jener vnd die
2056 2040 3061 2174 gutdenen sich byein anderen auff dem bett verwelet, vn
2039 2121 3051 2229 es seye damahlen auch noch im Bett ghmn allein man
2036 2180 3082 2309 habe es machen auffstahn. Weilein also die
