4032 3024
817 983 914 1064 97
856 1037 1852 1147 Abkauff und bezahlt, von Moshl. Rahtsherr
860 1107 1861 1189 Tilliers sachen noch weiters zubracht undt
868 1161 1822 1261 Verkaufft einsilbernes Uhrlin und etwelche
872 1235 1865 1321 nutze silberne Bächer. Damahls habe Ihn der
841 1276 1864 1365 Prämer durch den Haußgang in ein Kämerlin
853 1329 1832 1437 hinder dem Laden gefuhrt, und daselbsten
864 1391 1849 1495 mit lauter 7. Ereutzleren vßzahlt. Die Er Ihm
1491 1452 1589 1501 hätten
866 1447 1794 1546 aber hernach, weilen Er daran verliehren
869 1499 1264 1599 müßen, widergoben
1445 1510 1807 1596 dieser Krämer
865 1563 1877 1664 nun deme Er also wie verdeutet under zwey¬
874 1630 1856 1712 mahlen Silbergschir samt einem King undt
871 1676 1807 1768 Uhelin verkaufft, seye ein weltscher, von
878 1734 1795 1825 mittelmäßiger Status trage eine falbe¬
872 1805 1840 1881 perruquen, seinen Kramkaden habe Er da¬
893 1843 1830 1950 mahls bym Gäßlin am Eggen nicht weit
865 1901 1833 2000 von der Neuwen Kirchen gehabt und laufe
874 1969 1864 2066 der mühlibach aller nächst vorbey dem Hauß
862 2025 1856 2135 Vorbey, diß mahlen habe Er seinen laden nicht
861 2072 1781 2171 mehr an selbigem ohrt, sonderen glaube
882 2131 1891 2250 daß er getzund beßer gegen dem Thurn zu
856 2197 1093 2294 feil habe.
1715 2237 1802 2329 3
3028 959 3119 1061 76
1988 1014 3145 1125 3. habe Er deß Ihr Landtvogts und der Frauwe
2060 1088 3144 1184 Von Wattemgl entwendte Silbergschir darun¬
2046 1131 3126 1227 der sich auch ein Uhrlin befunden einem Anderen
2039 1190 3018 1294 weltschen Krämer Verkauft welcher byn
2002 1253 3142 1380 Bisch Brunnen feil habe, dieser Kramer seye Zumb¬
2016 1318 3113 1431 lich langer Statur, habe rohte backen und wie Er
2035 1365 3089 1476 darfür halte:) seine eigene Haar, zum Zeiten
2042 1435 3110 1530 habe er einen Knaben, zun Zeiten aber eine
2025 1487 3078 1598 Andere Manns Persohn bey Ihm im laden
2813 1546 2879 1596 ort
2060 1547 3129 1657 diesen letzten Kramer habe Er auch einmahl
2050 1608 3059 1729 zu büren angetroffen der Ihne Glauser
2037 1673 3127 1789 gefragt, Ob Er nichts mehr von Silbergschir habe
2041 1742 3157 1855 wanner etwas weiters bekomme, solle Er Ihms
2039 1816 2347 1901 nur bringen
2025 1869 3097 1979 belangend deß H. von Fauels sachen, wüße
2033 1938 3105 2025 er nicht wo der Adtian selbige hingetragen und Ver¬
2031 1995 3079 2079 kaufft; Übriges entwendte Selbergschie und
2023 2036 3070 2118 wie auch alte kennbahre Bold und v ilberstuck
2010 2092 3090 2201 habe der Adrian nach Hasel getragen, alda das
2016 2143 3118 2263 Silbergschie Verkaufft die Gold und Silberstuck
2038 2202 2944 2310 aber in dem Wechßel hauß verwechslet.
