4032 3024
814 1014 1850 1169 BWaß der Chevallier ihme aller ver¬
843 1123 1069 1229 Sprochen?
796 1179 1865 1322 der Chevallier habe ihme gesagt, Er
838 1282 1865 1391 Wolle zu Jarin ein Regiment von
856 1346 1831 1441 außgerißenen vffrichten und ihme
851 1414 1871 1551 zu Jurin versprochen, Ein under oficiear
851 1488 1356 1598 Stell Werden zulaßen.
850 1555 1865 1710 Dene, so habe der Aewallier ein brieff¬
851 1671 1865 1805 vom Bertzog Noch davon an Ihr
844 1754 1853 1874 Königl. Mar: in Preusen addressiert
861 1811 1834 1957 allhawo gebracht und dem H. Puputs¬
855 1897 1279 2011 Allhind zugestelt.
776 2005 1755 2185 E. W. ber den Crevallien zu leß habe
868 2118 1176 2221 ehrnen kenen?
783 2194 1877 2358 Rl. zu Jurin, dans un Cabarete Borgnes, aller
839 2282 1879 2455 Er Chevallier kein Cquipage gehabt, sondere
1999 944 3066 1130 Sich bey binem Quardes du Conps auffge¬
1991 1047 3067 1202 halten, dennoch habe de Crevallier Ein
2008 1121 2978 1265 außreißen zu einem Knecht gehabt,
2006 1161 3083 1339 Welchen Er zu Jurin zurück gelaßen,
2008 1253 3069 1389 auch habe der srevallier zu Turin
2003 1313 3092 1464 Jeden Zeit sein Ritters= orden getragen,
2013 1367 3086 1537 und sehe öffterr zu Jurin am Hooff
2019 1505 2258 1615 erschinen.
1959 1560 3076 1713 E. Ob sie allerseiths dann Willens waren,
2005 1639 2782 1784 sich sied lang aufzuhalten?
1961 1688 3078 1844 Re. Den Crevallier wolte vff antwort
2043 1762 3074 1881 keiner brieffen Warten, so Er dem
2054 1860 2616 1977 l. Pupuis zugestelt.
1988 1928 3105 2077 2. Ob sie samptlich von Jurin Jehindt
2046 2016 2857 2149 zu Pferdt allharo gereiset?
1974 2105 3084 2238 Re. Rlichmahlen zu Pferdt, Etlich mahlen
2053 2209 2389 2326 zu Fuß.
2974 2340 3055 2454 E.
