4032 3024
878 1006 1823 1150 H6. f. Seinem Bruder dem Aalli futhi
994 1103 1818 1222 des nochts ein mittelmäßiger erige
993 1171 1173 1279 haferl
971 1266 1789 1392 Als man Ihne vber obgemelte vergicht,
982 1345 1837 1450 nach gethamem zusprechen, befragte ob er
987 1425 1885 1525 nichts weiters gestohlen habe antwortete Er
1589 1478 1695 1541 wusze
892 1496 1885 1586 daß er tse weiters gar nichts, und wan man
969 1549 1776 1665 Ihne schon toden wolte könte er nichts
978 1630 1819 1724 weiters bekenen, bätte Gott vnd ein
980 1696 1849 1811 Gnedige Oberkeib vmb gnad vnd vor¬
963 1767 1196 1879 Ziehung.
964 1860 1878 1995 diß Ist alsoo das Jänige waß nach Ihr Gnad
949 1949 1846 2072 Intention von Ihme huthe durch anwendung
945 2032 1882 2158 der Marther, hat könen bekand gemacht werden
1988 1837 2032 1893 l
2261 951 3101 1083 ontinuatio hievorigen Exami
2417 1037 3037 1152 nis mit Janns Lutthi¬
2052 1140 3000 1287 Demnach Muhhr Examinato¬
2043 1202 3093 1305 Combach sub A. Octb. sich mit vorgemelten
2066 1252 3084 1374 Ihr Hrl. Dieneren, zu volg reiterierliche
2058 1321 3081 1427 Bewelchs widrumb in die Gefangenschafft be¬
2049 1360 3099 1487 geben, und dieseren Hanns Lutthi anfenglich
2062 1407 3087 1546 mit ernstlicher Betronwung volgends mit
2054 1469 3119 1585 Anwendung der Marter deß 50. t 2 steins
2048 1529 3069 1641 so wohl über bereits bekanndte als andere
2065 1586 3060 1711 nuchtmäßliche Diebstähl befragt, Ist über
2055 1657 3079 1757 hie vorige, noch volgende Vergicht und bekandt
2061 1712 2847 1822 nuß von Ihme erhalten worden
2127 1771 3109 1900 daß Peter Blaser deß Küefferlis Tochter
2067 1845 3094 1948 mann an der Winterseythen beylangnaun
2058 1895 3123 2004 und der Cueischeiße sonsten seines Vermihtens
2055 1955 3128 2062 daniel Widmer/ seine Camaraden im stehlen
2055 2037 2254 2109 gewesen
2064 2061 3100 2182 habe Er Lutti undenfür Ohrbach nachts auß
2063 2120 3042 2235 auß einem Keller für ohngefehrt 10 6
2056 2189 3057 2275 Brodt entwendt zu diesem Keller seye ein
2056 2229 3102 2327 holtzerner Schlußel gewesen, welchen Er oben
2063 2292 2951 2395 daruff gefunden und darmit auff gethan
