4032 3024
879 1027 1699 1173 Zweytes Eramen, mit Annel¬
922 1137 1825 1263 teimari gehalten, d 10. R. jber. 1704.
822 1307 1760 1425 Als Ihr Gnadt d. 10 fl. dißs daß erste Bramro
1082 1388 1111 1435 I
988 1383 1081 1433 Anna
865 1366 1814 1487 nit pena dteiman abgelesen worden, habend
846 1438 1773 1556 Ihr Gnaden an Sein Annelis verguht sich
861 1507 1853 1617 nit ersettig noch daran komen wollen, Insonder
853 1555 1808 1685 heit weilen es gar nit hat wußen noch bekandt sein
860 1634 1840 1752 war die Jänigen ghi seynnd, so Ihuns im mittnachts
838 1692 1859 1827 Zeit auß der Gorgrichtlichen pfangenschafft looß¬
850 1767 1737 1877 gemacht vnd fohre tragen helffen wollen.
840 1841 1784 1954 Derowegen S. G. abermahlen Mhgl. Herrn
869 1891 1845 2023 seimblicher Suigel als Examinatoren anbefohlen
835 1970 1849 2092 noch selbigen Tags ohne versaumuus diser Anneli
852 2049 1817 2154 brefftigster maaßen zu examinieren vndt mit
855 2106 1761 2221 dem dumolEihen sohngeacht seiner Franckheit
858 2183 1839 2298 zutreuwen, zu dem vnd Wihgl. H. Examinator
874 2237 1780 2349 nit vnderlaßen, nach 3. G. Inhebition, allen
1934 1683 1992 1764 63
2972 906 3001 992 h
1984 959 3027 1139 muglichsten fleiß anzuwenden nebent treuwung der
2002 1030 3002 1211 marter Ihns zu einer wahren bekandtnus anzu¬
2159 1109 3004 1248 allein alles trreuwen vnd zusprechen
1998 1176 2146 1274 halten
2007 1177 2968 1359 wahre vergeblich, vnd beharrete mit starcken
2021 1266 2958 1414 Meinen auff allei dem Jänigen, so es in dem
2024 1323 3026 1490 ersten examen bekendt vnd sagte, wan mans
2038 1385 3015 1592 chen toder vnd marteren wolte, so könte es gar
2030 1477 3057 1627 nit andern bekenen als was es bereids bekendt, vnd
2038 1545 2977 1693 wan es anders reden würde, so thate es seinem
2054 1612 3036 1738 nebend mentschen vnrecht dan es wuße es gar
2042 1654 2972 1805 nit war die Janigen seyund, so Ihns auf der
2039 1714 3061 1870 vorgrichtlichen Pfangenschafft logß gemacht, oder
2032 1794 3023 1939 war selbige geschicke noch die ersach worun auch
2052 1834 3066 2014 habind die Jange Zwrenß Iht nachgeschehenen fahl
2052 1930 3034 2078 fohre tragen wollen, Ihns iit erwurgen wollen, wie
2040 1982 3070 2148 vormeint wird sondern nur allzeit gesagt, Johrs tragen,
2038 2067 2980 2240 fohrt tragen, gegen die hindere krone aber allein
2046 2117 3052 2288 wegen seinen großen schmertzen habind si es endlich
2059 2196 3109 2373 ligen laßen, In anschen des für Ichns im Zuchchudl
3029 983 3080 1040 1
