4032 3024
846 987 914 1064 28
862 1045 1847 1151 as Zwächelin haben die Soldaten so zu gerwe¬
844 1116 1843 1212 ren logiert Voller Speiß hinderen in Ihre Wohn
850 1158 1496 1247 ung gebracht, und da gelaßen
848 1221 1834 1326 den Eisen weggen habe es von der Magdt
842 1283 1787 1373 zuGerieren umb solchen zu gebrauchen
863 1331 1822 1411 entlehnt und hätte auch selbigen wann Sie
849 1384 1804 1463 nit hier in der Gefangenschafft wären, schon
862 1436 1114 1531 bidergeben
894 1490 1794 1589 Die Krausen habe der Maffli im Comerii
872 1547 1789 1635 hauß gebraucht, darinnen waßer zuholen
859 1597 1823 1682 welche als Er daselbste seinen Abscheid bekom¬
859 1647 1753 1733 men mit Ihm in Ihre wohnung gebracht.
843 1693 1809 1790 :so auch von dem Maffli bestähtiget worden
883 1750 1840 1852 die Tauen betreffend, habe sein Mann selbige
894 1812 1053 1900 gekaufft
873 1896 1852 1977 Nun neben Obigem Examen sindt auch krafft
854 1975 1813 2053 Ihr Hrl. Voranzognen befelchs, nachgemelte
868 2010 1796 2084 versohnen, so den Allrich seit wenig wochen
874 2054 1853 2157 in Commerii hauß gesechen haben sollen, harüber
875 2124 1264 2191 Vernommen worden
895 2168 1817 2261 und zeuget heinrich Küster von Brientz ein
894 2235 1826 2304 Vüllenkämmer im Comerii hauß, daß der
889 2264 1864 2367 Allrich seit Osteren zweymahl ins Comerii hauß
1660 2328 1828 2439 kommen
1970 984 3060 1134 und zwar das Eintemahl an einem Sambstag fals
1992 1063 3024 1171 iben damahls der Mathli wegen gethanen Schutzes
1979 1114 3050 1230 und Verwundung deß bewußten Menschen, in der ge¬
1983 1187 3043 1288 fangenschafft wäre; Er gabe vor, Er suche Geldt für den
1983 1231 3008 1334 Mathli, selbiger zege ledig erkennt wann Er nur
2917 1266 3051 1332 Seithe
2920 1317 3041 1358 seithae
1980 1281 2847 1397 die Gefangenschafft Costen bezahlen könte
1900 1331 3074 1459 weiters wüße Er Kuster nit zuzeugen, Ob Er noch weiters
1979 1417 2553 1510 hinderen kommen oder nicht
1987 1453 3059 1567 Samuel Schneyder von Schorren bey Thun auch
2002 1511 3056 1619 ein wullenkämmer im Comeri hauß zeuget, daß
1998 1567 3065 1688 Er den Vllrich seit Osteren einmahl im Comerinhauß
1998 1614 3063 1740 gesechen und im Hooft mit demselben geredt, darauff
1992 1671 3030 1782 Er nach der Großen Stuben gangen, und den Gaffli
2319 1723 3047 1839 Deß Allrichs Weib seye viel
1979 1751 2320 1845 herauß beruffen
1995 1773 3063 1899 nahl hinderen zum Mahhlikommen, wann derselbe
1993 1844 3049 1930 an die Arbeit gangen. Verners könne Er nicht
1992 1885 3037 1998 Zeugen daß Er den Alleichmehr dahinden gesechen
2070 1967 2160 2047 44
1971 1979 2071 2050 hab
2046 1984 3054 2116 iß ist nur das Jenige so auß E. Grl. befelch
2017 2054 2990 2157 mit diesen Gefangenen verhandlet worden. so
1994 2122 2602 2223 Actum 7. Ocob. 1704.
