4032 3024
841 1038 1827 1168 Vnd wie es doch habe können geschehen, daß
929 1128 1853 1231 er des morgelit als er vor ohngefehr Zachen
922 1189 1775 1275 tagen von der wacht wider nach Haus
921 1248 1803 1352 komen in das Haufs hinan gekorten, da
926 1306 1809 1419 doch des H. landtwogts tochter vnd die magt
918 1369 1809 1487 das abends spath gegen Elff vhren auß
915 1442 1841 1554 beselch de Frauw landtvögtin die haußthuren
928 1514 1811 1614 geschloßen vnd den rigel gestoßen, deßben
928 1573 1860 1674 aber ein wahres Zeuchen, das der rigel gestossen
922 1645 1862 1750 worden, daß sich die Tochter darmit am finger
916 1720 1119 1818 gewirset
924 1786 1821 1910 Den Haußschlußel belangend, wurde er auch
915 1856 1860 1965 hefragt wor Ihme solchen gegeben, vnd byywon
935 1922 1795 2019 er Ihn habe machen lassen, dann es seye gar
927 1970 1871 2105 mit diänige schlußel, so Ihme die frh landtogtin
945 2051 1875 2161 übergeben, dann der Jange Mser so vor disem die
948 2114 1826 2224 beyde haußtschlußel gemacht, Semen in handen
943 2206 1837 2292 gehabten Schlußel gemacht zuhaben nit gestehler
954 2247 1821 2343 wolle, auch die vbriges schloßer nichts darvon
934 2314 1876 2416 wussen wollen, das dcher schlussel von Ihrer arbeit seyn.
2913 977 3024 1089 Rib.
2081 1099 3054 1234 Nin vber dise hiervorgemolte vnderschidliche
2101 1195 3040 1300 anklegten, sagte er gantz vnerschrocken, er
2101 1268 3063 1369 habe sein Guts zwußen, es möge zum tod oder
2084 1316 3026 1433 sterben komen, dann es seyn Ihme diher diebstal
2102 1384 3026 1503 gantz ubewust, wie solcher mueße geschehen
2126 1451 2975 1551 ein vnd er seye in diser gantzen sach gantz
2102 1507 3035 1618 vnschuldig vnd köne die sachen so er nit gethan
2112 1571 2785 1671 noch darvon gewubt, mit bekennen,
2096 1642 3054 1740 vnd des morgens ohngesehr vmb 6. Vhren, als er
2104 1722 3057 1797 von der wacht woder nach haußgangen vnd in das
2113 1752 3012 1860 haus gewolt habe er beforderst an die Fallen
2097 1817 3029 1928 getruckt, zusehen, ob das Haus beschloßen oder mit
2107 1859 3054 1978 vnd als ers schloßen besand, habe er dem Hauß¬
2113 1932 3075 2031 schlußel auß dem Sack gezogen, vnd de Hauß¬
2104 1985 3021 2095 Apur darmit geöffnet, allein das drigel seye
2106 2045 3062 2166 gestoßen Isun, köne solches mit wohl sein, dann sonsten
2302 2104 3000 2209 chlussel hätte er mit die haußthuren
2105 2153 3071 2258 auffthun können, daß aber dise Jungsten Somer
2120 2212 3056 2323 ob sich solle zugetragen haben, daß als die Tochter
2116 2286 3080 2384 maht vnd der lachenwan von Stuckißhauff anharo
2942 2321 3057 2390 hotten
