4032 3024
873 998 1782 1115 vnd darumb habt Ihr euch besorget, ich möchte auch
876 1075 1783 1177 angeben, wie auch deßswegen, das Ich gewust, das Ihr
880 1143 1803 1244 mit Verena purck von Muntsigen ein vnEhelich
866 1205 1090 1285 vind habet
847 1260 1708 1389 Hierauff H Strck nochmahlen Ihme Annali
874 1336 1809 1449 repliciert wie es doch dörffe so frech vnd Gottloser
856 1403 1847 1521 Ja vnschuldiger weiß Ihne so harter sachen an klage,
865 1474 1786 1582 deren er sich in seinem zwusben gantz vnschuldig
869 1546 1873 1637 wuße, allein er wolle sich schon daruber gebuhrender
1217 1587 1438 1643 abhamd An b
866 1616 1814 1701 maßen vorantworten, vsseye dissmahlen nit vmb
904 1660 1782 1773 byschlaf zuthun, sondern mir der loßmachung
874 1721 1615 1814 allen, deßen er sich auch vnschuldig wuße,
1142 1777 1486 1847 der Koswurckung halb
853 1792 1799 1898 darauff des Annel geantwortet, es könte sein das es
863 1866 1774 1968 Ihme herren Steck villeicht vnrecht thäte, weilen
870 1933 1823 2022 die necht einen villmahl betriege, allein es seye sein
868 1987 1835 2106 postur gsin, vnd das sage es noch, swelches alles zu E. G.
856 2057 1884 2178 ferneren verordnung, hiemit gehorsammet maßen vorgebracht
850 2134 1007 2224 wirdt
2973 951 3064 1048 197
2122 986 2260 1067 5. Fol
1959 1007 3065 1146 Dienles Eramen wegen Anneli Steimen
2131 1103 2836 1207 d. 17. F. e pber. 1704. gehalte.
1973 1200 3096 1345 Als vor eblich wochen die dißmahlen in dem dittliger
2025 1299 3103 1405 Thurn verhaffte dirnen Anneli Steiman, nachtlicher
2016 1352 2979 1480 waß auß dem Ehekamerli der Gorgrichtlichen
2019 1431 3055 1563 Gfangenschafft entrunen, hat solches S. G voranlaßet
2012 1496 3019 1623 nachforschung halten zulaßen, war die Junigen sein
2047 1567 3078 1680 möchtend, so diser oberkeitliche pfangenschafft Volirt
2043 1631 3064 1721 vnd disem Anneli darvon geholffen, Also daß durch
2049 1708 3088 1822 vnderschidliche Eramina bekendt vnd angegeben, daß der
2062 1777 3002 1893 einte seye ghin de Hl. vingeltner schreiber Stäck,
2046 1848 3096 1944 den anderen aber wolte es gar nit wußen, wan es etwan
2068 1908 3012 2026 nöchte gewesen sein, wir dann daßandere, vnd dritte
2026 1977 3038 2078 Dramen weitleuffig darvon meldung thun, vndt
2049 2032 2973 2156 weilen auch E. G. bewuster maßen, durch ein
2061 2106 3050 2233 geEydigte Oberkitliche vorsohn, Sim Eyd mundlich
2834 2156 2893 2219 su
2058 2162 3036 2293 gericht abgestattet worden, war die Jämgen seynnd
