4032 3024
850 971 1846 1116 zu thun gehabt. Ihne gar wohl betrachtet
835 1049 1824 1201 vidt gekundt, es seye heiteren mondschem Ism
800 1160 1885 1311 Hach disen wurde H. Sleck zur consiontation
880 1260 1870 1377 haren gelaßen vnd Ihme alles das Jenige
856 1336 1860 1460 angezeigt, deßen des Anneli Steiman
883 1409 1589 1515 Ihne Herren Steck angeklagt
856 1481 1895 1607 Darauff herr Stuck geantwortet, das alle der¬
863 1570 1873 1710 Steiman an klegten faltsi, vnd vnwagen
902 1667 1821 1779 afft seyind, und er könne Ihme Jar mit
886 1730 1782 1838 einbilden noch wußen, was doch disers
889 1793 1825 1907 möntsch bewogen, oder was er Ihme möchte
889 1862 1777 1991 gethan haben, das es Ihne so harter sachen
881 1942 1780 2073 galtschlich anklage, dann er von natur ein
894 2022 1829 2147 Guter mentsch vnd nemnand nichts leids thue,
871 2104 1818 2214 vnd habe die tag seines lebens disers möntsch
867 2173 1831 2285 nie gebandt, betde doch, das er dermahlen eins
877 2253 1532 2364 in guhio gesetzt werden könne
2038 1016 3034 1161 hierauff es dem H. 6 Enck geantin Aetet, er seye
2039 1112 3039 1248 eblichmahlen des nachts zu Ihme zu dem Guttenen
2038 1189 3044 1308 wohnung komen, nämblichen in das hindere Gmnach
2043 1252 3040 1383 alda es mit Ihme Zuthun gehabt, vnd es habe Ihn
2053 1328 3024 1443 an der postur wohl gekendt, vnd er habe silberne
2038 1395 3020 1511 knopff tragen, allein die nacht seye betrogen
1978 1472 2972 1587 Vnd ein andersmahl seye er wider zu Ihme
2071 1548 3054 1656 komen, da habe es Ihme herren Steck gesegzte
2065 1623 3043 1745 Ihr sith der H. Stock, hierauff er Ihme grant¬
2080 1706 2616 1803 worbet num ich bins nit
2083 1736 3073 1890 Also das hierauff Hl. Steck seine vnschuld betheuret
2080 1832 3030 1943 vnd iim gringsten gar nichts bekandtlich sein
2090 1896 3066 2006 wollen. Deßwegen durch Mff. Examantz
2100 1967 3070 2068 Ihme herren Steck verdutet worden ein wenig
2097 2020 3015 2141 abzutretten, vnd anbey Ihme Annel zum
2095 2107 3010 2215 anderen mahl vorgelesen worden, alles das
2104 2162 3047 2288 jänige so es bereids in vorigen Cxamen des H
2086 2230 3047 2355 Stecks halben bekendt vnd an dem damiellchen
