4032 3024
817 1068 866 1131 2
796 1383 882 1492 Ap
855 992 923 1097 2
947 1047 1787 1194 Ob es dann laugnen dörffe, daß es in
887 1150 1684 1256 andzrächelen vnd hansrcht, so herren
887 1217 1885 1329 advocat Lecnider verkaufft worden, entwendt
887 1283 978 1369 habe
927 1384 1839 1500 Nonn es wuße einmahl gar nichts von dser
913 1461 987 1541 ich
863 1519 1836 1641 Endlichen auff obgemelten 2. R. tag Meygen
895 1585 1710 1698 nach scharpffen zusprechen, bekente es
879 1654 1695 1769 daß es die Jänige Persohn seye so dem
1715 1665 1795 1750 H
868 1723 1412 1856 Procuratoren Zbender.
889 1826 1290 1918 16. handtzwachelen
896 1844 1857 1984 1. Guhl kußl und ein großlechts buch, zusemen
905 1925 1714 2038 vmb ein dalor verkaufft, allein des
890 1982 1765 2103 kromers Tochter ab der landtgarben, Stini
911 2060 1828 2186 pf genandt habe Ihme dahere sachen ohngefehrt
897 2128 1821 2265 zugebracht, mib bitt solches zuverkauffen darden
911 2195 1836 2335 es dan nir ein tinnekgel bekommen, dennoch
2958 967 2997 1022 2
2024 1005 3059 1153 habe es Ihme wohl eingebildet, G es gestehlne sachen
2042 1065 3058 1199 sein mochtind, ein übrigen Wuße es nit wo disers
2041 1137 3010 1286 Sein sich sonsten auffhalte vnd hinkomen seye
2032 1222 3045 1376 Sette derowegen eine Gnadige hohe Oberkeit vmb
2712 1308 2984 1422 Ist also daß
2039 1334 2527 1468 Gnad vnd verzeichung
2050 1364 3060 1521 Jeinge waß disers Anneli Stelman hat könen
2065 1477 2600 1586 bekandtlich gemacht werden
2122 1770 2507 1867 R. 2. t. may. 1704.
2016 1822 3053 1954 Denne so befindet sich diß mahlen auch verhafft
2230 1890 2518 2001 vnd gefanget
2061 1940 3090 2060 Jacob Teuro von Kilchbert, in 30 Jähriger bub¬
2056 2009 3081 2128 welcher byy Rechigen, einem Wäber alwo er über
2076 2064 3037 2182 nachtet. 22. strangen garn vnd 9. strange faden
2062 2134 3017 2251 gestohlen, so Ihme aber wider restiturrt worden.
2062 2199 3025 2310 im vbrigen ferwrs gestehlen zuhaben, wolte er mit
2068 2272 2369 2370 bekandtlich sein
