4032 3024
2388 1063 3099 1193 st Moser Außem buchholter
2473 1164 2602 1246 Hrg
2105 1218 3080 1345 Alß den 38ten Octob. 1705. Munthl. Groß
2130 1307 3087 1375 reibel Berßet dese n der Gefangenschafft
2126 1362 3056 1449 enthaltenen Jost Moser außem Buchholter
2117 1429 3066 1512 Berg, Mehhl. Rahts herr Sturlers diß mahliger
2125 1475 3066 1569 Haußmann wegen auf einer Ehrenden Ge¬
2119 1527 3063 1633 sellschafft underschidelichen entwendten zu
2135 1583 3048 1698 nigen kandten und anderen Verdächtigen
2119 1646 3080 1740 diebstählen halben examiniert, hatt selbigen
2120 1713 2942 1792 auf krefftiges zusprechen bekennt.
2172 1778 3071 1891 daß Er dinstag den 27. Dito auff der
2125 1847 3077 1942 Gesellschafft zu Schumacheren (:allda Er auch
2126 1893 3055 2004 ergriffen und eingesetzt worden; zwohalb¬
2129 1957 3057 2070 näßige Zinnige kandten und gleichen Tags
2125 2011 3056 2109 etwann ein oder zwey stund zu vor zum
2106 2068 3029 2169 Schlüßel eine halbmäßige sambt einem
2120 2128 3045 2218 tel kämilin entwendt. Welche 4 stuck
2124 2193 2727 2289 Mann bey Ihme gefunden
2111 2256 3075 2351 So habe Er auch Achttag und Widrumb 14 tag
2882 2312 3044 2415 zu be
