4032 3024
775 1695 845 1790 15
841 1034 1867 1148 sich außgebind, und Vielleicht nur Filoux
850 1135 1878 1231 Sehindt, ind selbige auf Mochghrn Schuldthis
856 1186 1851 1294 Siners befelch den 25.1 Juty 4404. durch
849 1240 1861 1350 H. GroßWeibel Sturter und den Sriht¬
853 1308 1883 1412 hreiber in beyseyn underschiedenlichen Mrghl.
842 1364 1864 1484 er Bungeren; als H. Schuldtheiß Grath Lud:
837 1426 1857 1547 Gennes, H. Geörg Ernßt, H. Franz Lud:
856 1487 1876 1629 Moulet und H. Ritzmeister Lunhardt
852 1575 1425 1698 xaminierte worden.
1012 1667 1854 1777 vnd mit dem Roht- Roch Mathieus
1009 1752 1861 1860 genant de Chattilon en Buger
820 1832 1573 1975 B. Naß herkomene Er setze?
803 1924 1888 2074 R. Sein vatter sey gestorben und ein Kauff¬
862 2033 1886 2122 man gewesen; Er habe noch Ein bruder,
882 2100 1906 2185 So zu Chattillon Greffien sete, Er selbsten
879 2143 1906 2261 habe kein beruff, und seithero der Schlacht
882 2230 1910 2336 von Fleuri, habe Er in Tranzösisch Kwiegs¬
844 2266 1906 2416 diensten als ein gemeiner Soldat gedienet,
2013 936 3085 1116 auch seinth dem letsten Friden seche Er
2004 1027 3091 1165 Wieder auß dem dienst und habe sich¬
2000 1097 3088 1233 bey den Seinigen auffgehalten, Allein
1994 1153 3109 1313 anderdhalb Jahr daher habe Er als Brago¬
1966 1231 3066 1371 iner cans re Regiment de Lanquedoc-
1999 1299 3076 1435 gedienet, sethe aber vor 2. Monaten
2007 1368 3090 1498 Nechst bey suse außgewißen wegen
2007 1445 2522 1563 Mangel Zahlung.
1998 1530 3107 1676 Seith van Er den Chevallier Long Champ
1934 1568 1977 1662 2
1989 1642 2477 1757 habe Lehren kenen?
1938 1725 3060 1877 So Eeß zu Jarin, zuvor niemahlen.
1947 1855 3078 1993 v Wolar er kome, daß Er so sauber wohte
2021 1956 3049 2057 und die Kosen mit Galannen besetzten
2019 2033 3115 2145 neben übrigen reinem Leinwaad gesleidet
2023 2107 2143 2199 Sehe?
2021 2167 3095 2289 Er habe sich von dem erlössten gelt seiner
1951 2186 2015 2267 1
1990 2236 3121 2356 Pferdts, als 10. Bublonen, also kleiden laßen.
