4032 3024
738 1002 826 1067 156
777 1048 1819 1217 Im Hag sehe Er Ein Monah lang ver¬
806 1157 1852 1271 blieben bey seinen Schwestes Madame de¬
796 1231 1863 1342 hanris, auch habe Er in Rag ein Neven¬
810 1304 1784 1413 der Predicant seye; nahmens Monss
812 1372 1834 1449 de Vallon ou Marquis de Quimadeux
830 1434 1822 1550 vnd auf sollicitation seinen Schwester
796 1505 1863 1630 habe Er vom Marggraffen von Ansfach¬
752 1580 1819 1710 Im Tag ein Recomendation schreiben
806 1664 1879 1787 an den König in Preußen empfangen
757 1758 1850 1906 E. Warumb Er das Schreiben annoch in handen
836 1862 1458 1979 und nicht überliefferet?
754 1929 1873 2068 Re. Weilen der H. Marggraff von Aussech
859 2024 1897 2156 Ihne selbsten bey dem König prasentert
993 2105 1855 2260 dernere seine Reis beschreibung.
852 2188 1875 2334 Vom Bay nach Anstach in 3. Wocheis Zeit
855 2282 1847 2426 Alda Er sich 2. Monat vsgehalten, Von
1931 937 3065 1133 Ansfach auff Bertin in 12. Tagi
2467 1052 3061 1154 von dar nach Hern
1957 1092 2122 1202 Zeit.
1960 1124 3051 1308 In 94. Tagen Zeit und wieder von
1983 1201 3075 1366 Bern noch Jurin in Zeit der 12. Tage
1969 1268 3091 1448 allwo Eie sich zwey Monat vffgehalten
1908 1413 2974 1586 E ob Er den Griff vom König im
1994 1523 3086 1680 Punuhe dem Kerlog von Savoth selbst
2013 1618 2401 1740 überliefferet?
1931 1675 3007 1834 R. Kein: sondern selbigen zu Jarin
2008 1773 3053 1928 Den Majon ot ia place übergeben.
1958 1856 3100 2021 G. Auß Waß ursachen Eie von Jurin wieder
2026 1964 2384 2098 Allharo komen?
1963 2004 3064 2154 R. Er habe von Kertzog durch den Maior
2013 2082 3088 2220 de la plaio ein Schreiben an den König¬
2026 2153 3103 2286 in Praußen empfangen, und hied dem H. Aupuy¬
2019 2229 3067 2363 zugestelt, ampt noch zwegen anderen Schreiben
