4032 3024
823 983 1868 1123 E. Ober mit auch dem Bendicht inder ein pfordt
927 1053 1422 1165 zuderkauffen angebotten
834 1121 895 1232 R.
913 1142 1656 1254 kein, er wuße gar nichts darvon
935 1218 1890 1353 Auff dises hin ist ihme Strizt von Mibgl. Herr
937 1283 1855 1410 Althandtvogt Guder vorgehalten worden,
936 1370 1892 1492 waßmaßen ihme herren handtrogt, so lang er
913 1429 1813 1544 Strizt hinder Ihme gewohnt, vast all sein
943 1487 1886 1613 worekzeug, neben vilen anderen sachen mehr
943 1549 1352 1647 entwendt worden.
921 1625 1899 1761 Es hatt aber selbiger ohngeacht aller angenendt
949 1684 1766 1797 Vermahnung damahls zu keiner ferneren
964 1747 1788 1851 bekandtnus gebracht worden können
926 1829 1832 1969 worauff dise seine erstmahlige bekandtnus Er. G.
915 1899 1889 2028 zu dero Oberkeitlichen verneren Verordnung hinder¬
923 1977 1849 2072 bracht worden, welchen dan belieben wollen
916 2023 1804 2153 auf dero hochen mittel Mss. Rehtsh. Imsoff
910 2085 1712 2196 zu einem Examinatoren zuverordnen
917 2140 1898 2277 beswogen hochgedacht Mhl. Rehtsherr auff erhaltenen
920 2200 1874 2347 Leelch N. 31. f. Juor. Jingsthun sich benebens E. G.
2097 1050 3163 1168 Dieneren vorgemolt, abermahlen in die Gfangenschafft
2122 1134 3030 1226 dorfurgt und in gegenwartl. Mitthl. Herren
2126 1178 3039 1275 Spitahl str. Zienkards, H. alle alt andtwogt
2110 1237 3118 1337 Anthom von Graffenris von Arberg. vndt H
2144 1293 3085 1407 Apotecker Hagner. Disen beklagten Stryt¬
2156 1359 3091 1469 nit krefftigem zusprechen und betreindung
2153 1424 3133 1531 larter straff, seine begangene fehler anzuzeigen
2156 1467 3144 1590 und die wahrheit zu bekenen, ferners zurodgestoßen
2153 1530 2428 1604 und befragt.
2063 1562 3118 1700 Waß Ihne dan bwgen sich der Kotten zu Arberg
2150 1644 3127 1747 woß zumachen und mit dr flucht zu Galiroren
2144 1700 3139 1795 wan er seinem vorgeben nach, sich der beklagten
2150 1760 3097 1851 diebstahlen richtschuldig gewust vnd sein
2152 1808 3133 1926 zuußen ihne derselben nicht beschuldiget, Er
2158 1870 2766 1966 solches nicht hätte thun sollen
2027 1935 3091 2049 Antwt. Disers außreißen und ledichmnachen der
2129 2010 3124 2089 banden, seye auß keiner anderen Vrsach geschehen
2124 2086 3106 2162 als auß bysorg er möchte villeicht unschuldiger
2135 2119 3058 2213 wys gestreckt wordt, dan obwohlet Er zu
2121 2175 3160 2283 Arberg von dem daselbst außgeschwungenen dieben
2108 2229 3129 2332 Maritz Schreyer, viler mit ihme begangener bösor
2116 2295 3131 2402 thaten und diebstahlen beklagt worden, so soye er
2099 2345 3125 2446 denoch derselben allerdings vnschuldig, auch habe
