4032 3024
724 923 801 1057 8.
812 974 1881 1142 Vbrigun bäte Er auch Gott und ein gnädige Oberkeit
811 1075 1875 1193 umb Gnadt und Verzeuchunge. Vaßen Alleßin
807 1142 1892 1296 Ew. Gut. zu Vnrnarer Erkandtnuß hinderbracht
798 1230 1419 1388 Wirdt. Actt. ut Sapra
787 1349 1879 1508 Als MhHr. Examinator würstenberger
782 1465 1865 1577 sub 15t diß, sich mit Hrn. Großanbeibel Stin¬
784 1545 1870 1664 dler Mohlen alt Wogt von Grafenrindt von¬
789 1634 1893 1754 Arberg, H. von Padet, It Hauptman Ferunndt
768 1724 1884 1854 Von Dießbach, Hr. Vamel wäß, H. Ober Vogt
782 1811 1890 1965 Groß, und Vilen Vberigen Mohlen der Burgernn
792 1904 1878 2036 mehr, zu volg Reilerierlichen befelchs, wider
771 1986 1863 2123 zumb zu sie Gfangenschafft begeben, undt disem
792 2076 1872 2195 zwen darin enthaltenn, Anfangs mit Ernstlicher
759 2174 1852 2289 betraubung, Volgendts mit Anbendung der
759 2244 1770 2386 Marter befragdt worden wie folget .
2133 1008 3114 1156 Erstlichen Ward die Seellmatter ohn und mit
2129 1117 3145 1242 Der Marten, nebundt, Anheneung daß 251bi
2122 1204 3123 1331 keins gefraget, welen es ohmunglich scheine
2109 1267 3113 1398 diseme thut allein Verübt zehaben, müßen Ihme
2094 1373 3141 1490 Inmandt gehulffen haben, man Wüse Eigentlich
2107 1448 3102 1573 daß noch mehr leucht be Ihme geboßen seynn
2106 1530 3060 1646 wylen die Nachbuhren solche haben Hören
2096 1618 3142 1745 Rieden, solle nun sellige Eheman seinen Elenden Hb
2089 1692 2699 1827 so Murteren thue anzeigen
2062 1787 3141 1924 Woruff E. genndtwortet es habe Ihme Niemandt
2100 1877 3129 1995 geholffen, sonderng er seyn gantz allein geloeßen
2107 1936 3129 2073 und habe sie leidige That, durch Anteib deß bösen
2082 2038 3119 2177 Sindts mintzig Verrichtet wie E. In seinen her vor¬
2064 2109 3141 2273 gechenden Eramen bekandt habe, daß man aber
2095 2200 3106 2335 muth habe hören Reden könne Wohl sein, dan es
2100 2283 3019 2421 segen ohngefehrt vmb w0 Vhren noch beihle
2864 2392 2948 2496 In
