4032 3024
768 1003 1857 1127 2 Wo des Revallier sein Galaunierter
820 1099 1360 1209 Rock harbekommen.
777 1175 1816 1315 Rl. der Cevallier habe ihn zu Jurin
873 1264 1808 1379 In der Fripperie gekaufft; allein
870 1320 1786 1446 vßf harten zusprechen, bekennte Er¬
859 1394 1861 1512 daß der Revallier diesen Galaunier,
866 1471 1819 1581 ten Rak hier gekaufft habe von den
861 1541 1858 1649 Weggverreissten und außgerißnen
847 1610 1818 1720 officiereren, so mit ihnen von Turin
868 1669 1847 1784 allharo kommen, und fur welchen sie beyde
856 1739 1833 1845 Bragoner vff den allhavo reiß etlich
863 1799 1834 1927 und Funffzig Francken bezahlt und
863 1873 1870 1991 außgeben, also, daß sie ihme nit mehr
850 1950 1854 2062 als 3. Thaler hieu daran heraußgegeben,
863 2005 1827 2125 vnd also dem Crevallier das gelt zu
862 2079 1878 2193 diesem Galounierten Rockavaniert.
848 2146 1859 2269 auch habe den Chevallier Ihnen gesagte
855 2219 1789 2341 Er trage ein Compliment schreiben
853 2286 1812 2417 om Kerbog von Saktot an den König in
850 2359 1123 2467 Preußen.
2886 935 3026 1068 155
2255 1032 2698 1150 Sxamen
1963 1109 2711 1248 Mit Dem Cevallier
1929 1258 2449 1404 V. Wer Er sethe.
1940 1364 3073 1545 N. Er setze der Revallier de Long komp.
2010 1465 3058 1620 Er habe zu Paris A. 1703. zu End¬
2000 1569 3073 1710 Aprilis. wegen entstandenen Streittn
1992 1644 2981 1772 worten, den Haupfman Monsieur
2013 1716 3096 1832 de Verneul auß dem Regiment
2026 1795 3093 1923 de Ville gagnon, in einem Kouil
2020 1876 3067 2013 erstochen; darauff Er sich alsobald nach¬
2024 1949 3060 2096 Seinem Keinath zu Mersieres ohnweit
2000 2024 3076 2166 Compienne fortgemacht vnd bey 5. Tagen alda
2046 2106 3080 2210 Verborgen, von dar vff Braßel sich begeben
2038 2176 3021 2303 vnd 6. Tag alldorten verblieben, von daselbst
2041 2248 3045 2377 in den Zag in zechen Tagen Zeit geweiset.
