4032 3024
924 1065 1767 1194 Vnd weilen diher auoch in der Gfangenschafft
930 1180 1778 1266 sitzende peter Maftli mit weinendem
930 1220 1843 1353 hertz ein großes leid bezeuget seiner begangenen
928 1309 1744 1424 dnfursichtigkeit halben, darnebens auch sein
940 1369 1788 1478 behruebter Vatter vmmb alle billiche kosten
921 1449 1809 1556 abzuschaffen sich aerbirtet, mit demuetiger
943 1520 1827 1633 Ett, daß S. Gnadt gnädiglich belieben wolte
934 1581 1816 1705 Ihne auß der Gfangenschafft ledig zulaßen
949 1661 1719 1778 welches alles zu Eiwer Bnadt fernegen
950 1715 1849 1838 erkandtnus gehorsamblich vnorgebracht wirdt .
779 1808 1856 1970 Obiger Maffli ist d. 16. f. Augusti  von Ihr Gnod
869 1889 1798 2022 der gfangenschafft ledig erkendt, denoch vmb alle
877 1953 1595 2067 kosten auff poderation hin verselt.
2955 911 3048 1019 167
2152 967 2622 1120 d 5. t. Aer 1704
2891 1068 2964 1108 nar
1995 1054 2968 1207 estes Eramen mit Anneli Steiner
2311 1159 2566 1263 von beleu
2045 1333 2923 1483 Hachdeme Ihr Gnaden vernommen, das ein
2038 1386 3024 1542 geuse vordächtige 3k.) dirnen nahmens Anna
2045 1449 3061 1634 Steiner von biglen von ohngesehr aus Jahren
2058 1545 2966 1683 alters so bereidt byy vier wochen lang in dem
2051 1603 3010 1738 Oberen Spittahl alhier in verhafft gewesen, vndt
2075 1674 3043 1795 um mehro aber vor acht tagen auß Ihr Grradi
2054 1737 3068 1880 bestlch von dem Oberen Spittal in die Gorgrichtliche
2061 1816 3059 1960 pfangenschafft eingesetzt worde, alda es auch durch
2059 1879 3001 2015 hulff außgerißen, vnd durch ein seil sich hinwnder
2070 1955 3067 2075 assen wollen, wolches Ihme aber mißhlungen in¬
2056 2024 3088 2144 dome es elendiglich sehr hoch ab dem seil gefallen, alßo
2068 2085 2997 2209 d os vnderwogs wegen großen schmertzen ligen
2958 2155 3027 2220 in
2057 2154 2958 2273 bleiben mueßen, daßwegen es auch dißmahlen
2066 2208 3011 2329 3. B. Insul durch herre Operatoren geender
1965 2289 2848 2433 4 Auth Haufftzedelb. de Dato. 22. t. aprellen 1653 .
