4032 3024
823 1878 923 1946 E
867 1963 921 2071 R
857 2105 930 2194 .
921 954 1054 1074 ofragt
1073 987 1887 1123 Ob Er nit dor etwas Zeits zu lettligen
1013 1078 1874 1170 eine kalbeten entwendt vnd zu burgdorff
1012 1119 1906 1231 derkaufft, auch dohnen beiden Statt prososen
1022 1179 1443 1285 olches selbsten bekendt.
878 1276 1015 1356 Aufith
1042 1264 1886 1389 deßen seye Er gantz vnschuldig, vnd könne
988 1351 1795 1457 gar nicht geständig sein, etwas genomen
1004 1402 1845 1519 sillweniger solches dehnen Profosen bekenbe
978 1457 1153 1547 zuhaben
979 1511 1920 1648 worauff die beide Profosen, so da gegenwärtig)
982 1595 1869 1690 ihme vorgehalten, wie Er doch laugnen dorffe
979 1634 1859 1757 eine sach, die er Ihnen vmständlich selbsten
984 1689 1491 1787 gesagt vnd bekend habe.
1490 1720 1900 1803 att aber
959 1750 1649 1864 daruber nichts gestehen wollen.
952 1831 1855 1996 Ob Er dem Clauß Sahl zu Capolent mit auch
977 1907 1362 2003 an schaff genomen
976 1978 1886 2117 kein, Er seyn sein lobtag nimahlen an disen¬
967 2035 1148 2130 rth gsin
971 2107 1839 2239 I Er nit dem Junckr haubtman Frantz von
952 2169 1816 2295 Wattenwyl zu Kheinfelden außgerissen vnd
949 2230 1890 2369 seinem Camarade ein guthe Cassacque mitgenommen.
942 2281 1390 2375 ambt einer dublongl
3086 1004 3153 1089 61
2132 1019 3091 1149 das Er disere Cassacque nit genommen, sondern sein
2003 1046 2083 1175 H.
2145 1116 3162 1214 gehoan habe sie ihme zu tragen gelichen, und darmit
2149 1167 2698 1264 stige er nach Basel gangen.
2018 1208 3147 1342 E. Wie Ers gemacht habe zu Arberg, das er die bott von
2133 1292 2687 1379 seinem fus bringen können
2002 1345 2093 1468 d
2140 1349 3130 1475 der einte ring an der ketti seye schlecht geschweibt
2131 1441 3119 1525 ghin, und ohne sonderbahre große muhr, habe er
2142 1481 3156 1565 selbigen von ein ander machen, vnd alßo Looß kommen
2146 1540 2277 1605 Ehiter
2083 1598 3095 1727 Als Er hinder Mitgl. Herren Handtkogt Buder zu
1989 1587 2087 1719 H.
2109 1678 3099 1798 Weyermanshauß gewohnt, ob er nit den hoen
2090 1765 3121 1859 Handtregt sehr will sachen vnd worchzug entwendt
2117 1822 3112 1926 auch wo er solchen hingethan vnd verkaufft habe.
2103 1883 3076 2010 Er habe dem H. handt vogt einen dunckel bohrer
2010 1883 2090 2009 R
2135 1959 3143 2074 enanen vnd solchen dem Hanß Buggisporg in der
2135 2025 2572 2108 reploren verkaufft.
2120 2078 3080 2203 Ob er nit auch Ihme herren sandtvocht Buder vor
2008 2078 2092 2196 Z
2119 2155 3075 2258 etliche Jahren, zwo Viserne Sodstangen, sambt
2105 2217 2897 2318 einem inbschernen Sodkenl genomen
2105 2270 3116 2362 der Sodstangen habe er genommen vnd einem Schmid
2019 2256 2065 2383 2
2104 2332 3133 2428 an der Spitzahlgaßen verkaufft aber das Sod kaul
2118 2387 2677 2480 habe er niomahls gesehen.
