4032 3024
827 1058 1844 1140 3 Sere zwar wahr daß Er in Vormahliger
927 1104 1770 1186 Bekandtnuß außgesagdt, sein Bruder
910 1152 1437 1226 halte sich zu Neuß auf
1450 1156 1828 1234 Dem seye aber
914 1199 1815 1262 nit also wohl habe Er einen Bruder hier
918 1256 1801 1308 im Land Er müße aber nicht an welchem
936 1290 1767 1368 thet E. selbiger sich dißmahlen befinde
940 1347 1856 1449 Vfernstliches Befragen und Anwendung
974 1410 1866 1493 der Marter, Vß waß Vrsachen Er bey seiner
926 1459 1845 1538 behändigung einen Zedel in Mund gestoßen
925 1505 1862 1571 und verkäumet, Wein und waß Er außf selbi-
909 1559 1362 1643 gem geschriben gehabt.
934 1596 1856 1698 Sagdte Er anfangs daß es ein Brief an
915 1647 1807 1735 seinen Vatter nach Lyon gewesen den
923 1705 1824 1785 Er gebätten sich umb seine Vß süchenung zu
923 1749 1836 1818 bewerben, wegen eines eines Kerls den
916 1802 1787 1878 Er zu Lyon erstochen habe, zugleich Ihme
1557 1844 1869 1920 Nachwerts
932 1845 1558 1926 Atwas Geldts alhar zu schicken.
929 1912 1853 1978 aber beharrete Er Vost, daß Er einem seiner
926 1939 1899 2028 amaraden und er zey de Bohsobels Compagnie
929 2006 1885 2095 im Regiment Prid, dem Er hievor seine passe
919 2049 1859 2130 Bort überlaßen alhar nach bern beschriben
923 2096 1846 2183 umb mit einander nach Engelland zu gehen.
907 2150 1845 2248 Dieses Schreiben habe Er dem obgemelten
923 2204 1787 2294 Alegre, umb solches seinem Camaraden
921 2257 1782 2354 persöhnlich einzuhändigen, zustellen wollen
1706 2324 1764 2393 Von
1971 1285 2027 1355 5
2011 996 3079 1116 von deßtwegen Er Ihne dem Allegee alhier
2022 1054 3052 1174 bey der Gronen nachgefragdt, und sich seiner ab
2025 1093 3055 1226 reiß ins Savoy erkhundiget. Habe aber darbey
2025 1156 2792 1273 einiches Boses vorhaben nicht gehabt
2066 1215 3060 1328 bekennete Er umbständtlich, Waß maßen
2038 1281 3045 1384 Er vor ohngefehrt 8: Monaten zu zyon in der
2048 1317 3069 1428 Vor Stadt a larue Gillotierre im wührtshaus¬
2052 1358 3072 1490 zum Weißen Freutz selb Sächs getrincken
2050 1436 3085 1525 und mit einem darvon Namens franiois deo
2061 1468 3088 1581 Angles von Lyon in Streitt gerahten, da dam
2055 1523 3050 1646 Drey gegen dreyen die degen gezuckt, Er
2046 1557 3112 1686 de Vienne aber habe gemelten franiois des angles
2045 1616 3084 1749 der 3war seinen degen auch außgezogen aber
2045 1666 3077 1801 sich noch nit in defensions Standt gesetzt gehabt)
2069 1723 3109 1827 nit seinem degen durch stoßen daß Er auff der
2050 1775 3101 1899 stell Tod gebliben darauf Er sich von Lyon weg
2061 1823 3079 1946 und zur Armee begeben, und im Regiment le¬
2054 1901 2550 1989 noir dienst genommen
2040 1943 3082 2069 Im Ubrigen gestühnde Er auch, daß Er sich off
2074 1989 3112 2116 mahls als in den Schlupfwimelen alsein preteus
2061 2028 3021 2139 vnd soustencus des gabarets gebrauchen laßen
2925 2109 3039 2200 ens
