4032 3024
769 2107 852 2239 R.
788 1481 857 1582 8.
785 1650 871 1746 Rp.
887 994 1778 1112 laßen, daß Er in dem Thure buch zu Signauw
894 1086 1769 1182 daßwogen habe nachschlagen laßen, allein ob
905 1157 1816 1253 habe sich mit anders befunden, als daß, das Aneli
896 1229 1819 1336 Steiman vor etlich Jahren dem Saltzaußmester
887 1290 1804 1392 zu biglen etwas an gelt genamen, so man aber
869 1349 1846 1467 widerbekommen, deß wegen es mit der gfangenschafft
892 1433 1313 1517 abgestrafft worden.
854 1511 1815 1612 Ob es mit seinem Vatter ein bett vuerlaubter weis
892 1579 1759 1685 genamen vnd verkaufft, vnd das gelt behalten
912 1659 1854 1759 das bett seye zwahr sehr schlocht gin, allein esglaube
875 1721 1881 1817 zu disem Bott recht gehabt zuhaben vnd mit sein vatter
881 1789 1816 1869 dann es kome von seiner unter serlige har Nun
890 1842 1888 1945 über disen punckten ist auch von der Gmeind bighen
888 1899 1870 1990 mundlichen bericht eingelanget, daß nämlichen disers
862 1957 1825 2073 hott des vaters eigenthumlich ghn seye, vnd von dem
834 2025 1429 2127 Anneli weggestohlen worden.
842 2114 1794 2232 Ob es ins auch der Gurtler stettleren bii dohnen es
869 2183 1816 2295 ich eine Zeitlang auffgehalten vnderschidkliche saten
850 2250 1404 2346 sachen vnd fleider genomen.
1962 1598 2019 1691 Kp
1949 1023 2961 1153 Rp. diei, es habe Ihro mit genommen, woll aber
2028 1092 2964 1209 habe man von dr gestohlnen Kleidungen byy Ihme
2032 1176 2997 1265 gefunden, allein es selbsten habe es nit gethan, vnd
2019 1226 3008 1349 habe solches also bald der frt. Stethlern erzehlt, wie
2012 1311 2622 1409 es darmit zugangen sein möchte
2007 1350 3008 1471 Darauff dann die frauw Stetleren befragt worden,
2012 1443 2964 1542 ob ds Annoli Sterman Ihro nichts gestohlen, vnd
2030 1507 2978 1609 wie lang es sich drueben bey Ihnen aufgehalten,
2057 1584 3047 1687 Nur etlich nacht, dann länger habe sie es nit behalten
2059 1656 3060 1748 wollen, weilen si vernomen, das es im Schallenworck
2211 1706 3036 1805 ,den Diebstall belangend, weilen Ihro
2045 1722 2209 1809 gin seye
2060 1782 3057 1865 in der Zeit als das Aneli byy Ihnen drusen by weger
2050 1823 3035 1925 manshaus übernachtet, wnderschidliche Kleidungen
2038 1880 3041 1977 gestohlen worden, so sy aber fast alle widerbekommen.
2043 1945 3043 2053 da habe sie es dem Annoli S Teiman zugemuthet vnd
2041 2009 2963 2099 Ihns darum angeredt, allein ds Anneli habe Ihro
2027 2059 2970 2167 Gungsamen bericht geben können, war der Jeuge
2043 2104 3010 2219 seye, so das vorlohrne gestohlen. Namblichen als es
2026 2169 3017 2311 69. spather nacht in dem stall auff dem stroch habe
