4032 3024
1078 964 1234 1045 endlich
806 1009 1838 1134 E. Weilen os dan d Hl Willäding seelig ioderzeit
872 1078 1900 1216 sehr wohl gebendt, worum es dann den Gestock
772 1142 1104 1233 mih volen vinstendt
886 1177 1343 1272 so will mahl angegeben
800 1268 1369 1388 Rp. Es hegege einmahl dem
1363 1269 1896 1416 Hl. Stork gnricht gethan,
2876 999 3004 1113 369.
2036 1107 3072 1243 Examen mit Anna Steiman gehalten.
2087 1204 2729 1338 d. 7. R. A Februari  1705
2265 1355 2367 1439 moh
1961 1364 3018 1507 Wweilen diesin dem Dittliger thurn enthaltene
2063 1473 3078 1603 dienen Anna Steiman etliche persohnen so wohl
2063 1559 3067 1673 der Evasion halben auß der Gorgrichtlichen Gfangi¬
2091 1633 2988 1749 hafft, als auch der Zuereyhalben deren es denoch
2075 1711 3064 1840 so wohl guetlich als pemnlich ein lange Zeit gestendig
2069 1798 3057 1913 verbliben dißmahlen von sich selbst entschlagen thut
2067 1867 3050 1985 als hat disers montschen vnderhoffte conduitte vnd
2075 1944 3003 2065 negieren, Ihr Gnadt abermahlen voranlaßet
2057 2015 3034 2141 Mhl. Rachtbhe in Befelch auffzutragen, disers Arcl
2088 2090 3049 2221 Ahmahlen auff ein frusches, so wohl der Quasion
2081 2178 3000 2286 als auch der Zurreyhalben zu Examinieren, vnd
2072 2243 3063 2371 anbey die Lahre murter Als auch biß Jum, 2510 dig
