4032 3024
1099 995 1419 1061 abnamen vnd
826 1006 1853 1133 Gätter gebunden, Er Maffli habe den Sparren ge¬
833 1089 1826 1183 halten, der Ullrich aber nachwehrts die Gatter
834 1143 1807 1236 aufgewägdt; Alß Sie nun mit den Thucheren
829 1205 1821 1289 in deß Ullrichshauß kommen, haben deß Ullricht
851 1246 1816 1327 reib Ihren selbige helfen, in Trog hinein thun
840 1300 1839 1393 Er Maffei beharrete auch gentzlich darauff daß
847 1364 1850 1434 Er den Schlußel zu diesem Trog deß Ullrichsweib
867 1401 1823 1494 niemahls abgeforderet, Noch selbigen zu sich ge¬
842 1480 1837 1554 nomen; betheuwrete darbey abermahlen, daß
845 1509 1437 1596 dieses die bloße wahrheit seye
899 1567 1786 1686 Hierauf ward auch vorgelaßen mehrge¬
873 1650 1870 1740 achter Christen Allrich und Ihme durch Muhhl.
854 1701 1852 1785 xaminatoren kreftig zugesprochen, mit Vorweisen
874 1753 1824 1836 daß es nun mehr, wie Er wohl seche, an dem daß
871 1814 1809 1892 weilen Er durch hartnachiges laugnen bißdato
860 1854 1834 1943 die wahrheit nicht an Tag geben wollen, mann
856 1911 1866 1993 selbige auff dißmahl Mit anwendung der Marter
851 1962 1822 2048 her vorzu bringen suchen werde, welches Er aber
874 2015 1854 2093 durch eine aufrichte Bekandtnuß verhueten könne
872 2081 1854 2158 Allein dieses Zusprechens ohngeachtet, beharrete
860 2146 1823 2228 Er Vest daß Er von diesem diebstahl gar nichts
873 2173 1822 2285 gewußt, seye deßen allerdings unschuldig vn
861 2227 1788 2337 habe darmit nichts zuthun gehabt; verneinete
1617 2326 1715 2404 auch
1977 977 3061 1110 auch alle übrige an Ihne getruckte Fragen und be¬
1972 1067 3058 1180 stuhnde in sonderheit Vest darauf, daß Er seit Osteren
1981 1129 3044 1239 keinen fuß Jemahlen im Comercihauß gehabt we¬
1997 1170 3070 1291 nger den Maßl auß der großen Stuben daselbsten
1999 1226 3077 1326 auf den Gangberuffen und Ihme einichen diebstahl
1990 1281 3018 1397 zu begehen angemuhtet, solches seyt Ihme den Taa
1996 1327 3062 1444 seines Lebens niemahl in Sinn kommen. Wahr sey
2008 1386 3064 1495 es, daß als Er vor etwas Zeits der Gerweren wührtin
1999 1442 3057 1554 einen halben thrl. Zuthun gewesen, und sie selbigen
2004 1498 3065 1610 eilends von Ihme haben wollen, Er aber solchen nit
1996 1547 3046 1659 zubezahlen gehabt, seye Er hinderen biß zur welt
1989 1591 3057 1742 schen Kirchen gangen, und durch den Haubli Wan
2002 1661 3030 1783 gur den Mastli zu Ihme heraußruffen laßen
1997 1710 3019 1835 welchen Er angesprochen Ihme einen halben Thrl.
1985 1777 3002 1886 zu liechen; aber von thuch oder anderen Sachen
1995 1827 3051 1942 zu entwenden, habe Er wohl kein wohrt niemahl
2013 1882 3044 1996 mit Ihme geredt, der Maßli thuge Ihm mit
2007 1937 3057 2031 seier Anklag gröblich unrecht, dieses nun seye
2001 1994 3012 2090 die Wahrheit anders könne und wüße Er nit zu
2013 2041 3019 2163 reden; Er habe ein guht gewüßen, und Verhoffe¬
2010 2100 2946 2207 der Herr im Zimmel wurde Ihm beystehen
2022 2145 3064 2261 Ob wohlen nun hierauff der Maffli, mit beständ¬
2024 2217 3072 2302 ger widerholung seiner vorigen bekandtnuß Ihme
2023 2275 2983 2363 abermahlen vor augen gestellt, auch Er Alleich
2877 2325 3053 2420 Daruber¬
