4032 3024
766 1016 846 1108 137
841 1051 1848 1167 Hrn Habriel Mutachs, der Ihn in seinem
862 1129 1848 1208 Hauß angetroffen, bekennte Er endtlich, daß
866 1201 1843 1273 Er in das Hauß gangen etwaß zustehlen aber
875 1251 1824 1326 wegen Ankunfft deß Irn an seinem Vor¬
856 1291 1451 1378 haben verhinderet worden
826 1345 1788 1453 Befraadt Waß die marque an seinem
862 1407 1832 1493 Rugken bedente, und ob Er nit schon hievor
877 1473 1404 1557 gebraud zeichnet worden
879 1522 1823 1603 auguete Er zwar anfangs daß es ein
886 1575 1842 1665 Standzeicheugestuhnde aber nachwerts an
897 1631 1851 1715 der Marter daß Er zu Compiegne eine
898 1667 1852 1772 assaque und 2. Zembder entwendt, dero¬
902 1727 1812 1815 wegen von dem Richter deß ohrts zum Vß¬
907 1777 1872 1879 schmeitzen und Zeichnen verurtheilet, welches
904 1833 1840 1932 auch von dem Parlament zu Paris (: all¬
903 1879 1836 1981 wohin er appelliert:) bestähtiget, und vollzo
913 1960 1170 2030 gen worden
824 1984 1835 2102 E Wohar die bewußte dirnen seye, und an
944 2036 1853 2129 welchem ohrt Er das Erstemahl kundtsame
948 2096 1336 2197 mit Ihra gemacht
967 2125 1803 2236 Selbige sey von Pätterlingen undt
892 2164 951 2253 H.
972 2179 1764 2283 habe Ihm alß Er sich hier zim Storchen
965 2240 1765 2341 auffgehalten ein halb thuch gewaschen
1614 2301 1735 2394 Da Er
3001 950 3082 1016 135
2056 1000 3097 1145 Da Er sie zu erst gesechen und darauf kundt¬
2061 1090 2619 1185 dame mit Ihra gemacht
2048 1116 3034 1257 Weiters bestähligte Er den der Marter
2076 1206 3036 1304 daß Er die Diebstähl zum Falcken, zum
2072 1262 3041 1365 Schlußel und Distel Zwang begangen
2073 1291 3084 1412 Aber von dem vorgehaltenen paar pistolen
2098 1363 3018 1473 nicht mehr als Eine genomen zu haben
2098 1408 3016 1512 auch habe Er sonsten weiters nichts ent
2091 1498 2238 1569 wendt
2086 1477 3028 1621 Endtlichen ward Er auch bekannt, daß Er
2091 1549 3083 1676 gegen dem provosen, alß Ihn selbiger fachen
2090 1590 3086 1712 wollen die pistolen aufgezogen, und auf
2095 1662 2766 1786 Ihne zu schießen angeschlagen
2091 1717 3093 1835 Weilen nun dieser Kerl ohngeachtt alles
2105 1777 3091 1893 kreftigen zusprechent und angewendter
2088 1837 3078 1947 Marter zu keiner Verneren Bekandtnuß
2103 1884 3063 2012 gebracht werden können, hatt Muthl. Exa¬
2100 1941 3073 2042 minator es ber dieser procedus vmb solche
2104 1999 3097 2121 Er Bl. zu hinderbringen für diß mahlen
2112 2041 3076 2180 beyvenden laßen. Actum 6. Martis
2945 2105 3100 2213 1704
