4032 3024
826 1010 1821 1170 g. War Ihro ds gelt, die Kindbett zuhälten
925 1132 1428 1237 gegeben vnd sournert
819 1220 908 1339 Rp
950 1209 1752 1350 das Anneli Steinan habe Ihro das gelt
931 1313 1860 1420 geschickt vnd gesagt es seyo der H. Haubtman
932 1365 1788 1497 Jacob Jener so das dolb schicke vnd Ey habe
928 1437 1826 1554 von inemand ken golt geforderet, sondern
923 1513 1788 1617 das Annoli Seiman habe es geforderet, Ihro
929 1570 1731 1692 aber seye gantz vnbruhtend von Wann
880 1667 1887 1788 indene so sagte disere Guttenen, das in wahrend der
911 1747 1872 1860 Zeit als sy sich zu Wallenbuch gebind bottet, seye
924 1811 1857 1923 das Bnneli S terman zu Ihre komen vnd angeholt,
903 1869 1885 1998 das siy Ihme von Ihre Kleideren geben wolte, hierauff
923 1936 1876 2051 19 dem Anneli Sdeiman geantwortet, hast mihr schon
895 1997 1884 2102 abzu bern von meinen Kleideren dorffen neien
941 2062 1848 2165 so nun mihr dise hier auch, vnd es falha solle syy
937 2136 1860 2222 doch dermahlen eibes mit ruhwen laßen also
949 2193 1898 2290 das endlichen das Anneli gesegt, ob habe das nur zum
971 2250 1902 2362 daß gefordores, allein es habe ein Guter Cuß, und
950 2320 1822 2449 dem H. Haubbmen Jacob Jaber aue zmachen
2900 976 3003 1091 27.
2037 1067 3057 1211 Welen nun Mhl. Conaminator an diser der
2084 1137 3066 1276 Guttenen bekandtnus sich mit hat erseltigen können
2075 1227 3029 1339 Als hat Meh. Eramnator traffs hochdberkeit¬
2084 1285 3051 1424 lichen Eefelchs, siy mit durch den scharpffrichter
2097 1352 3005 1483 mit dem Dümel Erhen vnd dotte laßen
2083 1426 2984 1547 chheren, vnd Ihre nochmahlen sehr frefftig
2087 1513 3022 1631 zugesorochen, daes gar mit scheine, daß sy durch den
2075 1589 3027 1720 hubrobbekente Ihr hertz geraumet, noch die wahr¬
2058 1672 3065 1798 heib an tag gegeben, Allein alles zusprechen ohngeacht
2077 1729 3042 1837 wolte die Guttenen ein mehrers gar nih gestendig
2083 1793 3041 1911 sein, sondern behargete stets auff diser Ihrer
2064 1871 2960 1992 Obvermelten gethanen bekandtnus vnd anders
2070 1926 3003 2068 konne sich gar ins weibers bekennen, also das
2064 2015 3060 2149 Ml. Ecaminator ob by diher bewandtuus verblichen
2084 2101 2982 2227 laßen, so hiermit E. G. gebuhrend vorgebracht
2084 2196 2236 2294 wird s
