4032 3024
850 1006 1900 1114 magdt weder im zuruckführen von der Sh. heimlich
869 1089 1866 1197 keit noch in der lucht nichts gefragt, sonderen erst her¬
875 1146 1813 1267 nach der H. Helffer, als habe es zwar auch mit zu
855 1225 1852 1345 Ihre gesagt, nun habe seye ihme diesen begangenen
864 1283 1815 1415 sehler hertzlich leid, bette derowegen Gott vnd ein
849 1372 1763 1505 gnädige Oberkeit vmb gnad vnd Verzeichung
881 1449 1823 1597 Diß ist alß das jenige, was von diser dirnen
879 1526 1878 1652 hat können vernomen vnd bekantlich gemacht werden,
873 1588 1837 1715 weilen aber das vind Vnverletzs annoch bey leben,
868 1663 1875 1781 dennoch ohne Vatter, als wird solches l. gul. Zu dero¬
862 1740 1896 1848 selben verneren Erkantnuß und bewelch gehorsam¬
1668 1828 1847 1917 102
878 1812 1665 1942 lich überbracht. Actum den 3. Februai
2058 968 3057 1103 3. tr Sramen mit Maria Scheller
2044 1176 2991 1328 Als Ihr Gnaden d. 13. hebes, wegen der
2054 1263 3028 1407 hierdorgemolten Mara Scheller, durch Msg
2057 1331 3114 1475 herern kömnblicher Mar, als geordnetem Herren
2031 1418 3087 1544 Pxahrinatoren Relation abgestattet worden
2086 1500 3033 1629 so wohl der Information halben, als auch der
2050 1554 3091 1687 zweyen mit Ihme gehaltenen Eramen dardurch
2064 1617 3072 1763 dan Ihr G. Brobachtes vnd besunden, daß disere
2073 1702 3116 1820 Mama Scheller sich mit allzuliechter entschul¬
2070 1766 3138 1898 digungen verantwortet, daran mein sich nit ver
2086 1840 2998 1953 megen könne. zu dem vnd Mhgl. Herren
2065 1929 3132 1993 Exuminatoren abermahle. n Bewelch auff¬
2089 1957 3077 2081 getragen, disens miöutsch mit der Ihren
2075 2022 3048 2133 Morter zufecken vnd dol Ihme zudernemen
2086 2094 3127 2212 war doch des Kinds rechtschaffene Vatter sein möchte
2062 2164 3111 2274 vnd ob es mit durch ein besen vorsatz, die Genß
2075 2238 3036 2353 auff der 15 s.) heinligkeit derrichtes habe, dub
