<?xml version="1.0" encoding="UTF-8" standalone="yes"?>
<PcGts xmlns="http://schema.primaresearch.org/PAGE/gts/pagecontent/2013-07-15" xmlns:xsi="http://www.w3.org/2001/XMLSchema-instance" xsi:schemaLocation="http://schema.primaresearch.org/PAGE/gts/pagecontent/2013-07-15 http://schema.primaresearch.org/PAGE/gts/pagecontent/2013-07-15/pagecontent.xsd">
    <Metadata>
        <Creator>prov=University of Rostock/Institute of Mathematics/CITlab|PLANET AI GmbH/Gundram Leifert/gundram.leifert@planet-ai.de:name=Transkribus German Kurrent M2(htr_id=29820)::::v=2.6.7
prov=University of Rostock/Institute of Mathematics/CITlab|PLANET AI GmbH/Tobias Gruening/tobias.gruening@planet-ai.de:name=de.uros.citlab.module.baseline2polygon.B2PSeamMultiOriented:v=2.6.7
prov=University of Rostock/Institute of Mathematics/CITlab|PLANET AI GmbH/Tobias Gruening/tobias.gruening@planet-ai.de:name=/net_tf/LA73_249_0mod360.pb:de.uros.citlab.segmentation.CITlab_LA_ML:v=2.6.7
Transkribus</Creator>
        <Created>2022-05-02T15:54:43.645+02:00</Created>
        <LastChange>2022-09-12T15:53:33.155+02:00</LastChange>
        <TranskribusMetadata docId="1336521" pageId="52420873" pageNr="4" tsid="114799163" status="IN_PROGRESS" userId="9570" imgUrl="https://files.transkribus.eu/Get?id=IDSMLRHFMMINDEVWNTCXQNWQ&amp;fileType=view" xmlUrl="https://files.transkribus.eu/Get?id=MGSJZIAVUBOPVPFQPVKTKTIM" imageId="30692623"/>
    </Metadata>
    <Page imageFilename="IMG_6238.jpg" imageWidth="4032" imageHeight="3024">
        <ReadingOrder>
            <OrderedGroup id="ro_1687513537299" caption="Regions reading order">
                <RegionRefIndexed index="0" regionRef="r1"/>
                <RegionRefIndexed index="1" regionRef="r2"/>
                <RegionRefIndexed index="2" regionRef="r3"/>
            </OrderedGroup>
        </ReadingOrder>
        <TextRegion orientation="0.0" id="r1" custom="readingOrder {index:0;}">
            <Coords points="746,899 746,1052 797,1052 797,899"/>
            <TextLine id="r1l1" custom="readingOrder {index:0;}">
                <Coords points="739,998 752,997 764,1010 770,1005 788,1012 797,1005 804,1006 808,936 789,938 784,932 775,931 760,946 755,945 748,952 741,951"/>
                <Baseline points="746,999 771,999 797,1002"/>
                <TextEquiv>
                    <Unicode>2</Unicode>
                </TextEquiv>
            </TextLine>
            <TextEquiv>
                <Unicode>2</Unicode>
            </TextEquiv>
        </TextRegion>
        <TextRegion orientation="0.0" id="r2" custom="readingOrder {index:1;}">
            <Coords points="801,998 801,2379 1911,2379 1911,998"/>
            <TextLine id="r2l1" custom="readingOrder {index:0;}">
                <Coords points="843,1062 1300,1098 1640,1079 1773,1122 1917,1102 1919,1055 1723,979 1613,1025 1515,977 1389,1012 1203,956 957,1004 848,971"/>
                <Baseline points="852,1034 907,1035 963,1038 1019,1040 1074,1042 1130,1044 1186,1046 1242,1048 1297,1050 1353,1053 1409,1056 1465,1058 1520,1061 1576,1064 1632,1068 1688,1072 1743,1076 1799,1080 1855,1085 1911,1091"/>
                <TextEquiv>
                    <Unicode>waegen Ihnen schuldigen 20t. Cap. und Zlein</Unicode>
                </TextEquiv>
            </TextLine>
            <TextLine id="r2l2" custom="readingOrder {index:1;}">
                <Coords points="833,1125 1827,1182 1871,1176 1874,1121 835,1070"/>
                <Baseline points="840,1118 891,1118 942,1118 993,1119 1045,1121 1096,1122 1147,1124 1199,1126 1250,1128 1301,1130 1353,1133 1404,1134 1455,1137 1506,1139 1558,1142 1609,1144 1660,1146 1712,1148 1763,1150 1814,1151 1866,1154"/>
                <TextEquiv>
                    <Unicode>dan von Verfallenen Zinßen hardt getreben</Unicode>
                </TextEquiv>
            </TextLine>
            <TextLine id="r2l3" custom="readingOrder {index:2;}">
                <Coords points="838,1209 981,1204 1036,1238 1107,1200 1172,1247 1241,1204 1370,1263 1445,1214 1557,1255 1720,1224 1753,1257 1908,1263 1910,1210 1860,1182 1482,1149 1405,1186 1166,1131 842,1127"/>
                <Baseline points="846,1194 898,1194 951,1196 1004,1197 1057,1197 1110,1199 1162,1200 1215,1200 1268,1202 1321,1203 1374,1206 1426,1207 1479,1209 1532,1211 1585,1215 1638,1217 1690,1221 1743,1225 1796,1229 1849,1234 1902,1239"/>
                <TextEquiv>
                    <Unicode>so daß Er das galt Nirgendts zufunc gelußt</Unicode>
                </TextEquiv>
            </TextLine>
            <TextLine id="r2l4" custom="readingOrder {index:3;}">
                <Coords points="814,1294 948,1326 1031,1284 1265,1318 1451,1295 1573,1342 1734,1303 1880,1343 1883,1280 1790,1238 1423,1228 1366,1268 1272,1211 1173,1248 818,1211"/>
                <Baseline points="822,1268 874,1270 927,1273 979,1275 1032,1277 1085,1279 1137,1280 1190,1281 1243,1284 1295,1285 1348,1287 1401,1288 1453,1290 1506,1292 1559,1295 1611,1296 1664,1299 1717,1302 1769,1307 1822,1311 1875,1316"/>
                <TextEquiv>
                    <Unicode>vnd Endtlichen Vß Viseren Anlaß zu Ver leidigen</Unicode>
                </TextEquiv>
            </TextLine>
            <TextLine id="r2l5" custom="readingOrder {index:4;}">
                <Coords points="814,1366 1077,1394 1212,1365 1294,1401 1493,1375 1532,1408 1666,1378 1709,1418 1828,1389 1830,1320 1679,1347 1613,1314 1568,1344 1444,1305 1129,1318 1033,1284 947,1331 817,1284"/>
                <Baseline points="822,1353 874,1355 927,1355 979,1356 1032,1358 1084,1358 1137,1361 1190,1362 1242,1364 1295,1365 1347,1367 1400,1368 1452,1371 1505,1373 1558,1374 1610,1376 1663,1378 1715,1380 1768,1382 1821,1383"/>
                <TextEquiv>
                    <Unicode>Verübten That kommn Vf Volgende wyß;</Unicode>
                </TextEquiv>
            </TextLine>
            <TextLine id="r2l6" custom="readingOrder {index:5;} place {offset:23; length:6;}">
                <Coords points="821,1441 1179,1474 1252,1443 1338,1498 1412,1444 1490,1489 1674,1465 1788,1518 1901,1454 1610,1380 1543,1412 1164,1370 1072,1423 978,1362 909,1398 824,1357"/>
                <Baseline points="828,1431 881,1433 934,1435 987,1436 1041,1438 1094,1439 1147,1440 1200,1442 1254,1442 1307,1443 1360,1445 1413,1446 1467,1448 1520,1449 1573,1451 1626,1452 1680,1454 1733,1457 1786,1459 1839,1462 1893,1466"/>
                <TextEquiv>
                    <Unicode>Namblichen eb seyn von Etlors Zeiths Mahlen¬</Unicode>
                </TextEquiv>
            </TextLine>
            <TextLine id="r2l7" custom="readingOrder {index:6;} person {offset:13; length:16;}">
                <Coords points="829,1530 929,1571 1112,1525 1269,1569 1577,1523 1851,1557 1869,1495 1786,1517 1626,1462 1488,1491 1410,1443 1348,1495 1248,1444 1146,1497 1093,1458 1005,1483 922,1434 831,1442"/>
                <Baseline points="837,1508 888,1509 939,1512 990,1514 1041,1515 1092,1515 1143,1517 1195,1518 1246,1520 1297,1520 1348,1521 1399,1523 1450,1524 1501,1524 1553,1526 1604,1528 1655,1530 1706,1533 1757,1535 1808,1538 1860,1541"/>
                <TextEquiv>
                    <Unicode>Schultheißen von Graffmrindts Camermagdt</Unicode>
                </TextEquiv>
            </TextLine>
            <TextLine id="r2l8" custom="readingOrder {index:7;}">
                <Coords points="832,1624 952,1589 1034,1634 1211,1597 1345,1652 1521,1610 1568,1642 1681,1613 1881,1645 1883,1582 1814,1550 1679,1590 1576,1526 1271,1569 1047,1527 932,1571 835,1530"/>
                <Baseline points="840,1586 891,1586 943,1587 995,1589 1047,1589 1098,1590 1150,1592 1202,1593 1254,1594 1305,1595 1357,1596 1409,1598 1461,1599 1512,1601 1564,1603 1616,1604 1668,1607 1719,1608 1771,1610 1823,1613 1875,1616"/>
                <TextEquiv>
                    <Unicode>Zmunder In seines Hen. Sohns Hmn Wogt von</Unicode>
                </TextEquiv>
            </TextLine>
            <TextLine id="r2l9" custom="readingOrder {index:8;} place {offset:0; length:11;}">
                <Coords points="817,1712 885,1680 1113,1717 1274,1672 1374,1717 1580,1684 1638,1726 1704,1691 1768,1735 1816,1702 1872,1723 1873,1651 1802,1626 1223,1653 1090,1609 1011,1648 951,1589 819,1628"/>
                <Baseline points="825,1673 877,1671 929,1671 981,1670 1033,1670 1085,1670 1137,1671 1189,1671 1241,1673 1293,1674 1345,1676 1397,1677 1449,1679 1501,1680 1553,1683 1605,1684 1657,1686 1709,1688 1761,1691 1813,1692 1866,1695"/>
                <TextEquiv>
                    <Unicode>Graßenandts Hauß kommen, undt dasi die thuen</Unicode>
                </TextEquiv>
            </TextLine>
            <TextLine id="r2l10" custom="readingOrder {index:9;}">
                <Coords points="818,1771 996,1756 1261,1800 1415,1775 1460,1805 1545,1753 1673,1799 1761,1764 1881,1798 1882,1738 1814,1706 1678,1737 1547,1685 1124,1722 956,1687 819,1722"/>
                <Baseline points="825,1752 877,1752 930,1752 982,1752 1035,1752 1087,1752 1140,1752 1192,1752 1245,1752 1297,1752 1350,1752 1402,1752 1455,1752 1507,1753 1560,1754 1612,1755 1665,1757 1717,1758 1770,1761 1822,1764 1875,1767"/>
                <TextEquiv>
                    <Unicode>offnen wollen, habe sy ob mit thun können, sondern</Unicode>
                </TextEquiv>
            </TextLine>
            <TextLine id="r2l11" custom="readingOrder {index:10;} person {offset:5; length:10;}">
                <Coords points="826,1858 896,1826 1321,1833 1561,1877 1630,1836 1758,1875 1896,1841 1897,1810 1778,1763 1674,1798 1534,1773 1477,1811 1300,1779 1193,1817 994,1757 827,1771"/>
                <Baseline points="834,1824 886,1826 939,1827 992,1829 1045,1829 1098,1830 1150,1830 1203,1832 1256,1832 1309,1832 1362,1832 1414,1832 1467,1833 1520,1833 1573,1833 1626,1833 1678,1835 1731,1836 1784,1837 1837,1839 1890,1841"/>
                <TextEquiv>
                    <Unicode>Ihne Sollmatter umb hülff ersucht, welchen Jhra¬</Unicode>
                </TextEquiv>
            </TextLine>
            <TextLine id="r2l12" custom="readingOrder {index:11;}">
                <Coords points="817,1913 996,1951 1149,1914 1228,1962 1554,1920 1682,1949 1744,1910 1879,1933 1879,1881 1771,1892 1630,1842 1554,1883 1321,1833 1237,1863 1012,1829 818,1857"/>
                <Baseline points="825,1901 877,1901 929,1902 982,1902 1034,1904 1086,1904 1139,1905 1191,1905 1243,1906 1296,1907 1348,1907 1400,1908 1453,1908 1505,1908 1557,1910 1610,1910 1662,1910 1714,1910 1767,1910 1819,1908 1872,1908"/>
                <TextEquiv>
                    <Unicode>auch die hur ößfnn helßfen, bi Heuß Zeuchung¬</Unicode>
                </TextEquiv>
            </TextLine>
            <TextLine id="r2l13" custom="readingOrder {index:12;}">
                <Coords points="826,1986 973,2023 1151,1992 1611,2031 1663,1998 1712,2026 1759,1992 1870,1996 1870,1959 1753,1910 1683,1949 1366,1933 1280,1965 1149,1913 996,1951 827,1911"/>
                <Baseline points="833,1977 884,1977 936,1978 987,1979 1039,1979 1090,1980 1142,1980 1193,1982 1245,1983 1296,1983 1348,1985 1399,1985 1451,1986 1502,1987 1554,1988 1605,1988 1657,1988 1708,1987 1760,1986 1811,1985 1863,1983"/>
                <TextEquiv>
                    <Unicode>daß Schlußels aber, habe Er selbigen sampt dmn</Unicode>
                </TextEquiv>
            </TextLine>
            <TextLine id="r2l14" custom="readingOrder {index:13;}">
                <Coords points="829,2088 936,2062 1012,2111 1082,2060 1434,2106 1610,2102 1660,2068 1707,2097 1876,2082 1831,2015 1771,2008 1398,2033 1283,2004 1155,2041 1093,2000 945,2033 831,1986"/>
                <Baseline points="837,2048 888,2051 940,2052 991,2054 1043,2056 1095,2057 1146,2058 1198,2060 1249,2061 1301,2061 1353,2063 1404,2063 1456,2064 1507,2064 1559,2066 1611,2066 1662,2067 1714,2068 1765,2069 1817,2070 1869,2072"/>
                <TextEquiv>
                    <Unicode>Eingricht, solcher gestalten besichtiget, und In sei¬</Unicode>
                </TextEquiv>
            </TextLine>
            <TextLine id="r2l15" custom="readingOrder {index:14;}">
                <Coords points="794,2150 913,2136 991,2173 1196,2130 1263,2182 1492,2140 1670,2178 1872,2143 1873,2105 1638,2077 1445,2120 1092,2060 1012,2110 936,2062 795,2100"/>
                <Baseline points="801,2127 854,2129 907,2130 960,2132 1014,2132 1067,2133 1120,2133 1173,2135 1227,2135 1280,2135 1333,2136 1386,2136 1440,2136 1493,2136 1546,2137 1599,2138 1653,2138 1706,2138 1759,2139 1812,2139 1866,2141"/>
                <TextEquiv>
                    <Unicode>enen Kopfgefaßet, daß Er einen abriß so wohl der</Unicode>
                </TextEquiv>
            </TextLine>
            <TextLine id="r2l16" custom="readingOrder {index:15;} person {offset:0; length:7;}">
                <Coords points="809,2222 937,2214 977,2249 1122,2208 1221,2251 1403,2220 1454,2248 1541,2206 1622,2247 1818,2215 1819,2171 1563,2176 1502,2142 1262,2182 1193,2132 1037,2182 914,2136 809,2144"/>
                <Baseline points="815,2202 864,2204 914,2205 964,2207 1014,2208 1064,2210 1113,2210 1163,2210 1213,2210 1263,2210 1313,2210 1362,2208 1412,2208 1462,2208 1512,2208 1562,2207 1611,2207 1661,2208 1711,2208 1761,2210 1811,2210"/>
                <TextEquiv>
                    <Unicode>Reisfen, so ln den Schlüßel buhrt wahren, als</Unicode>
                </TextEquiv>
            </TextLine>
            <TextLine id="r2l17" custom="readingOrder {index:16;}">
                <Coords points="805,2302 1024,2321 1168,2290 1335,2338 1436,2305 1568,2333 1751,2278 1838,2289 1837,2218 1643,2254 1531,2209 1434,2259 1269,2224 1224,2252 1142,2221 804,2242"/>
                <Baseline points="812,2283 862,2283 913,2283 964,2283 1015,2283 1066,2283 1117,2283 1168,2283 1219,2283 1270,2282 1321,2282 1371,2281 1422,2280 1473,2279 1524,2279 1575,2277 1626,2277 1677,2276 1728,2275 1779,2274 1830,2273"/>
                <TextEquiv>
                    <Unicode>des Schlüßels, mit bleylogß abgezeichnet, undt</Unicode>
                </TextEquiv>
            </TextLine>
            <TextLine id="r2l18" custom="readingOrder {index:17;}">
                <Coords points="1620,2367 1655,2362 1684,2378 1714,2361 1748,2373 1773,2370 1813,2354 1812,2306 1752,2279 1726,2300 1695,2300 1681,2311 1661,2306 1618,2311"/>
                <Baseline points="1626,2361 1651,2360 1677,2358 1703,2358 1728,2357 1754,2357 1780,2357 1806,2358"/>
                <TextEquiv>
                    <Unicode>aebandt</Unicode>
                </TextEquiv>
            </TextLine>
            <TextEquiv>
                <Unicode>waegen Ihnen schuldigen 20t. Cap. und Zlein
dan von Verfallenen Zinßen hardt getreben
so daß Er das galt Nirgendts zufunc gelußt
vnd Endtlichen Vß Viseren Anlaß zu Ver leidigen
Verübten That kommn Vf Volgende wyß;
Namblichen eb seyn von Etlors Zeiths Mahlen¬
Schultheißen von Graffmrindts Camermagdt
Zmunder In seines Hen. Sohns Hmn Wogt von
Graßenandts Hauß kommen, undt dasi die thuen
offnen wollen, habe sy ob mit thun können, sondern
Ihne Sollmatter umb hülff ersucht, welchen Jhra¬
auch die hur ößfnn helßfen, bi Heuß Zeuchung¬
daß Schlußels aber, habe Er selbigen sampt dmn
Eingricht, solcher gestalten besichtiget, und In sei¬
enen Kopfgefaßet, daß Er einen abriß so wohl der
Reisfen, so ln den Schlüßel buhrt wahren, als
des Schlüßels, mit bleylogß abgezeichnet, undt
aebandt</Unicode>
            </TextEquiv>
        </TextRegion>
        <TextRegion orientation="0.0" id="r3" custom="readingOrder {index:2;}">
            <Coords points="2055,1065 2055,2444 3156,2444 3156,1065"/>
            <TextLine id="r3l1" custom="readingOrder {index:0;}">
                <Coords points="2112,1103 2812,1140 2896,1104 3072,1137 3162,1122 3163,1065 2865,1028 2734,1057 2651,1023 2112,1055"/>
                <Baseline points="2118,1097 2169,1097 2221,1097 2273,1098 2325,1098 2377,1098 2429,1100 2481,1100 2533,1100 2585,1101 2637,1101 2688,1101 2740,1103 2792,1103 2844,1104 2896,1105 2948,1106 3000,1107 3052,1109 3104,1110 3156,1110"/>
                <TextEquiv>
                    <Unicode>nebendt einem abtruf die höche Vnß Schluheds</Unicode>
                </TextEquiv>
            </TextLine>
            <TextLine id="r3l2" custom="readingOrder {index:1;} person {offset:4; length:4;}">
                <Coords points="2063,1176 2251,1210 2318,1178 2407,1208 2455,1172 2537,1205 3027,1183 3027,1132 2984,1124 2638,1150 2467,1105 2063,1124"/>
                <Baseline points="2070,1176 2117,1173 2165,1171 2212,1169 2260,1167 2307,1167 2355,1166 2402,1166 2450,1166 2497,1167 2545,1167 2592,1167 2640,1169 2687,1169 2735,1169 2782,1169 2830,1169 2877,1169 2925,1167 2972,1166 3020,1164"/>
                <TextEquiv>
                    <Unicode>Vff Roth Wachs, und herrach solches alle den</Unicode>
                </TextEquiv>
            </TextLine>
            <TextLine id="r3l3" custom="readingOrder {index:2;}">
                <Coords points="2093,1249 2385,1299 2565,1247 2645,1291 2717,1263 2840,1294 3150,1258 3162,1182 3012,1201 2889,1168 2755,1207 2711,1176 2621,1215 2559,1185 2508,1224 2092,1178"/>
                <Baseline points="2100,1245 2152,1244 2205,1243 2258,1242 2311,1242 2363,1241 2416,1242 2469,1242 2522,1242 2574,1242 2627,1242 2680,1242 2733,1242 2785,1242 2838,1242 2891,1241 2944,1240 2996,1239 3049,1236 3102,1233 3155,1232"/>
                <TextEquiv>
                    <Unicode>Schloßen Meyne gebracht, undt zu Ihre gesagdt</Unicode>
                </TextEquiv>
            </TextLine>
            <TextLine id="r3l4" custom="readingOrder {index:3;}">
                <Coords points="2092,1366 2174,1340 2236,1365 2319,1324 2568,1321 2612,1354 2705,1324 2920,1355 3151,1327 3030,1262 2839,1296 2554,1255 2384,1298 2344,1265 2194,1283 2093,1249"/>
                <Baseline points="2099,1320 2151,1319 2203,1319 2255,1319 2308,1317 2360,1317 2412,1317 2464,1316 2517,1316 2569,1316 2621,1316 2673,1316 2726,1317 2778,1317 2830,1317 2882,1319 2935,1320 2987,1320 3039,1322 3091,1323 3144,1325"/>
                <TextEquiv>
                    <Unicode>Er solle Ihne ein solcher Schlußel machen zu seiner</Unicode>
                </TextEquiv>
            </TextLine>
            <TextLine id="r3l5" custom="readingOrder {index:4;}">
                <Coords points="2087,1435 3121,1403 3132,1337 2436,1328 2087,1379"/>
                <Baseline points="2093,1400 2144,1398 2196,1397 2247,1395 2299,1394 2351,1393 2402,1391 2454,1391 2505,1389 2557,1388 2609,1388 2660,1386 2712,1386 2763,1386 2815,1388 2867,1388 2918,1389 2970,1390 3021,1392 3073,1394 3125,1397"/>
                <TextEquiv>
                    <Unicode>huß thurn, welchen Er auch ohne einiches bedenken</Unicode>
                </TextEquiv>
            </TextLine>
            <TextLine id="r3l6" custom="readingOrder {index:5;}">
                <Coords points="2074,1517 2137,1527 2224,1467 2361,1506 2403,1473 2473,1504 2537,1459 2611,1490 2670,1468 2783,1518 2934,1463 3137,1474 3137,1436 3034,1404 2959,1433 2883,1391 2841,1426 2368,1443 2074,1387"/>
                <Baseline points="2081,1470 2133,1470 2186,1470 2238,1470 2291,1469 2343,1469 2396,1467 2448,1466 2501,1466 2553,1464 2606,1464 2658,1463 2711,1463 2763,1463 2816,1463 2868,1463 2921,1464 2973,1465 3026,1467 3078,1470 3131,1473"/>
                <TextEquiv>
                    <Unicode>Ihme willig gemacht, Worüber hin Ihme leider</Unicode>
                </TextEquiv>
            </TextLine>
            <TextLine id="r3l7" custom="readingOrder {index:6;}">
                <Coords points="2084,1569 2230,1552 2334,1598 2461,1559 2539,1587 2889,1543 3136,1582 3105,1516 2972,1518 2921,1471 2756,1527 2561,1459 2476,1504 2213,1470 2140,1526 2084,1515"/>
                <Baseline points="2091,1544 2142,1545 2194,1547 2246,1547 2298,1547 2350,1547 2402,1547 2454,1545 2506,1545 2558,1544 2610,1544 2661,1544 2713,1544 2765,1544 2817,1544 2869,1545 2921,1547 2973,1550 3025,1553 3077,1557 3129,1562"/>
                <TextEquiv>
                    <Unicode>Einsmahls zu Nacht Im Fraum Vorkaun, als wan</Unicode>
                </TextEquiv>
            </TextLine>
            <TextLine id="r3l8" custom="readingOrder {index:7;} person {offset:30; length:6;}">
                <Coords points="2087,1634 2171,1666 2217,1626 2308,1628 2408,1673 2513,1625 2648,1658 3121,1640 3121,1603 3020,1566 2867,1557 2330,1598 2230,1552 2087,1599"/>
                <Baseline points="2094,1619 2145,1619 2196,1620 2247,1622 2298,1622 2349,1622 2400,1623 2451,1623 2502,1623 2553,1623 2604,1623 2655,1622 2706,1622 2757,1622 2808,1622 2859,1622 2910,1622 2961,1622 3012,1622 3063,1622 3114,1622"/>
                <TextEquiv>
                    <Unicode>behuet Vns Gott.) den leidige Sathan vor Ihmen</Unicode>
                </TextEquiv>
            </TextLine>
            <TextLine id="r3l9" custom="readingOrder {index:8;}">
                <Coords points="2078,1728 2270,1702 2378,1744 2990,1738 3127,1718 3128,1646 2485,1642 2419,1673 2309,1628 2220,1626 2172,1666 2079,1639"/>
                <Baseline points="2085,1694 2136,1695 2188,1697 2240,1698 2292,1700 2343,1701 2395,1701 2447,1703 2499,1703 2550,1704 2602,1704 2654,1704 2706,1706 2757,1706 2809,1706 2861,1706 2913,1707 2964,1707 3016,1707 3068,1709 3120,1709"/>
                <TextEquiv>
                    <Unicode>strche, undt zu Ihmen gesagdten Er solle Vie sach so und</Unicode>
                </TextEquiv>
            </TextLine>
            <TextLine id="r3l10" custom="readingOrder {index:9;}">
                <Coords points="2069,1806 2245,1781 2428,1818 2518,1786 2821,1839 2911,1802 3138,1826 3140,1787 3002,1734 2875,1777 2773,1735 2071,1723"/>
                <Baseline points="2076,1772 2128,1773 2181,1775 2234,1776 2287,1778 2340,1779 2392,1781 2445,1782 2498,1782 2551,1784 2604,1785 2656,1787 2709,1788 2762,1790 2815,1791 2868,1794 2920,1796 2973,1798 3026,1800 3079,1803 3132,1806"/>
                <TextEquiv>
                    <Unicode>so anstellen, werde Ihme Vohlgelingen, anseitt aber</Unicode>
                </TextEquiv>
            </TextLine>
            <TextLine id="r3l11" custom="readingOrder {index:10;}">
                <Coords points="2068,1882 2776,1874 2892,1923 3115,1887 2972,1826 2663,1843 2619,1807 2256,1782 2071,1807"/>
                <Baseline points="2076,1850 2127,1850 2179,1850 2230,1851 2282,1851 2334,1853 2385,1854 2437,1857 2488,1858 2540,1860 2592,1862 2643,1865 2695,1866 2746,1868 2798,1871 2850,1872 2901,1874 2953,1877 3004,1878 3056,1880 3108,1881"/>
                <TextEquiv>
                    <Unicode>daß Er zun boißen findt, mib einbrünstigen</Unicode>
                </TextEquiv>
            </TextLine>
            <TextLine id="r3l12" custom="readingOrder {index:11;}">
                <Coords points="2068,1974 2263,1934 3100,1996 3125,1927 2834,1918 2776,1875 2575,1917 2274,1871 2070,1904"/>
                <Baseline points="2076,1931 2128,1931 2180,1931 2232,1931 2284,1932 2336,1933 2388,1934 2440,1936 2492,1938 2544,1940 2596,1942 2648,1944 2700,1947 2752,1949 2804,1951 2856,1953 2908,1955 2960,1957 3012,1959 3064,1961 3117,1961"/>
                <TextEquiv>
                    <Unicode>gebath häte widerstuchen sollen, so habe Er dennoch</Unicode>
                </TextEquiv>
            </TextLine>
            <TextLine id="r3l13" custom="readingOrder {index:12;}">
                <Coords points="2059,2027 2324,2018 2405,2059 2454,2018 2530,2052 2697,2024 2973,2066 3106,2038 3108,1999 2568,1988 2464,1955 2387,1980 2208,1933 2061,1979"/>
                <Baseline points="2067,2003 2118,2003 2170,2003 2221,2004 2273,2006 2325,2007 2376,2009 2428,2011 2479,2014 2531,2016 2583,2019 2634,2021 2686,2024 2737,2027 2789,2030 2841,2031 2892,2034 2944,2036 2995,2037 3047,2039 3099,2039"/>
                <TextEquiv>
                    <Unicode>seinen Susten wehrten zeglaubt, undt Ihme gehör</Unicode>
                </TextEquiv>
            </TextLine>
            <TextLine id="r3l14" custom="readingOrder {index:13;}">
                <Coords points="2062,2113 2195,2083 3126,2138 3129,2076 2928,2036 2473,2069 2066,2016"/>
                <Baseline points="2070,2078 2122,2079 2175,2081 2227,2082 2280,2082 2332,2084 2385,2087 2437,2088 2490,2090 2542,2093 2595,2096 2647,2097 2700,2100 2752,2103 2805,2106 2857,2108 2910,2111 2962,2113 3015,2116 3067,2118 3120,2121"/>
                <TextEquiv>
                    <Unicode>gebun, auch leider nach seinem Vorgeben die That Vnr¬</Unicode>
                </TextEquiv>
            </TextLine>
            <TextLine id="r3l15" custom="readingOrder {index:14;}">
                <Coords points="2047,2175 3154,2207 3156,2158 3067,2127 2981,2155 2773,2111 2685,2156 2547,2097 2050,2104"/>
                <Baseline points="2055,2151 2109,2153 2164,2154 2218,2154 2273,2156 2328,2158 2382,2160 2437,2162 2491,2164 2546,2166 2601,2169 2655,2171 2710,2174 2764,2177 2819,2178 2874,2181 2928,2184 2983,2187 3037,2189 3092,2191 3147,2193"/>
                <TextEquiv>
                    <Unicode>nübt, da Eraber den Cfaltschen Schlüßel probicet</Unicode>
                </TextEquiv>
            </TextLine>
            <TextLine id="r3l16" custom="readingOrder {index:15;}">
                <Coords points="2051,2251 2129,2229 2190,2272 2299,2227 2338,2261 2473,2241 2794,2304 3002,2277 3086,2317 3119,2312 3123,2243 2577,2176 2514,2202 2379,2167 2300,2206 2141,2158 2055,2178"/>
                <Baseline points="2060,2220 2112,2222 2165,2223 2218,2226 2270,2228 2323,2231 2376,2234 2428,2237 2481,2240 2534,2243 2587,2246 2639,2249 2692,2252 2745,2256 2797,2259 2850,2262 2903,2264 2955,2267 3008,2270 3061,2273 3114,2274"/>
                <TextEquiv>
                    <Unicode>habe solcher also balden das Hauß Vffgethan, und seyn</Unicode>
                </TextEquiv>
            </TextLine>
            <TextLine id="r3l17" custom="readingOrder {index:16;}">
                <Coords points="2049,2348 2408,2326 2515,2359 2575,2334 2655,2378 2739,2338 2816,2386 2915,2344 3009,2355 3011,2312 2904,2285 2669,2301 2495,2255 2429,2286 2054,2252"/>
                <Baseline points="2058,2297 2105,2300 2152,2301 2199,2304 2246,2307 2294,2309 2341,2312 2388,2315 2435,2316 2482,2320 2530,2322 2577,2325 2624,2327 2671,2330 2718,2332 2766,2334 2813,2336 2860,2337 2907,2339 2954,2340 3002,2342"/>
                <TextEquiv>
                    <Unicode>hinein gangen den Augenschein dar Gettaren</Unicode>
                </TextEquiv>
            </TextLine>
            <TextLine id="r3l18" custom="readingOrder {index:17;}">
                <Coords points="2817,2434 2835,2438 2854,2427 2862,2431 2877,2429 2902,2445 2912,2447 2916,2396 2905,2396 2890,2385 2862,2386 2851,2376 2844,2375 2835,2381 2822,2374"/>
                <Baseline points="2826,2420 2853,2421 2880,2423 2907,2426"/>
                <TextEquiv>
                    <Unicode>ein</Unicode>
                </TextEquiv>
            </TextLine>
            <TextEquiv>
                <Unicode>nebendt einem abtruf die höche Vnß Schluheds
Vff Roth Wachs, und herrach solches alle den
Schloßen Meyne gebracht, undt zu Ihre gesagdt
Er solle Ihne ein solcher Schlußel machen zu seiner
huß thurn, welchen Er auch ohne einiches bedenken
Ihme willig gemacht, Worüber hin Ihme leider
Einsmahls zu Nacht Im Fraum Vorkaun, als wan
behuet Vns Gott.) den leidige Sathan vor Ihmen
strche, undt zu Ihmen gesagdten Er solle Vie sach so und
so anstellen, werde Ihme Vohlgelingen, anseitt aber
daß Er zun boißen findt, mib einbrünstigen
gebath häte widerstuchen sollen, so habe Er dennoch
seinen Susten wehrten zeglaubt, undt Ihme gehör
gebun, auch leider nach seinem Vorgeben die That Vnr¬
nübt, da Eraber den Cfaltschen Schlüßel probicet
habe solcher also balden das Hauß Vffgethan, und seyn
hinein gangen den Augenschein dar Gettaren
ein</Unicode>
            </TextEquiv>
        </TextRegion>
    </Page>
</PcGts>
