4032 3024
724 1406 788 1514 8.
728 1023 808 1138 17
851 1049 1731 1164 es wolle Ihms wohl machen, es wuse wohl
844 1127 1320 1244 wo das Gorhauß seye
815 1179 1806 1336 Denine So seye es etlich tag hernach, nach deme es mit
859 1294 1744 1409 herren Willading serlig byschlaff gehabt in
876 1358 1770 1478 der spathen nacht an der Crrutzgaßen auff der
862 1427 1805 1564 gasten gewosen, da seye Jemandt zu Ihme komen
879 1504 1691 1631 o hoch teutsch gerodt, vnd habe Ihns gegen die
864 1594 1758 1710 Junckeren gaßen geführt vnd als sie vor des H
861 1668 1828 1797 Kriegsrathschreiber Stettlors Hauß komen habe disere
875 1747 1819 1863 Vorsohn dere Erschlaff zugemuthet, welches es an¬
878 1813 1822 1938 fäncklich nit habe geschehen laßen wollen, vnd auß
864 1892 1787 2018 Horn hart gegen disere Porsohn geschworen, allein
886 1960 1884 2075 endlichen auff langes anhalten habe es disen byschlagt
884 2019 1809 2143 willfahret vnd habe wegen der finsteren spathen
893 2086 1836 2181 nachl nicht könen wußen war disere vorsohn seye
898 2152 1809 2260 so Ihus beschlagten, bib ein lange Zeit hernach
880 2205 1780 2344 da seyn ein zuußes Meydli geIh Marey
887 2276 1803 2410 zu Ihme kommen, wuße aber nit wo disers Meidli
1968 960 2982 1142 sich Jetzund auffhalte, es heye thus seittaro 2. Jahr
1996 1041 3012 1188 und druber mit mehr gesehen, vnd habe Ihm gesagt
1991 1103 3046 1243 du bist ein Srafs Meidl, das du so munter schweren
1987 1159 3046 1313 konst, worauff es Anneli Steiner geantwortet, wo har
2011 1212 3034 1375 weist die das, war hat ders gesagt, darauff das andern
2007 1276 3000 1446 wider geantwortet, der Hhl fuchsli hat mirs gesagt
2022 1354 3006 1502 ds die so schweren konst, darauff es Anneli steiner
2022 1427 3058 1591 gedacht t muß zwus diser sein so mich vor etliche
2031 1481 3003 1660 wochen beschlaffen hatte, weilen Er von dem selben
2048 1540 3019 1700 schweren weißt, also ds es hierauß abgenommen, es
2055 1600 3042 1762 nochte villeicht der Geistliche H. fuchbli sein So Ihrs
2292 1693 3018 1827 thabt dan anders köne es, nit wußen
2058 1758 2264 1831 geschlasen
2157 1783 2266 1836 eigentl
2049 1742 3052 1901 ob ert ihm serze oder nit, Als nun solches geschehen, seye
2049 1808 3084 1953 es mir etlich tag vorbey gangen, da seye der dißmahlen
2058 1865 3064 2032 abgestorbene Prohoß Adria vnd der nochlabende Alte
2054 1932 3004 2091 profoßs Shagen peter des nachts zu Ihme kommen vnd
2065 1987 3103 2178 habens in die kofti hoch uffen geführt, in des Zeuwer¬
2070 2080 3065 2225 orgers laßen alda es 2. tag lang einverzpert verbliben
2061 2143 3074 2276 vnd nach disen zweyen tagen, seye es vor tag durch die
2069 2214 2983 2358 beide prososen Janghanp vnd Bufreni auß der
