3024 4032
622 46 1034 221 1644.
486 264 1395 465 Lterre Jannin de Pon¬
823 395 1029 513 Vilard.
255 428 1470 699 Nachdem myne Gnedige hern vnd Oberen
351 591 1493 751 von einem ersamen thorgricht alhie, be
346 676 1500 846 richtet und verstendiget worden, Wie daß
356 773 1536 931 gegenwurtiger Prerre Janum von DonVilard.
361 856 1554 1048 sich solicher unbesinten lychtfretigkeit inge-
371 959 1567 1132 nommen, daß er vor ohngefahr 1 oder 1 jahr
384 1076 1540 1244 in domahliges vnd annoch labendes Ehe¬
400 1177 1554 1333 wyb teieloser Ehebrecheischer wyß ver
397 1279 1496 1418 laßen, sich nacher Tscherlin begeben und
399 1355 1572 1514 mit einer gewäßen dientmagk sohngrach
414 1451 1562 1592 er von syner Ehefrauwen weder durch Todt
404 1542 1522 1692 nach anderer ursachen willen gescheiden war.
416 1655 1570 1793 ehrlich verlopt und versprochen, Weliches alß
432 1743 1562 1859 es kundt und offenbar worden und man ihne
415 1837 1538 1995 darumb rechtsfertigen wollen, hatt er sich
434 1926 1567 2076 darüber hin alsobald uß dem staub gemacht,
442 1998 1549 2157 und racher Lamlingen uf den Testenberg
459 2098 1556 2243 begeben: daselbsten aber anstatt daß er
460 2178 1546 2347 gnen vorgehelen hochen und schwaren fahle
462 2307 1545 2454 berunen und sich fürtrehin darvor hüeten
479 2372 1577 2547 sollen, er abermahl, über vorgehede
467 2450 1578 2652 beide eheverlobnußnen, einer wittfrauwen,
451 2555 1573 2740 Magdalena des Vaubp genant, die Ehe
467 2644 1561 2855 versprochen und volgents ein kind von
466 2720 1572 2944 ihran erbihlet, hernacher aber selbige
432 2832 1559 3013 widerumb verlaßen, sich fort gemacht
476 2916 1587 3095 vnd widerumb in yn henmat, begeben,
460 2974 1602 3191 da er dan von dem Ehergricht zu beel¬
479 3060 1593 3277 tem Bonvilard harneb zu red gestelt
483 3114 1619 3363 und volgents nach erforscheter beschafferheit
480 3206 1608 3480 der sach, ein ehrsam Ehargricht alhie und
472 3282 1624 3591 dahero auch hochgenant Myne g S. vnd A.
1495 3459 1601 3569 deß
489 3386 1564 3693 berichtet worden, weliche dan von sy
2115 114 2443 258 1644
1670 268 2848 407 deß gedachten Janums, hochen und schwaren,
1688 362 2824 472 gottes deß ihrenwort allen christenlichen
1695 431 2818 543 saznegen und geberender ehebarkeit zuwilen
1713 492 2872 620 träbenden, fählern, wohl ursach und anlaß
1689 584 2845 715 gehapt hetten, ihne exemplarisch und inem
1656 653 2856 786 verdienen nach abzustraffen, weilen selbige
1685 741 2836 873 ober jederzeit mehr zu Graden alß ungnaden
1691 817 2872 959 geneigt, alß haben sy gegen vilgemeltem
1668 906 2923 1060 Janum auch ein desto gnedigere und milte
1651 976 2925 1136 urtheil gefehlt, daß er namlich menigklich
1676 1072 2761 1228 Ium Exempell sich vor dergleichen vnd
1696 1164 2845 1306 eten sulden und lasten zu verhüëten, zmo
1696 1243 2915 1402 sundt an daß halßysengestelt und
1692 1338 2836 1475 heenach uf dero gnad hin von ihr statt
1689 1431 2883 1571 und landt eidtlich verwisen werden solle.
1681 1513 2828 1651 Actu et deeretum 23 May 1644
1885 1868 2774 2043 antel Haaß Bor Schaff
1939 1995 2652 2118 husen der gowourbeiter.
1707 2191 2876 2346 weyl dißer Haaß potius buchs) under¬
1695 2302 2785 2421 ziderliche herr alhie, denen er von Gold
1701 2369 2874 2546 vnd silber arbeiten sollen, betragen vnd der¬
1698 2484 2774 2634 gesetzt dannenhero er auch geferklich alhie
1693 2566 2857 2736 gezogen worden. Ist immitlest von Barbara
1703 2671 2845 2813 egen S Marers fraus von Biel durch ein
1680 2728 2929 2924 supplication geklagt worden, wie daß er zu Biel
1676 2833 2926 3031 da er by sihnen gewohnet und sy ihme underschiden
1686 2912 2906 3117 lichen husracht Behrtgwand und Rachi gschi vor
1697 3006 2792 3213 nab er selbiges alleß nach vnd nachtheilß
1686 3071 2947 3312 viesezt heilß verkaufft und ihro das gelt hinderhalten,
1704 3154 2903 3415 uch in einem geweßen haß einen verschloßnen.
1699 3230 2917 3467 terg geöffnet und das darin gelegne Zug ver¬
1689 3289 2883 3566 kufft neben underschidenlich anderen betragen
1706 3366 2857 3660 der zu bieb vereat, wegln nun er derselben
1707 3466 2848 3714 in verkommen abhyn können, ist er durch die
1709 3531 2835 3782 hororn den 17. Junii nach Bal geführt vnd
1719 3597 2876 3873 hie gefronet worden, wan er sich mehr iro ingner
1710 3676 2869 3961 soh landfünden laßen, werde man ihne mit dem
1733 3813 1847 3901 wed
1727 3735 2839 4023 st zerwysen und vernere straff an ihne
1885 3883 2120 4031 e
2894 85 3008 178 237.
