3024 4032
295 -3 424 88 154.
916 56 1193 199 1692
485 141 1565 392 far den angenanten od ieuem, hab sy
504 272 1565 469 nachvolgende wort und sagen gebrucht,
580 353 1548 550 unser hr Jeus Ehrist shur zu acken
631 459 1515 621 vnsere liebe frauw trib ihm
616 549 1518 692 alß y drey fahren urbgeworffen
660 634 1598 813 furden sy drey warm, der hinwyß
669 735 1605 886 der anßer roht, der dritf ist allen
733 803 1609 954 ruemen Todt, Jamen Gottes daß
739 904 1630 1079 Vatters, deß sohns vnd frag Gus
555 1032 1608 1226 für der sartet, habe sy volgenden sagen
602 1167 906 1310 gesprochen.
598 1253 1492 1425 Est ist hutt ein keiliger thag,
619 1352 1607 1519 unser kergott wolle dem kind nemen
870 1442 1299 1545 den sorbet ab.
718 1512 1628 1658 Ineien Gottes deß Vatters, deß h
873 1594 1392 1732 und heilign geiss.
575 1717 1621 1874 für daß angerwehe, habe sy volgende
579 1824 1057 1935 wort gesprochen
650 1895 1576 2052 Vnser Lieben h Jasas Christens
661 1995 1578 2170 fhür gar Hinsel und ließe drey
725 2070 1608 2216 stuck hinder ihm, daß emt ist die
727 2141 1614 2314 sonn, daß ander der non, daß de
749 2247 1640 2382 iit daß thäglich brot, daß wiet scha
723 2319 1615 2487 die bosen mehr In den Ang zu Todt
753 2424 1624 2577 vnd volgents Jnamen der hedig
757 2517 1603 2687 dreyfaltigkeit ein wäßerlih
957 2585 1461 2756 darzu gebrucht.
546 2690 1619 2945 ißtere vorgehnde und derglycht steh
572 2816 1621 3038 habe sy zu bemelten krankheiten gee
602 2882 1636 3113 brucht und keineswegs ggemeint, daß
598 3005 1618 3211 sy böß und wider gottes wort sye
573 3046 1643 3335 daß sy aber gott den hern verlaugnet
591 3145 1639 3390 vnd sich dem weedig Taffel ergeben vnd
580 3239 1627 3535 uß syner anstifftung derglschen sohen
595 3381 1369 3599 verzlt habe, daß sye nit.
1327 3463 1508 3624 daß
2113 -8 2425 127 164 x
1769 21 2807 383 t glen nen
1712 95 2867 421 der ev tag ei kex geschalten worden.
1758 240 2851 518 und habe, die wort nit abschra gethan.
1748 271 2893 590 sie zwer nit winiger den daß sy ir alß
1743 380 2884 715 geschelth worden, habe aber soliches gebe
1748 467 2905 763 ander masten abihra gethanen und sich bei
1749 561 2884 853 fuden daß ihro ungutlich beschechten, des
1751 654 2820 923 Aun von Rnedlingen ward es aber
1748 845 2051 1027 shige nush
1733 870 2896 1095 So es aber damnt nit genug, so erprete
1757 948 2936 1185 sy sich visitieren ze laßen, ob einiche Satani
1753 1049 2918 1299 hezeiche an ihro gefunden verdent, we
1757 1136 2920 1385 liches den auch dem verschrachten diener
1766 1234 2900 1457 befohlen worden, derselbige aber hatt
1765 1371 2404 1545 derglychen nüt gefunden.
1852 1460 2885 1662 hatt also ungeacht sy deumahl lär
1896 1570 2866 1721 und dinst mit den kleuen fey
1914 1648 2884 1789 uffzog worden, anders und mehrers
2052 1742 2715 1874 nit bekennen wollen.
1712 1838 2826 2011 Ist den 5. Decemb. 1640 mit den Eigdt von
1720 1949 2844 2062 Ihr Bl. Statt vndt Landt Regwisen word.
