3024 4032
190 3511 254 3609 1
236 161 344 247 20.
781 180 1008 305 1641.
342 262 1439 494 hatt er von keinen verebten unthaten nach
1424 323 1513 466 h
377 373 1109 546 diebsthalen nüt waßen wollen.
1132 430 1477 606 Anden shas
372 448 796 573 verantworttet.
352 543 1486 792 Ds alß sy mater s mit ihme Schwenger geen
377 665 1466 821 sage  zu lozwyl In einer stall koue
372 766 1461 929 und daselbst synen genesen, Da aber sy
386 850 1469 1033 weger harter gennst todts verblichen und
397 938 1450 1100 er by läben verbliben, sege er uß zeg
393 1022 1453 1162 betelch vnd Ir dero kostn verdinget vnd
384 1107 1454 1252 ufferzogen worden, w�ße aber von synem
385 1212 1467 1355 vatter noch deßelben nahnen nüt. Nachdem
388 1274 1468 1430 er nun etlicher gestalten erwachsen gsin, hab
395 1365 1440 1514 er zu Lezwyl underschidenlicher clüchten
385 1451 1466 1582 gedienet und entlicher auch zr Bundten
387 1535 1470 1685 zu frieg gedinget, da nachderen er etwas
394 1622 1475 1745 galtlins ersport, er anfenglich mit labn
375 1707 1453 1848 kuchen und branterowyn gegwerbet vnd
375 1797 1471 1917 damit etwas gewunnen, das er entlich ein
388 1864 1461 2015 größeren keim erkauffen können, uff den
382 1964 1468 2090 er das auch letstlich ein frygalt zu Barg.
376 2043 1486 2146 dorff gelöst, da dan alß er zu einein kelter
387 2125 1485 2257 ein drunk gethan vnd derselbig Ihne vber¬
392 2194 1463 2342 nemenzumaßen, das er sich viebetes
364 2271 1440 2440 erberig gemacht, h von wrachsell ihne
377 2357 1418 2495 darunb zured gestelt und gefragt, wo
391 2445 1451 2595 er mit dem gelt harkome und von wannen
385 2525 1419 2680 er sye, hab er geantwortet er syevor
357 2588 1464 2815 Diglen und habe das gelt uß wahren erläßen
343 2683 1442 2852 wolle jetz nach Arame vnd Meßer demeb
367 2793 1432 2970 kauffen. Sage er etlicher gestalten er y
365 2885 1438 3041 verantwortung kommen, doch habe er iihm
369 2928 1456 3155 syn gelt verpntschiert und ihne mit semp
360 3026 1456 3230 dem gelt nach Biglen umb bericht gesant,
364 3107 1442 3340 da habe er aber daselbst ein solche zug¬¬
366 3224 1425 3430 same bekonmen, daß y allersyts daron
372 3286 1458 3494 wohl komen können vnd Ihne niemit, Vr¬
375 3376 1445 3638 angetastet gelaßen, daher komnit die
357 3455 1425 3736 gelt seck so er hinder ihm ghan vnd ver-
1210 3575 1409 3752 waß
363 3619 861 3814 putschreit gsin.
2007 159 2272 306 s4
1582 167 2629 488 d and d erle
1606 245 2641 571 sa tate lit
1581 321 2693 649 gege geele
1595 441 2697 783 ee d rehen
1612 553 2615 828 weeliche er gefragt, ob sy keine huart
1614 657 2708 945 kuchten wollen, haben sy gesagt, sy manglenh
1624 733 2700 1007 sy so gar vil nit, doch habeit sy da ein
1614 822 2706 1099 Sabers so er dieselbige nemen wollen,
1620 923 2709 1163 so wollen sy einen uder zwen kauffen. Daraff
1632 1025 2753 1280 er gesagt, ja wanen sy gut syge, so wolle er
1602 1150 2735 1389 by nemen; also das sy vmb die huett ge¬
1617 1207 2746 1427 wörtet vnd er die Silbers genomen vnd
1603 1320 2682 1535 vermeint ghan sy syge gut, da habe sy
1606 1434 2714 1646 Ihne ober sy shhar neinants abnerng
1642 1521 2675 1721 wöllen und hab er ermelte landtlucht
1644 1666 2094 1803 nit mehr gesachen.
1600 1705 2676 1903 Waß er aber fur specereg hinder ihme
1646 1835 2693 1994 gehabt, die shale er fur syner gewaeb
1643 1924 2572 2099 biy danel waber alhie erkaufft
1610 2032 2686 2190 Wyße verners und weyters nit zebe
1643 2149 2713 2257 kennentc. Ist den 26. novembris 1641 uff ein
1622 2204 2872 2343 gute tem und vermchnug zur beßerung ledig worden,
1779 2280 2624 2429 Judist Laderacs von worb.
1605 2438 2735 2622 Nlacgdem judiht Laderach vor etwas thagen
1646 2560 2754 2693 wegen gehalten und entdechten bosen guzags
1640 2645 2751 2779 zu wittigkhoffen, da sy by ehngefarlich sechs
1641 2734 2790 2862 wicher by Mynen hochehrenden s von Watten¬
1648 2798 2718 2933 weyl deß rhats gedient, von ihme iroge
1636 2879 2701 3030 fengliche verhafftung geschikk und daroff
1642 2955 2709 3131 u�muner zy hern und obern begelch, durch
1649 3027 2686 3226 shern Damel Gerber und h amsag von
1653 3114 2721 3325 Draffenried den 16. novembris 1641 znn schuzen
2025 3217 2104 3281 wolhe
1644 3202 2752 3407 der wider sy von ermeltene h von Wetten
1645 3310 2693 3495 wegl geführten klegben halben ernstortug
1647 3386 2701 3551 befragt und exeminat worden, hatt sy
1653 3460 2749 3651 vber den fuben und andern pueheten nachtool
1637 3546 2316 3695 gende antwort gegeben.
2704 60 2827 158 21.
