3024 4032
175 85 289 188 28.
828 164 1005 260 1641
665 236 1268 400 Derena Müller.
337 231 1463 527 Deß ußgerißnen schullmeister Bendicht Greite
296 351 1469 598 elefrow pürtig von Wißwyl, ist vor erwas san
278 392 1449 669 Burchdorff nachher alhar in gfangenschafft getracht
292 492 1467 722 hernach uß mnght unnd oberen fenelchs durch die ehr
287 546 1469 789 H. Damol derber des kleinen hr feter wyßen, das
151 665 237 740 ler
307 624 1448 851 großen nahts h samuel Lerbers großweibelsn
154 684 1479 912 Wesen und anhoren etlicher weiblen hochermelt ir
164 769 305 852 1641.
322 783 1481 981 eieneren ernstwortlich zwar examiniert worden
306 826 1473 1023 thund und laßens auch verübten handels und wandels
310 896 1482 1098 halben sonderlich aber, wie sy sich mit ihrem byermelte
266 951 1474 1160 Urem eheman ertilet und überige deßelben khinderen
294 1030 1472 1233 habten thuge, es hat aber dieselbige ungracht i sy zur
305 1108 1462 1280 anderen mahl lahr verzogen worden anders niht
305 1178 1471 1358 kheimen wöllen, wan das nach dem gesagter ir ehemen
315 1241 1464 1406 der sonst by 8 winteren zuo Ruggesperg alldner e
308 1311 1466 1474 eig sye schull gehalten und yn geehrlichet, syend sy ih
273 1373 1461 1510 Im landbald hiebald dort umbhergezogen, der man
306 1444 1465 1592 gar selten by tra und den kinden gebliben habe sich alle
324 1516 1476 1670 eyl seind, so sich Lorentz namse und wyß rein zwilchnih
167 1515 306 1619 sambt
156 1573 1470 1708 oüer mit kleinen fellden an ein schwarz bärtli und ein schwerte
157 1653 1466 1779 brunen fraw by sich habe, welche synem füegeben nach 500le
160 1696 287 1792 gesag
315 1713 1474 1849 vold yngneyt, er aber 2 güstlic by sich trage und sich
258 1780 1473 1898 villmahlen zur Hantziken und vilbringen zur ziechinn
276 1851 1477 1960 und den einßi der sich Lumper hand nemme angenommen nit
303 1916 1475 2032 denselben umblet geloffen, biß wylen syn widerumb au
301 1974 1466 2095 troffen ihra allweg ein batz 10 oder 6 das sy den khinde
296 2039 1480 2163 brocht habe kauffen mögen, hedichen, sy habe zwar besoret
303 2121 1467 2222 er by diser gsellschafft nit vill guts schaffen werde, de
261 2167 1480 2287 wegen imme solliches sonderlich, das er sich villmal mit we
304 2235 1478 2354 mechteg ubernammen offt fürgehalten, darob aber ander
304 2303 1476 2404 nitzet alls schleg unnd sereich erholet jedoch, das er
304 2359 1480 2478 stäben umbgange nützet gründlichs gewüßt, unz it b
306 2430 1469 2548 10 wuchen vor ihrer kindbehti, welche sy in hans wyße
293 2483 1471 2613 huß ino dumpfitz, dohin ir manend syne gespanen soff
284 2555 1459 2681 mahld kommen gehabt, dan er ihre ußert einem schaff so
283 2612 1466 2747 sy in selbiger  zu Bumpfitz genoßen nitmalten
279 2674 1454 2810 etws zubracht. Habe auch sy sich ußert dem darb by
263 2732 1468 2854 Rud einem müllerkarer von Toffingen ein unehtlicht
273 2792 1466 2944 erzilet, darumb aber abbüßt weder mit stölen nach
274 2850 1459 2982 anderen bösen stucken vertrabt, wie sy sich dan wags
234 2918 1459 3073 widerumb der banden ledig worden möge darumb y
227 2973 1473 3163 Ihr s. wie zuglych got den herren und selbige fleyig
236 3029 1462 3208 umb verzyihung pitet mit ihrer handarbeit aufch ger
241 3118 1441 3279 unnd ehren veerhalten gantz gsinnet und vorhobene
216 3166 1476 3423 Ist glyche fahls zur beßerung zrrs lebend auce
229 3266 1482 3481 licher arbeit und in zr heimat gwisen worden
225 3397 831 3579 Den 26. oembris 1641
862 3489 961 3587 Es
1456 359 1545 502 A.
2033 165 2209 238 1641
2294 234 2423 312 1
1701 166 2487 454 esl
1534 260 2748 614 Alls disere verschiiner tagen wegen etwas argwenigen
1544 320 2731 676 ten an
1548 388 2741 740 en ageen
1526 455 2751 781 Broßweibel uingh und oberen benelch ernstlich deß
1500 551 2635 869 und uberigen tred lebwesend halb befragt worden.
1532 624 2712 936 Is sy bekentlich, das sy vor etwas jahren mit einem
1538 679 2768 1002 gsellen uß dem lueerner gebiet, in hurspeyß revereter
1538 764 2743 1050 gemellden umbher gezogen, darumb ihr gnaden syn im
1551 816 2724 1119 hallen werkh gezuchtiget Sidhar aber habe sy sich mit
1545 895 2719 1173 Hand Bertschi uß solothuner gebiet, verehrlichet und
1555 966 2759 1224 mit demme, der jetzuud iuo santvrban diene zuo tryburg
1554 1053 2746 1307 kilchenrecht verrichtet, das zug dan anlangend habe
1541 1135 2771 1339 Ire einfrow uß murtner geliet biß nach Bumpfig he
1540 1180 2754 1400 tregen ufgeben und dauon 4 b zegeben versprochen anders
1514 1263 2724 1492 wüser sy uizit zu bekennen, Bitet got und vnde umb
1517 1377 2660 1539 verzychuug und erpietet sich schynbarer beßerung.
1523 1441 2744 1643 Ist auc uff ein gute seneur liberieret und zur vor
1531 1528 2747 1687 beßerung, auch ehrlichen arbeit gwisen worden
1543 1636 2027 1760 Den 26. ovembris 1641.
1729 1826 2621 1963 Verena Brunner von Lannd
1931 1922 2642 2049 Wyl bolothurner gebiets.
1545 2006 2769 2149 Demnach auch disere verschinnen Martini merits weg
1518 2072 2772 2191 wegen eines argwenig by ira erfundenen käses gfeidt
1559 2165 2768 2279 lich angnommen und uff obgesetztem tag uß mahr undt
1568 2228 2754 2348 oderen gheiß, hierüber und wa sy sollich fost bekommen
1558 2288 2740 2402 ernstlich fred gestelt worden, hat sy geadtwortet, das
1557 2349 2751 2476 ein ihro unbekante fraw berürtenh käß biß zum underen
1561 2416 2737 2559 thor hinob ze tragen geben und darbon 1 b heentrichten
1524 2475 2758 2613 verheißen, sanst habe sy mit Caspar wyß seinem keßler
1573 2533 2748 2696 so voretwas syns gestorben im Rug arschach als ihrem
1563 2595 2752 2765 eheman gewonet und sy sic har by einem manat sich by
2394 2707 2427 2744 e
1527 2644 2783 2822 ihrer schwester selbiger enden zuzogen zumyon ynhergen
1573 2703 2812 2879 nommen wormit und anderer ehrlicher arbeit sy sich nach-
1555 2776 2800 2968 gallen für ebeing anpietet und dg umb g liberaon
1561 2829 1948 2960 trungenlich pitet.
1556 2948 2779 3167 Auch dise ist den 26. novembris 1641 uff ein con
1569 3057 2780 3231 a sich ehrlicher hannderkeit zu begehen und under
1580 3113 2790 3323 erffenn, ledig glaßen und ebenmeßig in Jo hey
1575 3195 2218 3325 mot gewisen worden.
2731 26 2808 129 29
