3024 4032
841 17 1147 158 1642
743 155 1562 392 aind Där von Regemwyer.
495 316 1577 570 Dißer, so von deßwegen gezogen worden.
522 418 1581 677 er ein gewüste grane mit einem grnsen
509 518 1576 732 steben verfolget und den lüchten getronetn,
504 620 1589 829 das er ihnen die hußer anßeken wolle, hatt
495 709 1581 901 In bysyn vor erengemelte ire har
526 826 1575 1023 natores uff glychem thag bekent und
506 903 745 1043 anzeigt.
426 1036 1567 1218 Eso sye nit weniger, den das er ja einfrau
500 1147 1550 1324 zu Oberwangen mit einem zunstecken
497 1248 1573 1378 gelagt, so ihme aber entrunnen, die habe
508 1323 1545 1480 er im sum ghan danit ze schlachen, das er
503 1411 1549 1568 ihra aber etwas am labh dardurch habe
498 1505 1539 1678 begert ze thun, das syge ihm nemahl in
478 1613 843 1765 him kommen.
444 1763 1539 1918 Deinnach daro syge auch nit winder, den de
478 1860 1555 2001 er zwüschen ober und nidermangen, gewüen
917 1936 1146 2000 aben machte.
465 1956 1552 2079 stüren getreüt ihre heßer anzesteben und
475 2039 1547 2171 das in zeringem nut, wylen sy ihne so vell
473 2110 1529 2290 geschlagen und tractirt, das er aber geseinet
482 2219 1507 2383 gsen syge, solich es zus werk ze setzen, das
500 2299 1495 2484 ge nit und hab es auch nit darumb
485 2434 740 2579 gesagt.
481 2537 1526 2704 dwagl er y an die nachermahlige dannd
452 2625 1515 2801 Baren uß dem Elseß gethane entscheldigung
472 2718 1528 2893 der ußgelaßnen ereneorten, den paren die hesen
446 2815 1492 2968 zeverbrannen nit konden wollen, ist selbige
453 2874 1527 3070 gestangen tags, abermahl uß u sg befelch mit
448 2950 1518 3150 der Marter Terners exammrit und deßerste
456 3067 1502 3257 mahl mit dem kleinen, deß anderen mit hwes
447 3150 1494 3348 und deß driten mahl und vierth mit zweyen
434 3238 1490 3457 großen seinen uffzegen worden. hatt er deß
441 3323 1502 3518 arders mit bekunnen wollen dan wie sintor-
432 3375 1513 3636 doch das er Ja dem parrn In Zerniger sut
1359 3474 1477 3563 und
452 3529 1500 3751 zu bysyr meines hochshred h Berbachs ve
439 3611 1426 3820 kleinen h samael schoe alt vom großen
437 3626 1501 3895 s san erl lerber großreiböls und erlihl
451 3873 603 3980 illen
2048 68 2364 194 1642.
1708 161 2802 428 aß sy ihm so übel nactit gesagt haben.
1708 279 2848 515 Rachte, wan sy ihn also tractiren vnd schachen
1704 379 2808 601 so ware kein wunder wbg hr ihne mit
1698 439 2823 676 mein Maßer erstechen, aders habe er zu
1684 624 2203 774 keinen wag nit than.
1688 706 2770 939 iser ist in daß schalenwerck geschendet
1686 827 2784 1000 und herrsach under hauptman zu vfinden, mit
1684 923 2802 1070 ubrigem unnätem gefindlin, nacher
1677 998 2752 1197 sellig und uß dere landt geschekt worden.
1817 1210 2760 1390 Berena Brauner von Lauis¬
1933 1359 2634 1503 wegl uß dem solotherner
2116 1436 2340 1575 gepiet.
1654 1544 2764 1692 Disere wylen sy hievor zum anderen magl
1665 1654 2788 1794 gefueger gshie und letstlich mit dem kydt
1673 1740 2834 1897 ven statt und land verwisen worden. Sist aber
1668 1828 2738 1989 mahls guzogen und exammirt worden, wyl
1639 1925 2797 2116 sy aber anders mit dan hievor bekennet
1663 2008 2794 2191 wilen, Ist sy mit rutten ußgeschmeidt, ge
1645 2098 2701 2250 escheichnet und abermahl mit dem eydt
1659 2213 2669 2381 vorstatt vnd Landverwisen worden
1649 2266 2228 2458 den 26. apr 1643.
2881 -15 2981 98 83
