3024 4032
197 188 310 286 50
752 215 1069 366 1642.
510 390 1445 630 Hanß Milimander Mogß
735 516 1261 650 m�nster by Tann.
416 596 1474 820 Wyl dißer vr des gemelten schumachert
415 736 1458 895 laß nebent Letwas gestohlenen Jags er¬
430 835 1449 958 üticht alhero geschikt und uff
459 894 594 978 ud
427 913 1475 1060 3 tan Iro bysyn vorehrer gedachts h Müller
418 998 1451 1147 deß Kleinen, jr Franz vor Bonstetten
418 1091 1454 1221 und h Samsel Nötigers deß großen
418 1170 1493 1325 hatts h Samaul Lerber Großwreiber
415 1272 1465 1426 exammirt und zweymahl lar, ein ist
425 1367 1467 1484 mit der kleinen und eetlich mit hwegen
418 1452 1483 1582 großers seinen uffgezogen worden, hatt er
413 1536 1468 1690 doch anders mit bekennen wöllen, Alß
417 1664 1474 1831 aß er mit hilff nachgemelten Balthasar
404 1781 1482 1935 Murgenthalers und Einsem, so sich kelte
404 1867 1501 2033 Hanßli Meire, bendicht wölli zu Trünsti
439 1942 1492 2107 habe einen spycher mit eineter sparren uff
447 2033 1474 2209 brechen und daruß 2 bacher flesch und
442 2131 1444 2290 drey käsen entfrobten chelffen.
440 2235 1476 2374 zu Biglen uß einem keller by der nidere
432 2303 1489 2458 Mule der mit einem malttschloß (so sy
439 2398 1493 2542 mit einem knebell uffgeschlagen besche
437 2471 1463 2641 war mit hilff eines kleinen buben und
458 2531 1482 2714 eines meitlins ein kübell voll ancker
441 2642 1486 2847 genomen vnd Hanß Ellerberg dem Schu¬
451 2699 1505 2913 macher zugetragen, Der es ihnen abhatt
400 2795 1491 3031 weyln sy aber alsbald daruff ergriffen
444 2924 1300 3111 worden, noch nit bezahlt hatte.
428 3010 1512 3225 So Niderhunigen hab er zu Einem bare
441 3106 1476 3335 huß uß einem schafft ein stack fleischge
457 3320 663 3389 nomen.
398 3193 1513 3557 zu gen een egen
248 3357 1486 3606 fellen mit einem knebell ufgeschlagen, in der
419 3416 1498 3687 keller gangen und mit zuthun eines kleinen
429 3481 1519 3765 buken 2 leiben brott entragen und die s
1310 3677 1460 3823 2
432 3659 1191 3894 erdarnn syg geenden.
1873 174 2209 329 1643
1539 212 2726 634 gegee
1595 314 2634 640 gen en e
1572 348 2712 733 e eeen
1609 559 2297 811 gn
1620 640 2656 1001 e e e
1602 785 2638 1103 g en e
1594 873 2645 1214 en e en
1615 983 2675 1253 ar s hen desages
1615 1190 2019 1385 geihen word
1749 1752 2620 1914 Daethasar Murgenthaler
1825 1859 2658 2008 Von Cangname sonst Lang¬
1908 1942 2592 2083 Hnger Bolz genant.
1569 2092 2768 2299 Nachdem dißer gegeneüntige  Balthasar
1612 2239 2686 2388 Mergenthaler von Langnauw verschwere
1604 2336 2807 2492 kediger wienachtsthag zu Eeggisten nebent
1624 2444 2758 2601 anderg synes glycher bösem gesindli und
1636 2532 2722 2679 etwas verscholenen zugs  Barbli Eyg
1632 2619 2803 2797 huß um sein erkündiget, daruff geferklich
1628 2733 2812 2920 angenommen und ir vrsg baiden gwarsamlich
1611 2807 2744 3013 ubersent worden. It er volgents uß dero
1624 2900 2801 3110 betelch zu Bysge anhoren und gegendn
1621 2985 2773 3215 tigkeit der Edlen ehrenveßten mohlgeachten,
1571 3081 2701 3314 fromer forsichtigen und wysen herren
1623 3177 2720 3395 Berg deind müller deß kleinen jr frauz
1611 3258 2784 3492 von Bonstetten und hrr sameel Kötligers deß
1594 3358 2804 3593 großen shatts s Sammnel Lerber Großber
1622 3441 2779 3687 belt unß etlicher er sy dieneren der weiblich
2548 3620 2680 3734 An
2716 29 2832 121 51.
