3024 4032
244 1830 280 1919 1
255 78 374 173 36
828 160 1106 295 1641.
363 191 1502 489 Daß er dem nachrichter solle bevohlen werden.
400 309 1521 580 der ihne ober uß uff die gewohnte richt
387 373 1505 629 statt ghüren und ihne daselbst mit dem
367 480 1503 712 rangen vom läben zum rodt nach keyser
376 601 1259 779 lichem Rechten hierichten sollen
357 721 1509 981 finem der Michell Heißen habe er 1
382 848 859 990 latfroelet.
375 950 1500 1194 Denne Galli Müller hnein gesoanen
392 1052 568 1161 33 f
330 1144 1500 1352 So dan dem zu Buegdorff hingerichtet
364 1252 1361 1425 shverdagen 1 f und 6 kähen.
346 1339 1503 1544 So dan hab ein gewäßer Mallerknach
353 1463 1506 1611 selblig genant ihme zu underschiden
345 1557 1503 1679 licher mahlen Muligut, zugebracht, so er
340 1659 1494 1783 Inem meistegestohlen und er ihm ab
360 1742 750 1850 genomen.
305 1812 1446 2010 Disere Urtheil ist den 4. decembris 162i a
391 1961 1041 2099 ihme erstattet worden.
377 2178 1359 2316 Taria Gegeherter
652 2281 1194 2427 ußem Eggwege
267 2367 1444 2545 Wyln disere den vierten karerfhäler
309 2474 1495 2634 beganget und bekent, ist sy dser 8 da
308 2571 1465 2714 1641 mittrichten ustgeschesezt und mit
294 2643 1462 2809 dem kydt vor ersy statt und landt
301 2766 877 2927 verleusen worden.
1500 377 1576 478 .
2047 155 2317 288 16l
1763 271 2538 517 asne
1579 415 2662 770 sndes
1579 506 2737 838 Buvagl gefrefflich yngezegen wecher wach
1596 601 2693 942 e
1600 676 2651 1002 e he
1579 742 2679 1110 nd es ales
1592 855 2718 1171 geferlliche verhaffung gebracht und durch
1574 939 2687 1261 de eresen etc. Hr Binwit Stader den
1576 1058 2716 1317 kleinen h Hanß Rudelff Müller deß Großen
1585 1143 2745 1432 schetts hr sannpl leiber Großweibell zu
1579 1244 2792 1518 bischeetliche zrg dieneen der weiblen, ernstwor
1585 1378 2727 1612 tg und mit betronng der vater exa
1591 1440 2845 1656 mmat und befragt worden und 2 mahl lahr uffzagen.
1579 1578 2183 1749 Den 22. desibrs jahrs
1568 1611 2753 1841 Hatten doch vber versohnde sn A. 19 dar
1593 1704 2803 1900 er ebwarn in uond sy gefangenschafft gelegen.
1572 1837 2281 1991 dd hernacher deruß veprochten.
1580 1932 2735 2123 Hatter war bekent, daß er vor etwas nicht
1591 2059 2687 2174 alß zweyer jahren albereit alhier i zrs
1602 2136 2755 2272 banden getegen, vnd darahls etliche dieb¬
1597 2210 2749 2360 schäl, so er mit halff eines gnes gespanen ver¬
1587 2287 2710 2434 richtet angeben und zerjaen, Darüber aber
1587 2369 2742 2518 uß dem alten kettitarn durch daß gatter uß
1603 2452 2727 2624 gebrechen, vnd an dem holz damit der Thurn
1548 2542 2765 2705 understützet war, sich zinabgelaßen und fort
1607 2623 2783 2817 gemachet und zwer also bald sich zus eethal
1591 2709 2786 2899 begeben, da er dan bäsen gemacht, dieselbigen
1550 2814 2704 2968 hin vnd wider, auch alhie In die Statt Veter¬
1587 2876 2708 3077 kaaffen getragen, damit er sich sampt syner
1565 2949 2742 3174 Dienen Verena Steiner, die er deb Hufswyß
1583 3080 2718 3300 mit sich gefahrt, erhalten und noch etwas daby
1567 3138 2674 3342 erobetes mögen, das er angefangen zu Than
1568 3215 2672 3439 becken und kosen zekauffen, die er dan
1532 3322 2773 3534 rech Solchern getragen, daselbst verkaufft und
1558 3365 2785 3622 hinwiderumb aldort, alt ysen zin und anders
1551 3477 2764 3716 beehandlet und nach thun getragen, damit dan
1560 3574 2757 3819 er also syn muß und brott gewinnen mögen
2463 3781 2624 3907 Nach
2756 -16 2861 101 37
