3024 4032
356 -9 461 74 122.
905 80 1201 230 1648
506 114 1559 425 ad egesen beuen ihen
501 219 1565 490 Ihene dest e, A
529 320 1581 594 . Barikart Fischer beid vernere, h wl
513 395 1594 661 Lambach Hs Vincens Starter und H Land sell
518 481 1582 709 alß deß kleinen schats, sy in ihrem ab und
511 557 1593 802 anligen anzehoren vnd zuvernemen, Age¬
523 636 1607 918 ordnet und bekelchnet, die dan so volg deh
510 729 1577 935 klag und antwort, kindtschafft und ubeige
495 834 1593 1061 gegelegte Schrifften, der lenge vnd sesturtt
502 914 1585 1129 nach verhört und ordaret, alleß in geschegen
496 989 1576 1200 derpfast und hochgewoelt nuen  h und oe
518 1091 1554 1277 getrüwlich relatirt, zemaßen daß selbige
484 1178 1588 1351 nach zugenomenen bericht vnd dem verlat
509 1277 1569 1428 der ganzen sach befunden, daß Ermelter Kolh
486 1351 1576 1515 Ir meistentheils pendter ganz unbillich un
465 1460 1593 1612 ungerechter wyß gehandlet und deßwegen
456 1545 1568 1691 Ein eherende lantschafft nit ohn genugsen
491 1646 1563 1791 erhebliche ursach beschwert und klagbergen
491 1723 1560 1892 wesen; Also daß hieruff hochgedacht Ir de
499 1823 1550 1964 ihne In gefenckliche verhafftung genemen,
472 1918 1544 2041 und der sach mit mehreren ernst nachze
475 1984 1562 2132 forschei nochtwendig und erforderlich zehan
494 2068 1564 2192 erachtet hetten; denselbig befelch den auch
473 2148 1554 2295 ehrenveßter wohlgeachten fromer, fusiht
453 2227 1556 2383 und wysen kern h Niclaaß Kachberger h
482 2318 1533 2466 cob Grüser h Abraham von Werdt und ker
485 2405 1539 2543 Samnel Fronderrych vom kleinen, H Jacob
486 2482 1559 2633 Gerber h Hanß Gorg iin Hoff h Borel
478 2564 1551 2742 Huser und s mclanß Gatschet vom großen
481 2657 1576 2817 Rhatt bekolchen vnd vffgetragetn, die dade
472 2728 1559 2913 gantze geschefft resuinirt, die bewisen, bekanh
413 2818 1535 3000 vnd Heungsam erzeigten articul an ein ehet
481 2899 1518 3113 gefetzt, die Zmpfelhafften vnd dunfelen aber
467 2954 1559 3188 auch verzeichnet, vnd ihne zu Mehr vnd vnder
482 3032 1549 3308 schidenlicher wahlen derselben ereßtwärtig und
457 3141 1529 3356 entlich auch uß hoch und mohl eemelt er de
462 3231 1540 3470 bekelch mit bewendung gmelicher martt
460 3297 1554 3597 examunit und befragt, da dan nach boll
433 3388 1537 3679 Zuchung deß alleßen, er nachvolgender hoch
2032 165 2342 294 1642
1713 150 2868 463 und schwären Mißhandlungen, ungerechtigkeiten.
1609 283 1768 416 tember.
1723 250 2858 517 rechtbiegungen ud anderer des schristlichen
1718 342 2822 576 liebe und den rechten zu wider strytenden ge¬
1733 388 2864 681 schredigkeiten, theilß selbster bekantlich und
1729 454 2922 739 sprachene gestendig theils aber mit kuntschaff
1710 552 2847 785 vnd synen Eignen von sich gegebner Schriffte
1734 659 2537 851 anumat und uberwissen worden.
1669 718 2905 1006 Also Eestlich deßer under dem praetept und
1712 859 2824 1085 schnn deß rechten underschidenne personen,
1726 914 2852 1115 mit trouwen und schreiken oder gegebnen vertro
1722 1010 2879 1213 stungen oder saber mit geschwindigkeiten uen
1717 1079 2855 1272 peblilitet deo rechten entwnders der linken
1716 1165 2817 1335 abeylt oder den anderen mit vilfaltigen
1710 1246 2851 1409 uffschëken und langwiriger Rechtsebung Maß
1720 1316 2783 1477 ledig gemacht und dahiio gebracht, daß sy
1708 1411 2794 1554 ihme narhaffte sumen gelts und ungerrohnste
1708 1485 2791 1625 hochs bußen entrichten müeßen, dardurch er
1712 1558 2826 1711 vilfaltige (bumina Concustionum et Extor¬
1709 1639 2800 1755 nonum verebt, wie soliches nach volgender
1719 1720 2848 1853 exempel mit sich gebracht und an thag geben
1708 1825 1834 1915 halen
1687 1862 2864 2046 alß deß ersten, da Christen Erntschi durch
1692 1993 2843 2120 einen yner wachbaren, ein geschrifftlin, darin
1698 2068 2824 2213 zu vagter ihme 12 u scheldig znsyn sich erkent
1716 2146 2827 2293 chëyben und uß synes vatters geheiß uffrichten
1690 2221 2823 2358 loßen, auch darimb hernach licht eines ver¬
1703 2321 2858 2465 tregbrieffs, alß vmb ein Rechtmeßige billiche
1674 2388 2844 2534 schaldt befridiget und zahlt worden, habe er kalden
1701 2478 2845 2621 ihne alß ob er faltsch scheyben laßen und synen
1696 2551 2859 2731 Mittheben ein gewüße sum gelts hiderschlag
1695 2630 2831 2795 hette, angeklagt und ihre deßwegen sechs
1664 2714 2802 2869 Zechen Spanrisch dublanen abgenomen, so er
1658 2804 2767 2933 deß Rhaten synes vogts von frid und schue
1669 2875 2793 3030 und nit deßweg, daß er zu dem fünten oder
1671 2946 2794 3150 anderen stuck verfählt hatte, ihme erlegt und
1677 3034 1866 3156 bezahlt.
1674 3151 2758 3337 Demnach wyl Seckelmnister Rychenbach ein
1668 3272 2786 3442 der zweymahl alß der wyteß gesaßen, daß
1665 3346 2851 3516 gricht verabsent und nit besucht, habe bemelter
2513 3493 2791 3594 Baldi ihr
2905 65 3001 140 123
