3024 4032
1007 -93 1304 112 1642.
578 20 1667 328 nüt ihra zwar verbracht, allein seynn so s
612 105 1687 405 so wark gewehrt, ihr gmygfraurschafft sich
594 171 1688 479 mögen, wie nit weniges deß ersten mahn
583 273 1675 551 e behete d en eh
604 387 1671 628 alß sy zu ihres tartgles huß by der may
597 470 1673 714 ubernacht gelegen, yge er marx Bußri
599 566 1664 828 wie sy dermmit durch ungysung der m
561 669 1662 921 zu ihta zur gemach kommen, zu ihnen beien
548 770 1665 989 ins behrt geschlaffen und sy daselbst ohngeg
584 856 1658 1084 sy sich ernstig widersalt, ihrer jungfrufe
554 938 1129 1096 znkommen beraubet.
517 1031 1649 1291 Waß das seich so sy ihrem abgescheidueg kr
527 1170 1650 1352 gegeben habe, belange sye es Ja leiben,
528 1281 1650 1447 beschaffen, daß alß uff zinstag abe den 16 tn
523 1374 1634 1528 1641. sy beide ehelicht sich mit einandern tog
510 1431 1622 1621 üßet in daß sibenthal zu ihrene brüd
525 1537 1628 1709 und schwager ze gahen habe sy ihrem s
531 1646 1627 1783 angemichtet, das er ihren die meßer schihe
531 1707 1608 1865 und er zwar es alsbald nit tagn, weglen sy un
537 1822 1602 1963 er an kir ander ohrt gangen nachder sy aber
539 1903 1590 2052 heimkommen, ihre gesagt, sy solle ihne seh
531 1984 1610 2127 die meßer gebhn, so wöll er sy schyffen, dami
492 2081 1592 2220 sich ihre uß den ohren komme. Alß aber das
523 2180 1586 2312 Meßer schwei mez gsin und er ihra auch
519 2248 1594 2409 shrer muz geschloffen, habe sy gesagt, es
506 2349 1586 2489 ihro die meßer fyr seit machen, dan sy eine
480 2439 1586 2575 lybline falden. Über diß hab nit sy sich
502 2525 1584 2683 berahtschlaget, ob sy morderist er de scben
488 2607 1572 2779 gahn wolten oder nit, und achdeme sy deß ki
498 2702 1584 2833 worden. sye ihr mag mornderist früeg ve
467 2761 1582 2953 uffgestanden, alß es ihn aber zu Frrey durtt
449 2881 1566 3010 wider nidergangen, über ein wyl abera
466 2949 1552 3110 uffgestanden und beide mit einanderen zwag
452 3031 1547 3216 alß ihr man aber gegen daß gestad wollen
465 3076 1544 3305 sy gesagt, sy wöllen obendurch, es ware kürt
437 3163 1560 3360 da hab er ihra gevolget und mit ihro, o
443 3236 1551 3485 scher den weeg, daselbst nit wüste gegangen, so
456 3358 1527 3575 sy nun in die straß konen, habe sy nider
1462 3464 1552 3591 a
448 3414 1542 3645 mit der straß nach, sondern oben gseg wolt
2852 0 2930 79 68
2129 40 2459 160 1642
1719 38 2967 365 sun die wegn beßer syn, Der habe ihre abermahl
1722 132 2867 460 gefolget und sy Jachhin komnen und gesagt
1705 224 2929 537 vshörchte ihra sy ghorin etwas und wöhle vor
1728 308 2878 585 sonen, syge hiemit für ihn gangen und aber
1728 363 2902 698 bruben wollen, das sy schier ein stundt das vmb
1719 466 2917 784 wendern gsin und er kutlich geklagt es feure
1710 577 2900 854 gnscy wöllen ghan, Sy aber syn vor ihm gsin, hab
1704 710 2893 950 ihne etwas gezeigt, geschaft und vor ihm ge¬
1705 776 2909 1029 gihet und abermehl gesagt, las uns gahlen.
1708 872 2849 1093 alsy geentwortet, sy habe sith besent, sy wollen
1697 952 2904 1141 t zu dem gwand gahn und er daruff veren
1690 1038 2881 1249 wlet, so sy sich anderst wölle anlegen, so wolle er
1701 1136 2875 1343 nit ihre ad sy solle mit ihm, aber wag sy ihm
1694 1208 2851 1435 bshieye und nit mit ihm wölle, so wölle er
1693 1322 2889 1489 einandermahl weder zu hochzyb doch dant mehr
1691 1415 2884 1592 lasen und daraff gesagt, er solte ihro mit dem
2670 1493 2826 1565 grih
1691 1500 2851 1668 dagengefeß gan, hiemit uff den dagen
1677 1595 2840 1718 vnd der, wylz das des behenk darumb gewind
1683 1690 2876 1815 war nit eines fingers breit usziehen können.
1644 1761 2830 1906 darüber sy ihme der Mon geheicht vnd Jederzet
1660 1857 2847 1992 uff die angen gesachen, herwacher aber alß ihr
1664 1939 2816 2071 mag uber ein fragt gewöllen und sy für ihro
1655 2008 2849 2146 gangen, habe sy ihme die rock ergriffet und
1651 2117 2826 2251 gefagt, waß das für duch sye, er geantwortet
1659 2194 2844 2360 halbthuch, sy daruff gesagt, wie vil schnür draff
1649 2281 2810 2433 yen und ser ihro zu bescheid geben, swolff stab
1640 2351 2849 2522 hab sy geantwortet, es sye wohl mehr und dambr
1638 2427 2893 2626 ihre gefragt. Ob er sy sag nit mehr wolle z hengert
1628 2507 2798 2677 lasen. Er dem habe sy ihn gestreichlet uff einer
1623 2601 2804 2792 achsem und mit der einen handt uff die augen ge
1608 2657 2905 2883 stütschlet, mit der anderen hand aber den sich zu big
1617 2753 2801 2973 gegebhn und sich syner durch diß Mittel ledig
1603 2837 2788 3036 smachen verhoffet sich hiemit ubgewedt und
1598 2904 2804 3174 wider heimwerts geloffen, darabe sye sy nun
1589 3023 2766 3245 gegezegen worden und arkolget, daß sy hievor
1593 3112 2837 3403 bekent und brytihag, by dem sy es käße beweden.
1589 3158 2765 3462 hete zwar Jsaan Baldi sy jederzyt uffgewisen
1582 3254 2816 3562 hle ihrom mag kein gecht thun, Rnd nach mitli
1580 3353 2780 3612 Rachten, das sy von ihm komen, Erh
2439 3601 2795 3716 dag di
