3024 4032
609 221 798 327 1641
138 266 1306 494 Rndts Auent zu Schahuß u elicher
172 416 1341 539 weiblen pytlich eancnit worden, und hatt
174 492 1323 643 an der marter verjehen, bekent und erhelth.
149 585 1343 779 Wie er, nachdem er etwas mehr alß ein Jahr¬
178 703 1309 836 lang in diser land umbhergezogen, vor
177 778 1342 929 14. thagen sich zu ihren zoeyen, deren der keit
195 869 1352 1016 Draß sonst schili (wyl er schilet) der ander
208 955 1370 1081 aber Börgell sonst siczs (wyl er syis und dir
214 1029 1363 1183 syn solle sich nahebsent vß einem Spicher In
217 1125 1350 1261 sgborg gepiet. 16 brott, so sy theilß gaßen
228 1209 1396 1350 theilß den bettleri eins p 12 h verkaafft und
330 1290 1391 1429 da M�hls daru� sy ein fronen erlöß, ge
255 1395 421 1490 stohlen.
223 1428 1372 1629 uß eineim anderen spycher zur oberland müt
247 1541 1373 1712 halff gner Gehrenen 3 ß igpeg und 3 wöck
255 1621 1368 1766 entfroubdet, ein roct umb 2 l den anderen
244 1692 1349 1853 vmb 14 den 3. vmb 20 h. verkaufft, vß, dere
241 1775 1351 1940 ippen 3 l erlest und daß gelt getheilt.
234 1878 1379 2048 Is hermr Keler obenthalb than jhäß hin
263 1959 1427 2103 kübell voll unken und 2 aeckenballen entzelt,
268 2049 1434 2215 den käß genoßen, daß kübli voll ancken einem
283 2123 1386 2261 Lamener vmb 2 F. verkaufft vnd vß Jeder
279 2209 971 2345 Ankeeballen 13 h erlöst.
263 2269 1384 2450 mitt obgemelter hieff uß einem underen
289 2374 1381 2525 Keller 3 leiben brott und etwas milchs, so
276 2434 1317 2631 sy mit einanderen verbrucht entfroubdet.
269 2513 1393 2730 Ime Rschangnauw ein Hulachen enzauft und
281 2611 1397 2814 daruß iyrr anhabende hosen mechen laßen.
248 2723 1405 2935 zu Lenn by Ruegsame leß ein ern spyschen sechs
274 2783 1431 3018 par sihn y dyten späcklend einen rock fetragen
282 2861 1402 3092 darvon ihre apar schu, syter srick,
274 2965 1426 3176 vnd der rock worden, so snen hinder Ihme fende
290 3051 1362 3289 zutheil worden. daruß ein buchscheide vr
295 3201 851 3366 auber machet laßen.
244 3188 1427 3463 Drdannan habnit sy sich nacher huttwyl begeben,
264 3296 1441 3541 herhabens ust forcht vernommener landtjegen
272 3364 1469 3599 dem Leteriner gebiett zufeylen, da underwegen
259 3451 1455 3722 ihnen eim landtman, alß sy an der straß gelegen
282 3511 1439 3820 begegnet, da syne beide gespanen uffgestanden
272 3582 1460 3848 und er sigen ihnen nachgangete, habe der landtwesen
1219 3776 1397 3874 andern
254 3673 1429 3981 strachs vob sy zugeschlagen. ihne errütscht die
1395 385 1496 485 er.
2001 164 2221 309 1641
1484 117 2635 501 ne
1504 207 2640 585 gen
1520 265 2648 639 e
1518 309 2672 692 ee eele
1512 407 2669 782 eel
1530 507 2673 834 den zr besorget, er sy zefehee uesgesent worden
1547 823 1642 917 se.
1503 710 2627 1031 Daß aber m hh und d an sin zweyfelhafft
1549 818 2685 1078 und verdächtige entwort nit kommen mögen.
1559 892 2722 1150 sondern gutbefinde, das der landtmran ihme under
1565 960 2700 1223 aegen gestelt und sy gegen einandern wefern
1558 1030 2710 1317 wöt werden sollint, sist soliches volgenden mor
1573 1138 2726 1402 thags hernach der 11. octobr 1641 durch vor
1576 1223 2715 1451 und wohlgemelte h candame vor Kleinen
1577 1331 2757 1562 H Peter Bucher vom Großen h arcromunum
1575 1393 2706 1614 von Graffenriedt iu bysiy etlicher weibhen
1591 1462 2765 1712 beschechen. Da aber der Landtwan anders mut
1570 1569 2718 1788 Iht ihne klagen konnen, den maß er hievor be¬
1593 1626 2799 1851 kent hatte hatt auch andere dan hievorgemelte
1600 1727 2690 1917 diebsthäl nit bekennen wollen und hiemit
1619 1812 2746 1996 nüt wyters begangen zehaben mit der Marter
1629 1940 2097 2072 abermahls erhalten.
1587 2004 2759 2201 Ist deßweger uff 1 0to 1642 mit ruten
1607 2082 2755 2244 usgeschmeizt mit dem geren gezeichnet und
1573 2167 2742 2356 Eydtlich von zey Statt und Landt verwisen
1632 2316 1837 2428 worden.
1763 2444 2563 2608 Leßbehtt Ganid Von
2014 2586 2275 2705 Luern.
1585 2657 2839 2849 So sich In Einer Nacht mit vier Camparte¬
1659 2792 2783 2937 ren und sonst hievor mit vilen fleischlich
1643 2865 2784 3028 vertrabt. ist den 13. octobris 1641
1666 2981 2818 3129 mirt suten ußgeschmeiczt und mit dere
1659 3071 2767 3226 Eydt von Er g Statt vnd Landt gewisen
1685 3143 1915 3287 worden.
1906 3268 2607 3442 Labttein Kolmer Vor
2037 3402 2354 3522 Ottisweyl
1654 3455 2878 3635 Hachder disere verschnen donstags den 21. octebr
1689 3537 2842 3706 1641 zun schifflichten alhie ob einem diebstahl er
1694 3623 2809 3794 griffen und gefercklich yegezogen worden, ist
2663 409 2701 487 1
