3024 4032
346 114 461 206 282
849 201 1148 336 1644
503 240 1574 508 yr vatter und muter gestorben und die
505 361 1601 597 Soldaten alleß verderbt von großen hungers
509 468 1590 711 wegen, ein leib brott vß einem offen
500 524 1589 776 Vnd lestlich, by Mueten alhie auch zwey
515 638 1426 824 brott uß einem offen genommen
512 736 1579 920 Anders und wyters hatt er nit bekennen
513 815 1577 1000 wöllen, ist einmahl lahr und einmahl
522 886 1404 1075 mit einem stein ufzogen worden.
499 1133 1595 1313 Dalome Muller dan hatt auch keiner
502 1257 1580 1395 diebstahlen noch vnthatten nit wollen
504 1338 1660 1515 bekantlich syn, ußert, das sy sich iro ergene
531 1421 1607 1572 mit einem knecht, so sheter heiße, zum
531 1519 1699 1692 anderen mahl ge unküschen werken vergeßen
522 1603 1651 1750 sonsten habe sy sich ehelich und wohl gehalten
530 1700 1655 1836 und ins Solotharner gepret by anderhalb
514 1777 1667 1912 jahren gedienet, siderhar aber hin und wider
525 1856 1681 2009 zu Neyen gesucht, wyl sy aber nit abeit
541 1953 1670 2093 gefunden, habe sy sich nach hermat begeben
556 2035 1631 2196 wollen, vnd aber vf ihrem heimweg
549 2130 1600 2267 ohne einiche Vrsach gefang genomen
553 2202 1315 2361 und alhero gebracht worden.
760 2276 1586 2467 Ist einmahl lahr ufzogen worden.
528 2406 1660 2547 i er habe ihra aber die ehe versprochen und ene
592 2495 1216 2611 Eieben daruf hin geben
482 2600 1647 2795 Unsula Bilgerin den zeigt ar sey by
518 2689 1660 2888 zweyen Jahren alhier Ire Landt gsin vnd
542 2772 1673 2951 mit dienen zu langenthal und anderstwo
538 2871 1653 3066 sich erlich erhalten, seye jez von frybung
532 2972 1659 3160 kommen und habe ir ihr heimatt wollen,
543 3064 1672 3259 das ege sy vnderwegens by Gumenen
552 3155 1684 3369 ohne das y jemand Kürch leid gethan ge
562 3213 1708 3454 enklich ergriffen und alhero geführt worden.
558 3324 1668 3566 habe aber ganz mit beses begang noch
798 3492 1592 3722 Ist eiahl lär ufzeg worden.
547 3532 813 3655 verëbt.
502 3549 1668 3836 Den 5. martii 1614 sind dißeren 3 lßerschnen
536 3669 1653 3896 mit einer staruken cenrur ledig gelaßen und
512 3802 1262 4012 In Ihr hennat gewisen worden
2134 276 2455 395 1644.
1899 372 2677 569 Ligei Burger von
2200 497 2484 596 Seedorff
1735 592 2875 754 Ayle dißer dem kran vogt von Hrenisberg
1762 689 2836 845 nachts in Keller gebrochen und by 40 f
1776 760 2836 893 o die Kellermagk uß verkaufftem wye
1755 836 2896 1000 kloß und im Keller abernacht vergeßen,
1761 918 2857 1054 entfrömbdet und ußgespacht worden, ist
1767 996 2851 1143 er alhero gefentlich gebracht und uß
1745 1080 2866 1254 I de. bekelch, durch iignen hochEhrenden
1761 1154 2872 1313 herr kilchberger vom kleinen slat in bösge
1767 1263 2839 1405 8 Großweibel Sumers den Martii
1778 1340 2896 1504 ernstwortig und mit betroüwung der
1785 1439 2914 1557 marter exaninert worden. Der dan ein
1772 1551 2888 1670 faltig den begangenen diebsthal be¬
1776 1605 2914 1776 verd, zu welichem ihme ein Reser so
1775 1698 2900 1871 Heinrich heist und hernach beschriben wirt,
1778 1818 2176 1954 geholtfen habe
1755 1936 2955 2073 Wyln er aber anders und wylees nit be
1786 2025 2947 2160 kennen wollen, ist er in daß Schaller
1794 2098 2410 2252 geck gescheidet worden.
1891 2242 2806 2415 beschrybung deß bemectes
2106 2363 2399 2503 Beselers.
1785 2449 2895 2616 si ein karze dieke persohn, mit einem
1785 2570 2966 2711 beunen langer har, so ihme vber den kragen
1785 2636 2988 2807 gange, vndennachen Frust, vnd fast gahl,
1783 2729 2949 2892 ob der Stirnen und oben uf dem kopf etwas
1778 2814 2982 3019 beschoren, sampt einem breiten brunnen, langen
1778 2913 3018 3069 bart an dem lingken baken ein wartzen, mit
1777 3017 3031 3211 gans wyßen har und wan er daß schon etwas
1783 3089 2990 3280 obhander, wachse es bald vnther bekleydet
1778 3157 3024 3385 mit einem blauwen warnst und karzen fäcklen
1794 3249 2983 3461 schrers gemischeten hosen, die der der Mitte
1781 3326 3023 3578 zusemengesetzt heu, grnenen trumpken wie den
1796 3422 3008 3656 berlender einem schwarzen hochen shut, so er
1793 3502 3034 3775 mit einem knopf ufflite, trybe daß Reßler.
1795 3595 2998 3848 hendtwerk ins mehr, sonder Zieche gewonlich mit
2803 3853 2973 3925 einer
2911 271 3034 338 223.
