3024 4032
233 46 343 120 128.
286 2127 397 2223 12
837 83 1072 220 1648
399 206 1522 473 ich noch unsechen der Persohnen verhalten, da
402 305 1505 536 lnte zu vil, dem andern zu sienig potte und
394 399 1507 565 verpotte erlaupt, sich zuvor und bywyl hyner
394 456 1511 662 Caßtlaney viler Wolfendlei und Byßendeeyen
393 550 1494 732 angenomen, den Jenigen Mehrentheilß bygestand
376 598 1537 799 so ihme am meisten versprahen, sy hab nit glsch
398 665 1527 889 wohl billiche oder unzimeishe unser erwegen und
407 760 1528 934 sachete ghan, daruß dan ervolget, daß er synem
406 845 1523 1033 sampt nit dergestalten, wie aber syn schediket
406 929 1535 1114 erforderet hette, abworten könnnen zumaßen
400 1008 1530 1198 daß etliche mahl die ordinarii gricht versumt
411 1093 1514 1248 und die Rechtsmangleidn nit ohne großen
382 1163 1526 1352 koßen, mit gogricht zufehren gezerungen wrden,
403 1239 1538 1388 und er jemitleßt durch derglychen byßendergeg
406 1327 1540 1476 allerhand vortheilige geschrindigkeiten, dabi
425 1406 1524 1552 liteten und ine rechten, præeuaricationes und
411 1494 1521 1633 derglychen ungebürliche mittell verebt dordor
418 1573 1517 1720 Maucher dne rechten übel verbürzt, i großen
424 1663 1541 1801 kosten gestürzt und etlich zum theil oder gag
432 1746 1510 1876 umb daß ihrig gebracht worden, wie soliches
426 1818 1516 1959 neben anderen, mit mehrerem dß nachvel
426 1909 1499 2053 gende exemples sich bescheinen thut.
464 2078 1507 2236 Alß daß vilfrnempter Baldi in einer
442 2155 1475 2299 Zwenschen Marx und Heini hußrirt, eines
437 2212 1536 2409 gewüßen erbguts wegen, sich erhepen sey
434 2317 1528 2497 tigkeit guglyf richter und kentschaffterger
440 2404 1538 2610 gewesen, nach syner gegebnen beßag aber
441 2486 1552 2678 habe er Marxer Sporteg, deme hr knnschefft
442 2587 1530 2787 gedienet, mit verlaßung deß rchterampts
445 2658 1551 2844 angenommen, vnd die sach so wyb gebracht, daß
431 2747 1550 3008 sy wider die segsczechen vor er den der lindt
488 2832 1555 3065 schafft sanen ertheilten articutu, ist ißge
470 2930 1558 3151 macht und ihme fiehundert frönen für sy
460 3060 1232 3259 Muey daton gegeben worden.
446 3125 1568 3396 Demnach also vff Absterben Galthaser Vott
454 3213 1562 3478 vor gaun, syn verlaßte wittb Anna Baldi
470 3276 1577 3595 sich nach Senen verfüegt, und daselbst ohre hyt
1430 3389 1559 3517 heben
1584 1627 1649 1718 14.
2125 107 2399 242 1642.
1627 85 2868 430 Kelen abgestorben, hatten uff solichen thal ihren
1561 249 1671 389 psent.
1665 216 2884 521 Nachselix feidt vor Jann von ihrem zugebrachten
1664 301 2867 594 gut auch zuerben vermeint und ihre erben recht
1621 400 2843 644 lich darumb angelanget, worüber er Haldi sich
1661 490 2835 741 iy der abgelybeten schwöster Latri Baldi also
1675 577 2819 807 gegeflicht, daß sy alß nechste hebin, damit er sy
1667 604 2856 887 gegen den taudern vertrette und schadloß halten
1662 727 2847 974 ihme vierhundert fronen versprochen, mit welichen
1671 799 2834 1010 nie is allen viebstend und Baldins eigneg be
1667 878 2834 1094 kentnuß abzenemmen, er den richter bestochen.
1676 977 2818 1134 und coerumpirt, In dem er Eoßlag Hußmirt
1686 1039 2827 1196 dem richter 100 r Mariz Kabli alß gricht
1691 1131 2827 1281 solen 100f und schryber zentsef 100 l davon
1699 1203 2833 1374 gegelh, er die üebrig behalten und vor ert
1695 1283 2835 1435 melter Jannern nachdeno sy verfelt worden
1700 1375 2363 1541 uoch 1200 f kosten bezogn.
1701 1565 2820 1705 Derners alß sich zwüschen Peter schritzgebel
1674 1649 2795 1790 und Christen zwalen am gestad, Annamen
1688 1723 2786 1847 ihrer Eherybern Eins: vnd Christen weeren
1692 1800 2833 1939 Jaamen innamen syner kondern anders theilß,
1657 1888 2839 2019 wegen ihrer schwöster und geschweyen so ver¬
1675 1954 2809 2076 laßenen erbschafft, strytigkeit zugetragte zu
1675 2023 2878 2165 dem die erstgemelten zwo frauwen alß der ab¬
1691 2116 2833 2242 gelybeten schwöstern, daß hel enzig zu ihren
1681 2196 2833 2336 hinder zueuden. Cheisten dßeren kinder aber
1688 2278 2831 2423 alß der abgestorbenen frauwen schwoster kinder
1696 2369 2831 2511 auch zihir gesthare vermeinten, shab Kaldi durch
1687 2464 2817 2599 ein dritte beruste Persohn, ungustig Scaff
1674 2528 2800 2687 syerschrecken vnd betrouwen laßen, daß wo
1689 2625 2847 2767 sy sich nit mit ihme kommen verglychen werd nit sy
1677 2704 2839 2870 umb ihr Erbgütli kommen, dan er sihnen hernach
1682 2794 2857 2928 also sy mit ihme tractiren und ubereinkomen wöllen,
1707 2879 2865 3037 selbst gesagt, er wolte dißeren handell gab uff
1695 2947 2858 3137 welicher syten erstunde, so gewöß gewinnen,
1695 3038 2891 3193 so gewüß alß er den bitzen brott, sho er domahl
1689 3114 2822 3293 henommen, eße, Also daß sy sich besorget, so sy
1698 3205 2811 3368 nit mit ihme sich setzten, möchten sy liechtlich ir
1679 3299 2849 3474 gefahr ihres erbgütlins kommen, inmaßen daß
2723 3428 2798 3553 s
2863 29 2973 122 129
