3024 4032
298 21 402 114 80
883 69 1187 223 1648
627 227 1521 471 Hans Balter von Guntenei
434 400 1574 632 Alßan dißer von schulden wegen, nun in
508 527 1568 744 gute zit in der gefangenschafft enthaiten
501 652 1559 817 und dißer thager von ihme erfahren worden,
497 735 1546 920 daß er die droben verhaffte gefangene
515 847 1560 1024 persohnen hab der barden ledig machen
507 943 1542 1102 und samptlich mit einanderen ußryßen
510 1024 1562 1187 wollen. benebent er auch ganz von
494 1118 1578 1264 dächtig, alß solte er den jenigen zu s
514 1209 1582 1367 menen vor dem mittehuß gefindenen at
511 1310 1575 1451 mai trebs läbhn gebracht haben, alß ist
509 1386 1561 1529 uß r sy bewelch selbiger den 19. apr dis
491 1464 1558 1609 durch die Edlen eh fr f. f. E und ayse
499 1566 1561 1708 h Niclanß Leibach den eltern deß kleinen
499 1655 1540 1785 h. Niclanß Combach den jungen deß großen
508 1731 1564 1887 Rhats, h. Sarouel Leeber Großogeisel
500 1825 1536 1980 In bysye elicher weibh mit undersohne
516 1892 1579 2046 Marter uber beid punth exammit un
513 2002 1562 2143 befragt worden. Der hatt ein bekent ge
508 2111 733 2209 volget.
406 2216 1568 2396 Ast sye Feidli Sprinig ein garben iß bessen
487 2333 1573 2504 zu ihme komen, und habe ihm gesagt
506 2426 1550 2564 er so lang in der gefangenschafft than wollen
494 2487 1570 2650 er solle sachen, das er dauß komme, es geshe
491 2588 1558 2730 doch einem mit der ner vor schelden reg
501 2680 1559 2870 ußryße, habe ihme hiemit eir schrötshe
514 2752 1563 2963 gegeben und er damit bßbrechen wëlen,
525 2825 1561 3018 aber die übrigen gefangenen soliches gerten
515 2936 1554 3115 worden, haben sy ihm getroewt, sy wollen es
506 3029 1551 3225 anzeigen, so er ihren nit auch hfeshelffe
493 3113 1548 3303 Daruff nun habe er anfregklich die fleth
505 3211 1555 3421 den kästen votgebrachen und den darin geben
489 3263 1564 3539 gefangenen hienß geholffen und sich also a
523 3341 1555 3596 amtlich mit einanderen verglechen, sy a
488 3458 1545 3748 sich der gefangenschafft ledig Machl
1587 840 1652 930 die
2054 70 2381 216 1648.
1676 86 2808 397 mit einanderen uß dem landt, hab nit hiemit
1670 171 2794 472 diß hr vorhaben ins werk sezen wellen und
1681 266 2811 543 albereit das gatter mit einem heil (so ihnen
1673 347 2789 605 die spitactarter gebh, deß fürgebens es sye
1673 401 2768 713 ihnen ein bättbuch durch de vätter gefallen
1676 539 2770 767 das wollen sy mit gehaben und die leiten drag
1676 609 2822 840 bid und einem baren das getter uffgebrocht
1684 700 2611 884 ser zerhauren und znerspuhen, geknagkt.
1688 717 2752 928 und aber darob verkuntschafftet worden
1678 802 2823 1022 aso das ihnen ihr verhabten mit geluegen, habent
1682 891 2793 1099 all einandern geharften, vnd einer so gut gsin
1692 1060 2046 1211 alß der ander.
1651 1128 2832 1302 Daß er aber der Maria Ziegrin etwas ver
1658 1216 2748 1424 sprrchen oder sich ihren mit verküschheit ange
1689 1327 2129 1508 geren den hgemit.
1717 1461 2751 1653 see Nerdthat halbe dan, deren er In
1659 1569 2741 1729 bösen verdacht, will er keines wegs
1687 1640 2833 1810 gestendig hyu, vnd werde sich auch ganz nit
1691 1777 2060 1902 lt ihne befiden.
1818 1946 2642 2097 Ist einmahl lar uffzogen worden.
1660 2037 2803 2187 Ist en 25. apr 1642 mit dem lydt von statt
1663 2123 2257 2251 und land verwisen worden.
1870 2317 2661 2474 inhart Brig hievogemelt.
1680 2382 2809 2549 uff 20 apr 1692. Ist er abermahl gefaltert
1690 2488 2756 2614 worden bekent der diebsthalt zu frybungpret
1677 2555 2700 2683 uß einem spycher rok lgelachen, Heili tc.
1664 2628 2762 2800 zu Nidene syg er von destwegen gefangen gsin, daß
1675 2707 2729 2856 er zu einem gesagt, so er sage, das er das thag
1658 2789 2812 2968 habe, so gewoß sig er soleb) ein mären angangen.
1669 2855 2203 2996 und ußforcht ußbrochen.
1633 2916 2849 3095 Die anderen buben haben ihm zwar mithin zug zubracht
1654 2997 2637 3156 so er ihnen gebeßert und anderist gemacht.
1734 3098 2801 3256 Ist daß ersten mahl lar, das arder mit zweyen
1800 3196 2772 3326 und das drit mahl mit deeyen steinen uff
1959 3263 2203 3359 zogen worden
1639 3267 2738 3446 Ist den 22. apr 1642 nüt rutten geschmeidt,
1662 3385 2730 3557 gezeichnet und von Statt und ladt Heisere
1671 3476 1843 3579 worden.
2846 1 2927 51 8
