3024 4032
165 980 265 1075 bo
179 102 282 226 10
759 169 1011 294 1641.
243 202 1446 468 Deßglychen habe es mit hilff obgedachter Maria
298 318 1482 546 vor ohngefahr dreyen wuchen in Hrr Hanß Rudoff
281 377 1445 633 Stürlerß hrn zu Belpphauß, ab einer stangen
295 454 1105 624 etlich strangen garn genommen.
289 595 1508 876 undt alß es befragt worden, wo har es daß stuli
277 708 1475 910 genomen, hat es gesagt, daß es theilß gar
297 765 1496 964 erkhaufft und das übrig syn schwester ihme
286 852 1490 1029 geben. Welches es alles einer waberin genandt
281 913 1500 1119 Blomen zu wäben geben habe, seyendt bey 90 Elle
281 979 879 1124 desn shr aber
278 1056 1457 1255 Petzunder sagt es, Eß habe, die Zwen Bacher von
297 1142 1175 1296 obgenandten Studenten erkhaufft.
251 1265 1467 1457 Ist also in synen verandtwortungen gantz wantell
297 1382 1456 1511 müttig gsin, undt hat die ihme noch anderen hinder
286 1454 1412 1593 Ihme gefundenen sachen vndt ihme vorgehaltnen
289 1526 1462 1668 sachen undt diebstal mir eintwderß uff obge-
258 1601 1442 1766 dachte Marian oder vff andere Persohnen, so nit
289 1673 1107 1784 alhier sonder fort sind gelegt:
273 1740 1503 1870 Ist den 6. nov mit einer fyltsglübt von der statt erisen w
297 1825 1296 1987 idans Ptersiens von
670 1934 1139 2064 Ober dißbach.
188 2114 1468 2255 achdem Hanß Dierstein von Oberdies
320 2231 1445 2337 bach pertig den 29. octo 1693 wegen deß
301 2291 1462 2424 zu Rüeggisper entfroübdeten und theilß
296 2372 1472 2509 der hinem huß gefundenen fleißgelts
286 2450 1451 2608 Ien gefengkliche verhaffung genommen vnd
300 2526 1427 2674 volgents daruff dß myner sy hie und oberh
271 2607 1438 2778 begelch durch die eherervoßtenetc. Herr sac
1263 2669 1389 2742 es
296 2675 1467 2861 mael frandeneych des kleinen, h gmanael
284 2770 1457 2943 Steger und l damel Batschet deß grnsten
288 2850 1444 3021 Sahats h sammel Lerbers Großwbebelß
134 2920 1450 3111 etlicher neüer sy hrrn deinern der wütlen
303 2987 1433 3178 Der 19 novembris diß anfänglich ernstwortig
307 3069 1453 3257 examinirt, hernacher aber mit der marter
304 3149 1414 3369 zu bekantnuß der garheit gemahnt worden
331 3226 1438 3430 hatt er doch anders aüt bekennen wolhen
289 3302 1419 3512 den daß er frytags den 22. octo alß er vfn
278 3382 1452 3573 vndersewen heimvöllz, vndwegens zu nacht¬
276 3491 1386 3680 by Büttschen Vnferg von Reegisperg im
268 3494 1448 3766 Sschupelen schaft angetroffen, denen er gekeitet
292 3626 1437 3851 und hernacher zwrey davon zu Todt geschlagen
134 3697 1411 3948 beide geschenken, vnd eins davon ganz, von dem
1221 3790 1369 3883 be¬
1467 341 1596 497 er
1515 2589 1627 2670 densynn
1497 2651 1638 2716 einerysen
1507 2692 1632 2780 ebrochen
2007 182 2257 300 164t
1612 143 2832 489 anderen den nar einstank mit sich genommen, halt
1616 228 2725 563 de ena
1624 445 2117 627 ehlen ae
1596 374 2749 728 d i an
1622 493 2787 790 Rarggispert betreffen hab nit der gefangnen
1618 578 2773 856 Schumftster vnd fyn gepare, selbiges gethan
1617 623 2812 924 und in fürgeng, wyli sy das gelt nit alleß
1626 702 2825 992 tragen fragen sein teil davon syner haß¬
1612 787 2837 1077 fraumen erbehalten geben, Er sye aber abwresent
1641 911 2716 1183 sin vnd habe nahit davor gewust aufh
1633 978 2768 1253 ganz nit darzu gehaltten, anders wüßee
1635 1059 2770 1326 er by verlierung syner seelen seligkeit
1627 1270 2103 1408 nit zebekennen
1600 1303 2741 1515 Volgenden thags aber Ihr bysez, Lehoren
1602 1393 2778 1596 und gegenamtigkeit vorgemelts Nynes
1630 1476 2763 1672 hochehrenden s fröndeurichs vom kleinen
1634 1577 2812 1758 d ratschryber waltherts vein grosen Rhattt
1624 1665 2676 1815 s Großweibel lerbers und etlichen
1632 1730 2761 1912 weiblen, hatt er freywillig ohne Marter
1647 1866 2199 1984 bekent und versehen.
1612 1909 2759 2108 daß er vor ehegefahr ein em jahr zu keg
1636 2031 2822 2181 lisperg uß einem spycher mit hilff zweyen
1617 2111 2795 2257 gner gesonen deren der mit foarer Nigl
1638 2191 2759 2337 der ander der Schwarzschnun aher genant
1642 2290 2785 2413 airt) habe eis stuck wwilch dier par ihn
1643 2355 2429 2485 vntröubden helffen  e
1619 2444 2871 2611 zu Schner mit hilff obiger zner gespanen fler
1645 2547 2869 2700 ß einem spyger einsmahls fräff
1665 2622 2829 2797 röck, das ander mahl ver rach nemmen
1648 2698 2148 2854 und entwagen helffen.
1608 2783 2834 2957 zu wabern habe er nit gemelter hilff zum n
1615 2884 2839 3066 deren mehl zu Berdicht Gortners huß sayli
1647 2951 2816 3121 sy gehört, das er vil geot haben solle) gebrechen
1644 3027 2828 3231 w�llen und albereit einmahl das tach entblöß,
1640 3119 2892 3331 jedoch beide mahl wylen die hund mechtig gebollee.
1581 3183 2587 3363 Vnderrichteter Sachen verjagt worden.
1611 3264 2737 3506 Pkenmeßig segen sy auch zoegmahl nach
1658 3384 2891 3626 Ried gsin und ber ein spychen brechen wollen
2126 3502 2206 3556 age
1647 3477 2839 3687 aber von der hinden ungeschaffter sachen sich
1653 3557 2475 3746 wider zu ruck machen müeßen
2811 55 2887 160 1
