3024 4032
426 -102 550 70 148.
963 86 1299 229 1642
569 62 1513 412 kuhes h e
580 232 1488 503 und er ihra (der meinung daß
1486 324 1617 501 geh
592 322 1603 605 krank sye) vnderschidenliche gusse
587 426 1593 731 a ad pne e
562 540 1082 671 auch thun wollen.
1102 625 1659 834 i
582 612 1617 902 habe, daß sy Schwanger vnd etz seliche
568 711 1614 985 gestalten mit ihro beschaffen syen, daß
591 786 1623 1061 nit, und habe er auch ben wenigesten
580 924 1617 1146 daran gedenkt, vils minder darzu
566 1021 1625 1242 halften, noch ihra ehr lybsfrucht abgerom¬
559 1116 1622 1358 In bach getragen und vergraben, senter
571 1229 1610 1452 habe ganz und gar mit davon gereh
562 1324 1614 1520 Noch einicher gestalten sich mit ihro v
563 1416 1618 1622 tragt, daß jage er so gewëß, alß sih
556 1517 1606 1706 ihr gott der her beschaffen habe, wolle ich
573 1612 1600 1806 mit guhtem gewüßen Heiren Eydt, son
570 1719 1576 1865 der Noturff beforderte, thun dortn
561 1813 1618 1949 daß er sich ihre by synem wäßen sien
567 1884 1608 2059 weder zu eheren nach venehren, vngenec
571 1991 1599 2145 oder fleischlichhe vermishung bertlhe
540 2090 1578 2198 eil weniger dißere that verbeingen helften habe.
553 2173 1569 2290 daß er aber hievor Ebenmeßig furin
530 2241 1594 2393 ehrsamen ehergricht sich erpotten, einen
542 2339 1613 2492 sotennischen endt iepraestiren, daß er dise
533 2415 1605 2569 Menschen und gner verlebten thaten unschäldig
522 2513 1613 2676 sye, sye selbiges nit beschach und glschehe
531 2597 1597 2741 hernach bekantlich worden, sye selbiges
525 2674 1586 2850 nit darimb beschechen, daß er deß hale
526 2761 1588 2926 und der tlat schuldigen hyr, sondern es syn
532 2872 1603 3030 gure frundt zu ihme komen und haben he
532 2948 1613 3177 fürgehalten, wie schwären sachen er angeklag
519 3029 1595 3276 ge und so er nit der that und bekenti
521 3103 1590 3340 werde, stande es ihm daruff daß er dem
492 3233 1588 3414 verschwachten diener In die handfallen vnd
502 3293 1602 3543 durch syn mittell zur bekantnuß gebraht
516 3414 1594 3621 werden wea�e, er solle  ihnen alß
489 3468 1587 3770 synen fründen, ihme selbsten und syneschl
1505 3542 1591 3694 sac
1611 272 1744 436 Imbs
2155 52 2400 215 642
1747 173 2807 542 gte
1751 252 2796 613 p e
1756 346 2811 692 en
1755 454 2850 783 en hen
1725 533 2899 908 geeen
1721 655 2833 934 vnd damit er die Ehr, so er Einer andern
1720 716 2809 1089 gingen altsen
1746 841 2797 1133 aber schen ganz vnscheldig sich befenst
1753 966 2813 1240 sich deß helers erkent, nar daß er die
1745 1038 2854 1308 ihme dererender schrach entfliechen uß der
1724 1168 2802 1424 Eefunge schreß komen vnd synen sachen
1692 1250 2936 1504 Hochgeer konne, habe aler schmie selbsten
1724 1397 2886 1589 gantz hochlich uberthan und zage srchmahl
1737 1478 2899 1675 sag und thur, daß er mut ihre Niemahl
1752 1552 2886 1775 sich fürher gestalten vergangen, noch zu ehern
1753 1684 2830 1842 oder dnehren zeschaffen ghan, vnd voro
1749 1770 2881 1945 diser ganzen sach gewüst habe, weder vil
1725 1907 2008 1997 nofwenig
1717 1959 2968 2117 sitt hut daby nach vermelden, daß so die dienen
1750 2079 2953 2208 wieit hette, er hette ihro die ehe versprochen
1753 2163 2941 2297 und gemeinschafft mit ihra ghan und sy hiemit
1762 2247 2927 2393 mit fherlichen sachen umbgangen ware so sye ern
1761 2330 2929 2483 frauw nur senet einer dennen holzig wardt
1767 2423 2909 2608 neben ihro gelegen, deren sy wohl hette reecken
1765 2510 1978 2613 kounen.
1714 2605 2953 2809 Waß aber die begrebdtnuß deß keits anlangen,
1749 2704 2962 2899 daß ihme fürgeworffen werde, Er habe die schleßell
1744 2779 2962 2966 zur kelchen ghan und habe soliches nit ohne syn vor
1748 2896 2915 3052 eüsen zugahn und beschechen können, zeigt er
1744 2969 2893 3159 daraber an, sy (alß syn magt) habe meister
1747 3052 2936 3265 heiß gelehtet und hiemit dißere that ihm
1724 3130 2945 3367 auch hinderruks wohl verbring kennen, dan
1762 3237 2926 3448 er daß grab ganz nit gemacht, zu der that
1760 3299 2980 3574 nüt gehaltten nich einicher gestalth weder vel nach
1763 3393 2394 3557 wenig davon gewüst habe.
1779 3481 2873 3668 dißer Christen Bohlen hatt syn unschuld mit
1820 3540 2915 3763 den erdt erhalten und deßeren ledig gelasen
