3024 4032
290 54 334 115 11
395 56 506 115 170.
934 134 1242 288 1643.
662 315 1540 562 2tCadle frutinger von
932 423 1261 554 Grrentz.
535 520 1613 751 achtem Nyne Hoche hern deß ehrsamen
584 631 1590 835 Khorgrichts gr gn deß verbrechens
600 731 1643 925 dißer wybspersohn berichtet und orge
601 821 1637 1009 misch befunden, alß abesy sich mit vernen
579 919 1633 1095 ren unküschen thaten vertrapt und ihre
593 1016 1646 1192 unehrliche kindt, sonderlich aber daß fit
622 1110 1645 1313 mit dem rechten vatter zugestelt und geh
627 1224 1646 1373 hette, haben hochg 9r de. sy uß dege
628 1308 1665 1459 angenschafft deß Thorhuß es in die oler
612 1376 1633 1536 führen und daselbsten mit betromung
625 1488 1662 1631 der marter ze Exammarei bekohlen, weliches
615 1567 1657 1725 den durch die E. f. f. E. vnd W. veshaßt
617 1670 1663 1798 Rudolf Lando deß klein herrn Joumian
623 1750 1644 1896 grüner vor Großen Rhat den 26. diß
610 1841 1642 1980 volstreft und verichtet worden, da sy ale
617 1927 1645 2059 anders und wyters mit bekennen walt
616 2023 1637 2149 Den waß sy albereit vor Thorgricht
621 2113 1603 2246 gezeigt und v dr fertragen worden.
621 2202 1639 2363 namlichen, daß sy jar leyder iu vele
619 2311 1606 2440 sachen den vierten fhaler begangen und
638 2376 1657 2531 verbracht habe, alß namlich mit gors
642 2463 1616 2604 Saettenmundt, Caspar Bachler, dem
633 2529 1666 2724 Sagche Morser und Mariz Relli von der
621 2607 1649 2843 sy auch 3 unehrliche kindt bekomen, das
635 2722 1652 2904 erste ehe sy ihren man gehelichet, mit dem
628 2791 1663 3017 anderen, sye sy schwanger gewesen als
639 2886 1668 3119 ihren marr har ehe genommen, das dentt
635 3016 1431 3206 dan haben sy hernach erzihlet.
606 3060 1660 3336 Daß ihren aber fürgehalten werde, sy habe
634 3146 1646 3409 habe daß jenige kindt so  Hanß stette
636 3227 1642 3476 mundt zugeeignet, nit dem rechten vatr
620 3297 1656 3628 den een ah e
633 3401 1619 3672 Der zege sy hoch und thar, daß es ihne
617 3483 1643 3798 aen e de
634 3553 1631 3864 e he degele
1514 3707 1619 3805 s
645 3619 1634 3980 ten e
2056 178 2332 315 1643.
1725 180 2894 543 adesla ten i
1758 309 2817 614 sondern selbiges angenomen, wiewohle er
1748 366 2856 690 Ihrer anfangt lehre angematet, sy solle ihn
1771 440 2853 780 gerne a
1766 534 2784 834 n geh d
1766 616 2841 895 aber er Rekenmant der sach nochmahls
1773 705 2828 984 nit gestendig syn wolte, so begere sy das
1778 801 2839 1036 man ihne ihro tar angen stelle, so wolle
1777 923 2576 1154 sy ihne wohl bekantlich wachen.
1770 1001 2905 1255 daß sy dan verners verklagt worden sye
1778 1105 2820 1341 daß alß sy durch ein gewüße fraue zu
1775 1184 2873 1395 thun zu beßerung ihres läbens, wo fern
1774 1246 2878 1487 sy deß himels nit beraubet werden wolle.
1795 1350 2922 1581 ermant worden, sy geantwortet habe, vaß
1791 1461 2894 1636 sy darnach frage, Eß syge nach plaz gnng
1783 1549 2821 1741 für sy in der hell. Da gescheche ihra
1789 1630 2860 1810 gantz ungütlich und habe die wort nie.
1788 1732 2892 1859 mahls geredt, möchte auch wohl die persohn
1814 1817 2817 1988 sechen, so sy deßen beschuldig wolte.
1797 1935 2805 2087 andere und mehrere unkische thaten
1832 2057 2438 2185 habe sy nit verbracht
1773 2209 2847 2410 Dißere diennen ist den 1 febr 1680
1801 2356 2830 2478 mit rechten ußgeschmeibt und mit der
1778 2427 2851 2590 eidt von statt und landt verwisen worden.
1787 2617 2890 2778 N Vor præstiitem eydt hatt dißere frauw
1800 2715 2943 2863 anzeigt s habe noch ein fyn heb zuerwarten,
1802 2792 2904 2961 vor ihrem vattern sUlli Feütinger Hherr
1812 2835 2879 3031 Muter bruder, so vermag eines von ihme
1799 2911 2890 3090 gemachten und von er g ußgebrachten und
1822 3007 2933 3173 erliegeten lestaments, zwer ihr Basen Latri
1808 3088 2968 3255 zu Brientz mersafft, sonst uß walliß partig
1830 3151 2905 3322 chlyßwyß besitzt und aber nach ihrem Todt
1822 3249 2926 3378 tt sy fallen solle, so sich by 5000 lb. belauffe
1828 3316 2823 3463 werde, so er de alß denen daß gut jez
1828 3371 2610 3534 verfallen fürgebracht werden müß.
1823 3447 2870 3593 da sye aber n Binthamert 1 o 168 umb
1822 3508 2860 3663 mahren und anders schuldig, so sy hernach obbe
1821 3567 2415 3683 meltere erb empfahen solle.
1816 3607 2853 3753 Dißere flüterung hatt sy gethan, zu byyn
1830 3672 2847 3812 h der roßweibel webers mynen Jost Gaßers
1835 3727 2892 3919 deß gebelß und villenst Rung reynes Substitut
2875 -45 3001 79 172
