3024 4032
969 -12 1207 108 1642
541 27 1674 334 genschafft ledig und ihr sach ohne schmachzu
531 139 1640 389 schand ußgemachts werden müße, hereben
529 215 1651 466 also ihr vatter ihne gefragt, waß er fordere
555 338 1663 552 habe er 300 f für den statthalter und
540 421 1653 646 far ihne geforderet un wysheilen, er seyn
538 506 1654 706 auch ihrer sach also geflißenlich angenemn
543 581 1657 822 das sy ledig worden und Keldi gesagt, e
553 680 1632 886 werde ihra jetz nietauts mit mehr thug
556 751 1651 960 sondern gohenn verblyben, uff welich endtig
553 848 1646 1059 auch ihre beid schwager nit grnaben ans
536 938 1638 1098 gricht laßen wöllen, damit es nit offenbale
703 1029 1639 1147 Eß  auch er haldi alhie für die gfangreschwffe
553 1073 1653 1150 werde. Thochaß zu ihre kommen und getragt were
676 1134 1638 1215 und sy geantwortet, Marx Hußiente, geß ged
715 1155 779 1219 se
780 1167 1652 1263 gesagt, Hafu nit loünen ein anderen angeben
509 1160 1633 1321 eß sy nun auch andere vntuschen thatz
546 1259 1642 1412 halben ernstig befragt vnd zu bekandnn
543 1350 1632 1481 derselben vermant worden, besonder vor
548 1436 1631 1587 gemelten Jsaac Galdist halbe, so sy ihme
552 1535 1617 1685 Man kein gicht zethen uffgewisen, hatt
559 1622 1606 1765 sich mit ihme zu einichen weg vergeßen
552 1715 1614 1869 zehaben nit gestendig syn wöllen, er habe
528 1811 1618 1956 sy auch zu obigen beiden bösen thaten m
555 1899 968 2034 veranloßet.
475 1975 1628 2158 In vberigen aber habe sy ußert Marx k
494 2105 1608 2239 wwirt, mit deme sy under 2 mahlen fleise
515 2192 1623 2339 liche gen einschaft ghan vnd albereit frr
505 2260 1648 2447 ehrsamen ehorgricht bekent sich mit Jo
496 2346 1600 2524 Rychenbach E weibell Mattiß hlß am
524 2449 1603 2617 gstadt mit unkuschzeit vergeßen, er habe
525 2529 1609 2717 sy aber etlicher gestalth darzu genötiget
460 2634 1598 2816 Weliche schware vnd hoche mißhandgung
497 2771 1593 2940 sy ja wder ußbösern widerwollen den
502 2846 1601 3044 zu ihrem reg (gli er ihre kein guht un
498 2945 1592 3128 than ghan begangen ze habten sohne marter
495 3017 1599 3205 kent, vnd auch bezeget, das solichem aber
507 3104 1583 3310 also und nit anderist sye mit der ratt
495 3214 1575 3394 so es ihro angewoutet worden, zebezugen
500 3292 1567 3471 d zu bestatgen. sette hiemit gott der
482 3362 1589 3592 Berg und ehe gn oberkeit, daß sy ihre solch
497 3442 1575 3660 hoche vnd schwere thaler gnedigist vertycht
491 3524 1580 3792 und nachlaßen wöllen. Im aller demmut ub
475 3689 1130 3866 gnad vnd verzychung.
2149 15 2423 149 1648.
1712 52 2881 408 ea ene ve
1705 156 2883 454 lägen leür und nankelmetige verantwortung
1704 209 2874 562 seien in deen as
1701 321 2896 614 I ihres obgescheidenen ehemans anthani Wäbers
1694 403 2855 693 alch empfrechenem sich zu bysys ehelicher lagten
1700 513 2915 789 von sich gegebnen kuntschafftsag, noch anderer
2463 581 2600 654 it
1697 564 2926 864 aeltheiden gedacht werde und  nachtwendig
1704 672 2933 928 nden, das sy darüber mit ernst und zimlicher
1707 734 2911 987 marter befragt und exaeinat werde, alß
1707 821 2872 1082 ist selbigen auch nachgangen und sy feytags
1713 940 2882 1145 De v. martii diß jahrs aberm ahls ir bysyn
1704 1058 2938 1236 gchehren gedachts h Bunchern kasen von kleien
1700 1122 2887 1354 abrahem liechert vom großen rhat, e
1703 1228 2896 1415 Samael Ferbers Großweibelß und etlicher
1695 1324 2838 1528 Jsy dieneren der weiblen, anfenklich mit
1685 1411 2806 1607 ernsthafften worden, hernacher aber mit be
1688 1502 2857 1653 anndung der marter, uber der kenten und
1685 1616 2784 1770 anderen penth examinvrt und befragt
1692 1742 1839 1817 worden.
1665 1801 2810 1972 Da si dan waß die vergifftete Sappen an-
1677 1921 2807 2058 trifft bezüget, das es mit anderist dan wie
1674 2013 2880 2160 s hevorgen sich erlüteret ergangen syen und
1672 2122 2846 2258 sy daß gifft keines wegs erkaufft, sondern
1683 2205 2830 2359 Ihr mar habe es ust dem dorff bracht und sy
1675 2288 2853 2455 daruff ihne gefragt, waß daß sye und worzu
1671 2388 2819 2547 ers bruchen w�lle? habe er geantwortet, Eß
1682 2459 2847 2649 zu deß bösen schlangengiffts, er wölle es zu
1668 2559 2132 2702 den reßen brichen.
1630 2621 2885 2882 Daß der die mit Joseph Seychenbach und Mare
1636 2730 2851 2966 bußmit verebte denküsche thaten und fleischliche
1650 2830 2810 3033 eenischung belangen thueye, sige es z
1645 2888 2852 3140 auf wre sy hievor bekent, beschaffenmit mehren
1626 2974 2881 3224 alstendh aber anzeigt, wie daß alß s
1630 3072 2882 3288 gereidte er Josept Rychenbachs huß tragen wollen,
1632 3137 2868 3378 Ey hab er die stuben heißen konneg, da er windig
1636 3241 2804 3445 ihm sy also bald angrihen und der unehren
1640 3299 2851 3534 agmutet, entlichen uwehlich sich seyt mag
1628 3378 2803 3636 dergrachet, s verfelt, syneg Henbüschen lus
2678 3610 2816 3695 mit
2871 -1 2940 95 9
