<?xml version="1.0" encoding="UTF-8" standalone="yes"?>
<PcGts xmlns="http://schema.primaresearch.org/PAGE/gts/pagecontent/2013-07-15" xmlns:xsi="http://www.w3.org/2001/XMLSchema-instance" xsi:schemaLocation="http://schema.primaresearch.org/PAGE/gts/pagecontent/2013-07-15 http://schema.primaresearch.org/PAGE/gts/pagecontent/2013-07-15/pagecontent.xsd">
    <Metadata>
        <Creator>prov=University of Rostock/Institute of Mathematics/CITlab|PLANET AI GmbH/Gundram Leifert/gundram.leifert@planet-ai.de:name=German_Kurrent_XVI-XVIII_M1(htr_id=19584)::::v=2.6.7
prov=University of Rostock/Institute of Mathematics/CITlab|PLANET AI GmbH/Tobias Gruening/tobias.gruening@planet-ai.de:name=de.uros.citlab.module.baseline2polygon.B2PSeamMultiOriented:v=2.6.7
prov=University of Rostock/Institute of Mathematics/CITlab|PLANET AI GmbH/Gundram Leifert/gundram.leifert@planet-ai.de:name=German_Kurrent_XIX_comb-Huber_M2(htr_id=23847)::::v=2.6.6
prov=University of Rostock/Institute of Mathematics/CITlab|PLANET AI GmbH/Tobias Gruening/tobias.gruening@planet-ai.de:name=de.uros.citlab.module.baseline2polygon.B2PSeamMultiOriented:v=2.6.6
prov=University of Rostock/Institute of Mathematics/CITlab|PLANET AI GmbH/Tobias Gruening/tobias.gruening@planet-ai.de:name=/net_tf/LA73_249_0mod360.pb:de.uros.citlab.segmentation.CITlab_LA_ML:v=2.6.6
Transkribus</Creator>
        <Created>2020-10-05T12:43:13.765+02:00</Created>
        <LastChange>2022-09-09T16:34:00.009+02:00</LastChange>
        <TranskribusMetadata docId="1334822" pageId="52360462" pageNr="85" tsid="114642225" status="IN_PROGRESS" userId="9570" imgUrl="https://files.transkribus.eu/Get?id=IJNUVXHFSHOCTOAGEWZTITWA&amp;fileType=view" xmlUrl="https://files.transkribus.eu/Get?id=RLGZGDGYRRCXFCWGPYYEEDVB" imageId="16049194"/>
    </Metadata>
    <Page imageFilename="IMG_3595.jpeg" imageWidth="3024" imageHeight="4032">
        <ReadingOrder>
            <OrderedGroup id="ro_1687513763615" caption="Regions reading order">
                <RegionRefIndexed index="0" regionRef="r1"/>
                <RegionRefIndexed index="1" regionRef="r2"/>
                <RegionRefIndexed index="2" regionRef="r3"/>
                <RegionRefIndexed index="3" regionRef="r4"/>
                <RegionRefIndexed index="4" regionRef="r5"/>
                <RegionRefIndexed index="5" regionRef="r6"/>
                <RegionRefIndexed index="6" regionRef="r7"/>
                <RegionRefIndexed index="7" regionRef="r8"/>
                <RegionRefIndexed index="8" regionRef="r9"/>
                <RegionRefIndexed index="9" regionRef="r10"/>
            </OrderedGroup>
        </ReadingOrder>
        <TextRegion orientation="0.0" id="r1" custom="readingOrder {index:0;}">
            <Coords points="300,19 300,173 381,173 381,19"/>
            <TextLine id="r1l1" custom="readingOrder {index:0;}">
                <Coords points="293,141 324,143 337,131 350,126 363,135 376,130 389,132 385,59 365,54 342,72 333,74 290,66"/>
                <Baseline points="300,123 327,121 354,119 381,120"/>
                <TextEquiv>
                    <Unicode>130</Unicode>
                </TextEquiv>
            </TextLine>
            <TextEquiv>
                <Unicode>130</Unicode>
            </TextEquiv>
        </TextRegion>
        <TextRegion orientation="0.0" id="r2" custom="readingOrder {index:1;}">
            <Coords points="338,880 338,1033 401,1033 401,880"/>
            <TextLine id="r2l1" custom="readingOrder {index:0;}">
                <Coords points="332,1009 340,1009 346,1004 355,1010 388,999 410,1002 405,908 392,910 378,906 370,914 358,912 347,925 343,922 328,925"/>
                <Baseline points="338,983 369,980 401,980"/>
                <TextEquiv>
                    <Unicode>15</Unicode>
                </TextEquiv>
            </TextLine>
            <TextEquiv>
                <Unicode>15</Unicode>
            </TextEquiv>
        </TextRegion>
        <TextRegion orientation="0.0" id="r3" custom="readingOrder {index:2;}">
            <Coords points="345,2267 345,2426 438,2426 438,2267"/>
            <TextLine id="r3l1" custom="readingOrder {index:0;}">
                <Coords points="340,2397 356,2395 363,2399 380,2385 396,2391 401,2384 429,2382 435,2373 446,2371 438,2290 411,2282 390,2304 364,2305 348,2315 331,2313"/>
                <Baseline points="345,2376 376,2373 407,2370 438,2367"/>
                <TextEquiv>
                    <Unicode>16.</Unicode>
                </TextEquiv>
            </TextLine>
            <TextEquiv>
                <Unicode>16.</Unicode>
            </TextEquiv>
        </TextRegion>
        <TextRegion orientation="0.0" id="r4" custom="readingOrder {index:3;}">
            <Coords points="389,145 389,3608 1581,3608 1581,145"/>
            <TextLine id="r4l1" custom="readingOrder {index:0;}">
                <Coords points="872,214 950,213 1021,240 1074,225 1160,241 1165,194 1141,190 1113,156 1041,138 995,99 933,135 920,138 906,124 880,137"/>
                <Baseline points="882,188 909,190 936,192 963,194 990,196 1018,199 1045,202 1072,206 1099,210 1126,213 1154,219"/>
                <TextEquiv>
                    <Unicode>1642</Unicode>
                </TextEquiv>
            </TextLine>
            <TextLine id="r4l2" custom="readingOrder {index:1;}">
                <Coords points="464,291 499,327 675,299 808,376 883,330 1146,353 1327,422 1387,402 1424,443 1465,417 1543,483 1560,358 1494,315 1065,242 901,296 798,220 647,219 482,157"/>
                <Baseline points="473,282 526,288 579,293 633,297 686,301 740,306 793,310 846,315 900,319 953,324 1007,329 1060,336 1113,342 1167,351 1220,359 1274,369 1327,381 1380,394 1434,408 1487,424 1541,443"/>
                <TextEquiv>
                    <Unicode>gdet n ger entet i he g</Unicode>
                </TextEquiv>
            </TextLine>
            <TextLine id="r4l3" custom="readingOrder {index:2;}">
                <Coords points="464,367 557,418 640,373 940,457 1037,414 1187,435 1440,545 1475,518 1545,578 1557,480 1466,417 1419,444 1164,358 1063,384 905,331 792,372 677,300 577,359 469,327"/>
                <Baseline points="471,368 524,372 578,377 631,380 685,383 739,388 792,390 846,395 900,399 953,403 1007,409 1061,414 1114,421 1168,429 1222,438 1275,449 1329,461 1383,473 1436,489 1490,506 1544,524"/>
                <TextEquiv>
                    <Unicode>lige detn zeshe 06 16 s  1</Unicode>
                </TextEquiv>
            </TextLine>
            <TextLine id="r4l4" custom="readingOrder {index:3;}">
                <Coords points="452,467 645,513 780,473 1054,554 1160,532 1539,636 1546,577 1474,518 1441,544 1286,475 1229,501 1027,437 771,442 685,393 560,426 464,367"/>
                <Baseline points="461,456 514,459 568,462 622,465 676,467 729,470 783,474 837,478 891,481 944,486 998,490 1052,496 1106,503 1159,510 1213,519 1267,528 1321,539 1374,551 1428,565 1482,580 1536,599"/>
                <TextEquiv>
                    <Unicode>verlarst und schaden ze beohneten, die ihnen ze</Unicode>
                </TextEquiv>
            </TextLine>
            <TextLine id="r4l5" custom="readingOrder {index:4;} person {offset:36; length:8;}">
                <Coords points="467,547 833,606 910,565 1003,630 1259,621 1312,666 1400,649 1539,705 1546,650 1397,577 1056,555 748,480 641,519 608,478 550,519 474,491"/>
                <Baseline points="477,534 529,538 582,543 635,548 688,551 741,555 794,559 847,564 900,568 953,572 1006,577 1058,582 1111,589 1164,596 1217,604 1270,612 1323,624 1376,635 1429,648 1482,663 1535,680"/>
                <TextEquiv>
                    <Unicode>ein entschadnuß versprochen und dem scheyler</Unicode>
                </TextEquiv>
            </TextLine>
            <TextLine id="r4l6" custom="readingOrder {index:5;}">
                <Coords points="458,641 816,652 858,698 904,668 1028,715 1269,700 1541,773 1547,710 1400,649 1102,651 954,594 466,571"/>
                <Baseline points="468,620 521,623 574,627 628,631 681,635 734,638 788,643 841,646 894,651 948,655 1001,660 1054,665 1108,671 1161,677 1214,686 1268,693 1321,702 1374,714 1428,725 1481,737 1535,753"/>
                <TextEquiv>
                    <Unicode>albereit angeben, ihnen aber hernach ß gaß</Unicode>
                </TextEquiv>
            </TextLine>
            <TextLine id="r4l7" custom="readingOrder {index:6;}">
                <Coords points="465,715 557,766 703,722 859,770 919,739 1053,758 1160,827 1240,787 1325,848 1441,813 1531,854 1520,758 1452,772 1288,712 1033,721 998,679 856,696 824,660 689,696 472,645"/>
                <Baseline points="474,707 526,710 579,713 631,716 684,718 737,722 789,725 842,728 895,731 947,735 1000,740 1053,744 1105,749 1158,756 1211,763 1263,770 1316,778 1369,787 1421,797 1474,807 1527,821"/>
                <TextEquiv>
                    <Unicode>ursach fmiegnit sy nit wüßen) nit erstattet</Unicode>
                </TextEquiv>
            </TextLine>
            <TextLine id="r4l8" custom="readingOrder {index:7;}">
                <Coords points="473,827 497,838 532,811 580,812 608,834 634,818 710,850 754,843 807,808 853,823 856,774 800,734 751,764 703,724 575,776 479,717"/>
                <Baseline points="482,792 508,792 534,794 560,795 586,796 612,798 638,798 664,800 690,801 716,802 742,804 768,806 794,807 820,810 846,812"/>
                <TextEquiv>
                    <Unicode>und geliferet.</Unicode>
                </TextEquiv>
            </TextLine>
            <TextLine id="r4l9" custom="readingOrder {index:8;}">
                <Coords points="857,838 871,841 890,829 898,835 927,817 955,830 963,766 939,757 926,766 911,763 881,732 870,729"/>
                <Baseline points="867,815 894,818 921,822 948,824"/>
                <TextEquiv>
                    <Unicode></Unicode>
                </TextEquiv>
            </TextLine>
            <TextLine id="r4l10" custom="readingOrder {index:9;}">
                <Coords points="1383,896 1390,897 1402,891 1421,911 1432,907 1444,914 1453,909 1467,911 1476,839 1463,836 1460,839 1453,833 1443,837 1430,830 1425,834 1408,831 1402,824 1393,822"/>
                <Baseline points="1392,887 1426,893 1461,896"/>
                <TextEquiv>
                    <Unicode></Unicode>
                </TextEquiv>
            </TextLine>
            <TextLine id="r4l11" custom="readingOrder {index:10;}">
                <Coords points="863,936 876,937 893,922 915,916 927,904 939,906 947,914 956,914 959,832 941,834 932,843 913,848 906,844 895,849 880,836 868,837"/>
                <Baseline points="872,900 897,903 922,902 948,905"/>
                <TextEquiv>
                    <Unicode></Unicode>
                </TextEquiv>
            </TextLine>
            <TextLine id="r4l12" custom="readingOrder {index:11;}">
                <Coords points="961,919 969,919 981,913 1004,922 1021,922 1021,844 1006,843 1001,838 995,838 984,846 975,838 961,837"/>
                <Baseline points="969,906 1014,906"/>
                <TextEquiv>
                    <Unicode>6</Unicode>
                </TextEquiv>
            </TextLine>
            <TextLine id="r4l13" custom="readingOrder {index:12;}">
                <Coords points="1201,932 1209,932 1221,942 1235,935 1251,942 1265,932 1276,933 1279,873 1264,873 1250,881 1239,881 1223,867 1218,870 1205,867"/>
                <Baseline points="1209,926 1239,926 1269,929"/>
                <TextEquiv>
                    <Unicode></Unicode>
                </TextEquiv>
            </TextLine>
            <TextLine id="r4l14" custom="readingOrder {index:13;}">
                <Coords points="485,981 598,1017 906,985 1237,1041 1359,1019 1539,1072 1543,1005 1356,949 1156,967 1080,895 1007,941 931,905 867,937 771,886 679,939 598,859 493,866"/>
                <Baseline points="494,972 548,975 603,977 658,980 712,981 767,982 822,983 876,984 931,986 986,988 1040,990 1095,993 1150,996 1204,1000 1259,1006 1314,1013 1368,1020 1423,1028 1478,1040 1533,1052"/>
                <TextEquiv>
                    <Unicode>Wyters aaß adane Annen ihne kellenetliche</Unicode>
                </TextEquiv>
            </TextLine>
            <TextLine id="r4l15" custom="readingOrder {index:14;} person {offset:36; length:6;}">
                <Coords points="468,1086 607,1080 650,1113 718,1069 801,1114 935,1058 1482,1136 1486,1055 1416,1034 1259,1066 1187,1012 1123,1035 1062,1007 1010,1042 889,995 791,1027 472,1007"/>
                <Baseline points="477,1053 526,1056 576,1058 626,1059 676,1061 726,1061 776,1062 826,1062 876,1064 926,1064 976,1065 1025,1067 1075,1069 1125,1071 1175,1075 1225,1080 1275,1084 1325,1090 1375,1097 1425,1105 1475,1115"/>
                <TextEquiv>
                    <Unicode>gestalten an ihrer verlezt, habe er Hallli</Unicode>
                </TextEquiv>
            </TextLine>
            <TextLine id="r4l16" custom="readingOrder {index:15;}">
                <Coords points="466,1164 532,1196 591,1155 764,1155 848,1207 908,1159 989,1194 1116,1156 1546,1226 1548,1175 1302,1094 1178,1124 1073,1093 999,1138 866,1075 804,1115 469,1087"/>
                <Baseline points="474,1149 527,1151 580,1152 633,1152 687,1154 740,1154 793,1154 846,1154 900,1154 953,1155 1006,1155 1059,1157 1113,1159 1166,1161 1219,1166 1272,1170 1326,1175 1379,1183 1432,1191 1485,1200 1539,1211"/>
                <TextEquiv>
                    <Unicode>reparation derselbig, ihne Annen In ein Rrich</Unicode>
                </TextEquiv>
            </TextLine>
            <TextLine id="r4l17" custom="readingOrder {index:16;}">
                <Coords points="451,1230 766,1234 816,1286 874,1249 1274,1251 1332,1303 1527,1305 1530,1245 1450,1205 1401,1245 1269,1185 1167,1226 1063,1172 1010,1213 943,1159 859,1218 762,1170 705,1211 538,1206 455,1143"/>
                <Baseline points="459,1223 512,1225 565,1228 618,1230 671,1232 724,1233 777,1235 830,1237 883,1238 936,1241 990,1242 1043,1244 1096,1247 1149,1249 1202,1253 1255,1257 1308,1260 1361,1266 1414,1273 1467,1279 1521,1286"/>
                <TextEquiv>
                    <Unicode>breiigen wöllen, so er aber nit gebewitligen</Unicode>
                </TextEquiv>
            </TextLine>
            <TextLine id="r4l18" custom="readingOrder {index:17;}">
                <Coords points="473,1317 894,1315 1148,1381 1247,1332 1554,1381 1558,1307 1464,1321 1367,1279 1302,1321 1189,1268 911,1247 794,1288 714,1241 598,1270 477,1217"/>
                <Baseline points="480,1308 533,1310 586,1310 640,1310 693,1311 747,1311 800,1313 853,1314 907,1314 960,1316 1014,1319 1067,1320 1120,1323 1174,1327 1227,1330 1281,1334 1334,1339 1387,1344 1441,1350 1494,1356 1548,1364"/>
                <TextEquiv>
                    <Unicode>können und mit anders alß die warheit</Unicode>
                </TextEquiv>
            </TextLine>
            <TextLine id="r4l19" custom="readingOrder {index:18;}">
                <Coords points="461,1431 579,1395 793,1443 852,1401 1029,1395 1388,1464 1438,1426 1525,1435 1527,1371 1422,1401 1287,1347 1148,1381 1052,1338 463,1353"/>
                <Baseline points="470,1398 522,1397 574,1395 627,1394 679,1394 731,1394 784,1394 836,1394 888,1394 941,1395 993,1397 1045,1398 1098,1400 1150,1403 1202,1406 1255,1410 1307,1414 1359,1419 1412,1424 1464,1430 1517,1437"/>
                <TextEquiv>
                    <Unicode>geredt ze haben vermeint, glychwohlen sye der</Unicode>
                </TextEquiv>
            </TextLine>
            <TextLine id="r4l20" custom="readingOrder {index:19;}">
                <Coords points="474,1482 589,1524 732,1481 821,1521 928,1470 1033,1507 1166,1481 1291,1529 1543,1525 1544,1467 1464,1434 1384,1463 1046,1405 959,1445 843,1406 761,1456 550,1409 475,1441"/>
                <Baseline points="482,1482 534,1481 587,1479 640,1478 692,1478 745,1476 798,1476 850,1475 903,1475 956,1475 1009,1476 1061,1476 1114,1478 1167,1479 1219,1482 1272,1484 1325,1488 1377,1493 1430,1497 1483,1503 1536,1509"/>
                <TextEquiv>
                    <Unicode>sruch gemacht, die wore uffgehept und er</Unicode>
                </TextEquiv>
            </TextLine>
            <TextLine id="r4l21" custom="readingOrder {index:20;}">
                <Coords points="477,1576 943,1614 1061,1572 1170,1626 1256,1569 1394,1614 1442,1582 1550,1601 1550,1529 1299,1542 1167,1481 1017,1531 923,1480 833,1525 641,1501 555,1547 478,1483"/>
                <Baseline points="485,1566 537,1567 590,1568 643,1568 696,1568 749,1566 802,1566 854,1565 907,1565 960,1563 1013,1563 1066,1562 1119,1562 1172,1562 1224,1563 1277,1565 1330,1566 1383,1570 1436,1574 1489,1580 1542,1586"/>
                <TextEquiv>
                    <Unicode>Annen vmb den kosten verfehlt worden, von</Unicode>
                </TextEquiv>
            </TextLine>
            <TextLine id="r4l22" custom="readingOrder {index:21;}">
                <Coords points="472,1692 774,1659 840,1705 889,1661 1091,1648 1199,1690 1324,1638 1458,1694 1494,1658 1555,1675 1555,1606 1391,1628 1313,1590 1179,1623 1059,1572 943,1614 777,1590 694,1619 640,1582 594,1620 472,1621"/>
                <Baseline points="480,1647 533,1649 586,1650 640,1650 693,1650 747,1650 800,1649 853,1647 907,1646 960,1644 1014,1644 1067,1643 1120,1643 1174,1643 1227,1643 1281,1645 1334,1647 1387,1650 1441,1655 1494,1662 1548,1668"/>
                <TextEquiv>
                    <Unicode>welche sin wegen, er ihme auch ein gewäße sen</Unicode>
                </TextEquiv>
            </TextLine>
            <TextLine id="r4l23" custom="readingOrder {index:22;} place {offset:9; length:8;}">
                <Coords points="382,1790 737,1733 798,1771 906,1734 1511,1764 1539,1674 1424,1700 1324,1638 1189,1707 1091,1648 838,1705 775,1661 627,1712 567,1673 381,1705"/>
                <Baseline points="389,1760 446,1755 503,1751 560,1746 617,1743 674,1740 731,1737 789,1734 846,1733 903,1731 960,1730 1017,1730 1074,1730 1131,1730 1189,1730 1246,1731 1303,1733 1360,1736 1417,1738 1474,1741 1532,1746"/>
                <TextEquiv>
                    <Unicode>gelts by Stepsaro Schwendener hinderraufe</Unicode>
                </TextEquiv>
            </TextLine>
            <TextLine id="r4l24" custom="readingOrder {index:23;}">
                <Coords points="412,1853 555,1896 849,1812 914,1857 1275,1822 1343,1856 1388,1824 1472,1877 1567,1838 1566,1760 1310,1797 1208,1747 1027,1793 934,1743 795,1776 690,1743 411,1795"/>
                <Baseline points="419,1839 476,1835 533,1832 590,1827 647,1826 704,1823 761,1820 818,1818 875,1817 932,1815 989,1815 1046,1814 1103,1815 1160,1815 1217,1817 1274,1818 1331,1820 1388,1823 1445,1825 1502,1829 1559,1833"/>
                <TextEquiv>
                    <Unicode>guzogen sich sells vmb daß sruchgelt bescht</Unicode>
                </TextEquiv>
            </TextLine>
            <TextLine id="r4l25" custom="readingOrder {index:24;}">
                <Coords points="479,1943 593,1919 642,1956 819,1905 947,1940 1011,1900 1085,1933 1276,1911 1352,1970 1419,1919 1556,1953 1556,1851 1455,1887 1393,1838 1321,1872 1070,1826 916,1859 853,1817 610,1893 479,1887"/>
                <Baseline points="486,1917 539,1916 592,1913 645,1911 698,1910 751,1908 804,1905 857,1905 910,1903 963,1902 1017,1901 1070,1899 1123,1899 1176,1899 1229,1901 1282,1902 1335,1904 1388,1907 1441,1909 1494,1914 1548,1919"/>
                <TextEquiv>
                    <Unicode>gemacht und der spruchbrieff versiglen lasen</Unicode>
                </TextEquiv>
            </TextLine>
            <TextLine id="r4l26" custom="readingOrder {index:25;}">
                <Coords points="463,2021 609,2008 657,2050 761,1993 852,2040 1247,1982 1403,1994 1454,2039 1516,1995 1567,2019 1565,1956 1438,1916 1352,1965 1260,1907 1059,1937 1011,1901 953,1945 848,1912 797,1949 644,1963 588,1923 462,1960"/>
                <Baseline points="470,2004 524,2003 578,2002 633,2001 687,2000 742,1998 796,1995 851,1994 905,1992 960,1991 1014,1989 1068,1988 1123,1986 1177,1985 1232,1985 1286,1985 1341,1985 1395,1985 1450,1986 1504,1988 1559,1989"/>
                <TextEquiv>
                    <Unicode>da doch er noch Zerwants de Iynem Nahmen</Unicode>
                </TextEquiv>
            </TextLine>
            <TextLine id="r4l27" custom="readingOrder {index:26;}">
                <Coords points="475,2102 611,2152 770,2083 878,2112 1200,2068 1337,2118 1550,2097 1547,1993 1471,2046 1114,1998 1031,2037 893,2010 851,2039 799,2005 658,2049 593,2012 473,2037"/>
                <Baseline points="483,2094 538,2093 594,2091 650,2090 705,2087 761,2085 817,2082 873,2079 928,2078 984,2076 1040,2074 1096,2072 1151,2070 1207,2069 1263,2069 1319,2067 1374,2067 1430,2068 1486,2069 1542,2070"/>
                <TextEquiv>
                    <Unicode>den spruch iemahls Eegenofen habe, vnd</Unicode>
                </TextEquiv>
            </TextLine>
            <TextLine id="r4l28" custom="readingOrder {index:27;}">
                <Coords points="466,2203 603,2250 720,2180 874,2186 952,2236 1335,2230 1423,2168 1421,2092 1228,2115 1164,2084 1100,2125 1034,2099 971,2147 857,2107 748,2150 709,2117 633,2156 572,2123 466,2171"/>
                <Baseline points="473,2192 520,2190 567,2187 614,2184 661,2182 708,2180 755,2178 802,2175 849,2174 896,2171 944,2169 991,2168 1038,2168 1085,2166 1132,2166 1179,2165 1226,2165 1273,2166 1320,2166 1367,2168 1415,2169"/>
                <TextEquiv>
                    <Unicode>noch nit anzenemen gesumet sye.</Unicode>
                </TextEquiv>
            </TextLine>
            <TextLine id="r4l29" custom="readingOrder {index:28;} person {offset:10; length:12;}">
                <Coords points="478,2366 748,2342 822,2381 882,2334 997,2386 1059,2336 1300,2311 1436,2350 1546,2313 1543,2244 1214,2288 1127,2246 1049,2272 891,2232 673,2272 556,2340 476,2323"/>
                <Baseline points="485,2360 537,2355 590,2352 643,2348 695,2345 748,2342 801,2338 853,2335 906,2332 959,2329 1012,2327 1064,2324 1117,2322 1170,2321 1222,2318 1275,2318 1328,2316 1380,2315 1433,2315 1486,2315 1539,2315"/>
                <TextEquiv>
                    <Unicode>Denie alß Baßiag Beldi ein mart shr</Unicode>
                </TextEquiv>
            </TextLine>
            <TextLine id="r4l30" custom="readingOrder {index:29;}">
                <Coords points="490,2454 613,2437 683,2487 767,2434 853,2481 1031,2409 1251,2445 1558,2396 1556,2352 1397,2316 1290,2367 1241,2331 1058,2336 998,2387 487,2376"/>
                <Baseline points="498,2444 550,2439 603,2435 655,2432 708,2427 761,2425 813,2422 866,2419 918,2417 971,2414 1024,2412 1076,2410 1129,2408 1181,2406 1234,2403 1287,2402 1339,2399 1392,2397 1444,2395 1497,2391 1550,2388"/>
                <TextEquiv>
                    <Unicode>syn Baser gsie und sich by ihme erlich und</Unicode>
                </TextEquiv>
            </TextLine>
            <TextLine id="r4l31" custom="readingOrder {index:30;}">
                <Coords points="482,2534 579,2569 623,2525 717,2553 754,2518 824,2558 877,2509 959,2551 1114,2495 1228,2521 1419,2474 1561,2508 1554,2400 1473,2393 1199,2452 1032,2423 854,2481 767,2435 685,2488 478,2478"/>
                <Baseline points="489,2529 542,2525 595,2521 648,2516 701,2511 754,2508 807,2503 860,2499 913,2495 966,2492 1020,2487 1073,2484 1126,2480 1179,2477 1232,2475 1285,2472 1338,2469 1391,2468 1444,2466 1497,2465 1551,2465"/>
                <TextEquiv>
                    <Unicode>wohl gehalten, also daß er ihre zu erkentns</Unicode>
                </TextEquiv>
            </TextLine>
            <TextLine id="r4l32" custom="readingOrder {index:31;}">
                <Coords points="484,2689 741,2613 1058,2618 1103,2576 1248,2609 1395,2558 1468,2586 1568,2558 1564,2502 1375,2479 1324,2531 1206,2543 1153,2509 1098,2554 875,2511 797,2574 625,2525 578,2569 475,2571"/>
                <Baseline points="486,2627 539,2624 593,2619 646,2616 700,2611 754,2606 807,2602 861,2598 915,2592 968,2587 1022,2583 1076,2578 1129,2573 1183,2569 1237,2564 1290,2560 1344,2556 1398,2553 1451,2550 1505,2547 1559,2546"/>
                <TextEquiv>
                    <Unicode>ihrer Zeuwen diensten ein Verehrung von 220t</Unicode>
                </TextEquiv>
            </TextLine>
            <TextLine id="r4l33" custom="readingOrder {index:32;}">
                <Coords points="458,2771 545,2769 645,2701 771,2751 932,2694 1200,2712 1375,2638 1514,2662 1568,2646 1561,2559 1369,2599 1308,2570 1254,2613 1133,2596 1095,2638 974,2600 923,2641 728,2618 449,2662"/>
                <Baseline points="461,2718 515,2712 570,2706 625,2700 680,2695 735,2691 790,2686 845,2683 900,2678 955,2673 1010,2670 1064,2666 1119,2661 1174,2657 1229,2654 1284,2649 1339,2645 1394,2640 1449,2635 1504,2630 1559,2624"/>
                <TextEquiv>
                    <Unicode>ge thun und ze schenken verversachet worden, hat</Unicode>
                </TextEquiv>
            </TextLine>
            <TextLine id="r4l34" custom="readingOrder {index:33;} person {offset:3; length:5;}">
                <Coords points="475,2815 660,2796 776,2829 937,2766 1487,2762 1562,2720 1557,2662 1457,2689 1378,2639 1115,2731 933,2694 870,2746 831,2718 750,2756 634,2718 572,2773 472,2783"/>
                <Baseline points="483,2811 536,2805 590,2799 643,2794 697,2788 750,2783 804,2779 857,2774 911,2769 964,2764 1018,2760 1072,2755 1125,2752 1179,2748 1232,2744 1286,2739 1339,2734 1393,2730 1446,2726 1500,2721 1554,2715"/>
                <TextEquiv>
                    <Unicode>er Haldi sich nit weniger alß by anderen be</Unicode>
                </TextEquiv>
            </TextLine>
            <TextLine id="r4l35" custom="readingOrder {index:34;}">
                <Coords points="490,2942 1015,2858 1193,2895 1355,2841 1467,2866 1570,2823 1563,2738 1157,2765 1095,2808 918,2782 636,2865 481,2834"/>
                <Baseline points="495,2906 548,2900 601,2895 655,2888 708,2883 761,2878 815,2874 868,2868 921,2863 975,2859 1028,2855 1081,2849 1135,2845 1188,2841 1241,2836 1295,2830 1348,2826 1401,2822 1455,2817 1508,2811 1562,2807"/>
                <TextEquiv>
                    <Unicode>schechen gegeschleickt, der magt forgeben syn</Unicode>
                </TextEquiv>
            </TextLine>
            <TextLine id="r4l36" custom="readingOrder {index:35;}">
                <Coords points="456,3026 684,2976 871,2976 920,3011 971,2966 1370,2957 1465,2901 1574,2903 1565,2813 1463,2881 1236,2870 865,2935 809,2893 765,2930 655,2901 585,2964 450,2960"/>
                <Baseline points="461,2999 516,2994 571,2989 626,2983 681,2979 737,2973 792,2969 847,2963 902,2959 957,2953 1013,2948 1068,2943 1123,2937 1178,2933 1233,2927 1289,2920 1344,2913 1399,2907 1454,2901 1509,2893 1565,2885"/>
                <TextEquiv>
                    <Unicode>dar nüt bekonnen noch erhalten mögen, also das</Unicode>
                </TextEquiv>
            </TextLine>
            <TextLine id="r4l37" custom="readingOrder {index:36;}">
                <Coords points="470,3113 777,3100 830,3064 1051,3083 1279,2999 1583,3023 1570,2911 1479,2905 1338,2962 1245,2939 1195,2982 1049,2959 920,3019 849,2981 737,3032 677,2993 466,3072"/>
                <Baseline points="477,3099 531,3092 586,3086 640,3080 695,3073 749,3067 804,3060 858,3055 913,3048 967,3043 1022,3037 1077,3030 1131,3025 1186,3017 1240,3011 1295,3004 1349,2997 1404,2990 1458,2983 1513,2976 1568,2967"/>
                <TextEquiv>
                    <Unicode>er sy durch bewegliche wort uberredt, daß</Unicode>
                </TextEquiv>
            </TextLine>
            <TextLine id="r4l38" custom="readingOrder {index:37;}">
                <Coords points="493,3253 716,3171 771,3195 1570,3060 1564,3017 1457,3040 1405,3004 1295,3075 1201,3029 1157,3076 1096,3051 867,3112 788,3086 703,3124 647,3088 476,3121"/>
                <Baseline points="492,3188 545,3182 599,3176 652,3169 706,3164 759,3158 813,3152 866,3147 920,3140 973,3134 1027,3127 1080,3120 1134,3115 1187,3108 1241,3102 1294,3094 1348,3086 1401,3079 1455,3071 1508,3063 1562,3054"/>
                <TextEquiv>
                    <Unicode>sy ihme dißere gantze verthrung vmb 40 f</Unicode>
                </TextEquiv>
            </TextLine>
            <TextLine id="r4l39" custom="readingOrder {index:38;} person {offset:39; length:6; continued:true;}">
                <Coords points="448,3315 806,3289 848,3240 1374,3224 1538,3164 1559,3095 1449,3083 1311,3138 1233,3109 1109,3171 798,3167 759,3209 640,3197 550,3255 437,3242"/>
                <Baseline points="453,3299 508,3290 563,3281 618,3274 673,3267 728,3259 783,3252 839,3244 894,3237 949,3229 1004,3222 1059,3213 1114,3206 1169,3198 1225,3189 1280,3180 1335,3171 1390,3161 1445,3151 1500,3140 1556,3128"/>
                <TextEquiv>
                    <Unicode>verkaufft, er aber volgechts gedachten Basien</Unicode>
                </TextEquiv>
            </TextLine>
            <TextLine id="r4l40" custom="readingOrder {index:39;} person {offset:0; length:5; continued:true;}">
                <Coords points="456,3401 758,3390 810,3340 1057,3339 1114,3298 1378,3300 1433,3245 1491,3274 1588,3231 1575,3145 1366,3231 1019,3244 839,3318 767,3285 631,3343 522,3307 447,3343"/>
                <Baseline points="462,3389 517,3379 573,3372 629,3363 685,3354 740,3347 796,3340 852,3332 908,3324 963,3317 1019,3309 1075,3301 1131,3293 1186,3284 1242,3276 1298,3267 1354,3257 1409,3246 1465,3237 1521,3226 1577,3213"/>
                <TextEquiv>
                    <Unicode>Baldi rechtlich darumb angelanget und genacht, des</Unicode>
                </TextEquiv>
            </TextLine>
            <TextLine id="r4l41" custom="readingOrder {index:40;}">
                <Coords points="476,3494 911,3415 1242,3426 1299,3375 1581,3324 1569,3247 1170,3329 1085,3306 973,3361 891,3339 744,3413 634,3380 469,3448"/>
                <Baseline points="480,3476 534,3466 588,3456 643,3448 697,3439 752,3431 806,3424 861,3416 915,3410 970,3402 1024,3395 1078,3387 1133,3380 1187,3373 1242,3364 1296,3355 1351,3344 1405,3333 1460,3321 1514,3308 1569,3294"/>
                <TextEquiv>
                    <Unicode>ihme die 220 l volkomen ußgbrichtet worden</Unicode>
                </TextEquiv>
            </TextLine>
            <TextLine id="r4l42" custom="readingOrder {index:41;}">
                <Coords points="1514,3514 1528,3513 1530,3509 1535,3508 1540,3511 1548,3503 1555,3508 1562,3506 1546,3415 1526,3419 1510,3439 1501,3442"/>
                <Baseline points="1518,3492 1551,3486"/>
                <TextEquiv>
                    <Unicode>nd</Unicode>
                </TextEquiv>
            </TextLine>
            <TextLine id="r4l43" custom="readingOrder {index:42;}">
                <Coords points="438,3600 974,3548 1191,3476 1292,3512 1324,3468 1431,3479 1590,3395 1574,3294 1479,3377 1276,3383 1239,3430 917,3424 790,3450 748,3507 490,3495 427,3533"/>
                <Baseline points="444,3587 500,3574 557,3563 614,3552 671,3543 728,3533 785,3525 841,3518 898,3510 955,3503 1012,3495 1069,3488 1126,3480 1183,3471 1239,3462 1296,3452 1353,3441 1410,3429 1467,3416 1524,3400 1581,3384"/>
                <TextEquiv>
                    <Unicode>Davore er der Nagt, die versorchenen 40s</Unicode>
                </TextEquiv>
            </TextLine>
            <TextEquiv>
                <Unicode>1642
gdet n ger entet i he g
lige detn zeshe 06 16 s  1
verlarst und schaden ze beohneten, die ihnen ze
ein entschadnuß versprochen und dem scheyler
albereit angeben, ihnen aber hernach ß gaß
ursach fmiegnit sy nit wüßen) nit erstattet
und geliferet.



6

Wyters aaß adane Annen ihne kellenetliche
gestalten an ihrer verlezt, habe er Hallli
reparation derselbig, ihne Annen In ein Rrich
breiigen wöllen, so er aber nit gebewitligen
können und mit anders alß die warheit
geredt ze haben vermeint, glychwohlen sye der
sruch gemacht, die wore uffgehept und er
Annen vmb den kosten verfehlt worden, von
welche sin wegen, er ihme auch ein gewäße sen
gelts by Stepsaro Schwendener hinderraufe
guzogen sich sells vmb daß sruchgelt bescht
gemacht und der spruchbrieff versiglen lasen
da doch er noch Zerwants de Iynem Nahmen
den spruch iemahls Eegenofen habe, vnd
noch nit anzenemen gesumet sye.
Denie alß Baßiag Beldi ein mart shr
syn Baser gsie und sich by ihme erlich und
wohl gehalten, also daß er ihre zu erkentns
ihrer Zeuwen diensten ein Verehrung von 220t
ge thun und ze schenken verversachet worden, hat
er Haldi sich nit weniger alß by anderen be
schechen gegeschleickt, der magt forgeben syn
dar nüt bekonnen noch erhalten mögen, also das
er sy durch bewegliche wort uberredt, daß
sy ihme dißere gantze verthrung vmb 40 f
verkaufft, er aber volgechts gedachten Basien
Baldi rechtlich darumb angelanget und genacht, des
ihme die 220 l volkomen ußgbrichtet worden
nd
Davore er der Nagt, die versorchenen 40s</Unicode>
            </TextEquiv>
        </TextRegion>
        <TextRegion orientation="0.0" id="r5" custom="readingOrder {index:4;}">
            <Coords points="1541,247 1541,400 1571,400 1571,247"/>
            <TextLine id="r5l1" custom="readingOrder {index:0;}">
                <Coords points="1537,386 1548,386 1564,375 1572,379 1582,378 1572,281 1563,282 1555,277 1536,300 1528,301"/>
                <Baseline points="1541,350 1571,347"/>
                <TextEquiv>
                    <Unicode>1</Unicode>
                </TextEquiv>
            </TextLine>
            <TextEquiv>
                <Unicode>1</Unicode>
            </TextEquiv>
        </TextRegion>
        <TextRegion orientation="0.0" id="r6" custom="readingOrder {index:5;}">
            <Coords points="1613,1975 1613,2128 1646,2128 1646,1975"/>
            <TextLine id="r6l1" custom="readingOrder {index:0;}">
                <Coords points="1606,2085 1617,2085 1619,2082 1639,2097 1645,2092 1655,2092 1648,2019 1634,2024 1617,2011 1609,2020 1600,2021"/>
                <Baseline points="1613,2078 1646,2075"/>
                <TextEquiv>
                    <Unicode>16.</Unicode>
                </TextEquiv>
            </TextLine>
            <TextEquiv>
                <Unicode>16.</Unicode>
            </TextEquiv>
        </TextRegion>
        <TextRegion orientation="0.0" id="r7" custom="readingOrder {index:6;}">
            <Coords points="1628,1753 1628,1909 1658,1909 1658,1753"/>
            <TextLine id="r7l1" custom="readingOrder {index:0;}">
                <Coords points="1627,1895 1641,1893 1655,1880 1670,1876 1650,1777 1641,1779 1623,1767 1615,1767 1603,1773"/>
                <Baseline points="1628,1859 1658,1853"/>
                <TextEquiv>
                    <Unicode>1</Unicode>
                </TextEquiv>
            </TextLine>
            <TextEquiv>
                <Unicode>1</Unicode>
            </TextEquiv>
        </TextRegion>
        <TextRegion orientation="0.0" id="r8" custom="readingOrder {index:7;}">
            <Coords points="1650,2203 1650,2353 1665,2353 1665,2203"/>
            <TextLine id="r8l1" custom="readingOrder {index:0;}">
                <Coords points="1643,2316 1655,2315 1659,2310 1665,2313 1673,2313 1673,2232 1664,2232 1655,2235 1650,2240 1643,2240"/>
                <Baseline points="1650,2303 1665,2303"/>
                <TextEquiv>
                    <Unicode></Unicode>
                </TextEquiv>
            </TextLine>
            <TextEquiv>
                <Unicode></Unicode>
            </TextEquiv>
        </TextRegion>
        <TextRegion orientation="0.0" id="r9" custom="readingOrder {index:8;}">
            <Coords points="1605,186 1605,3501 2897,3501 2897,186"/>
            <TextLine id="r9l1" custom="readingOrder {index:0;}">
                <Coords points="2019,294 2058,275 2204,292 2251,269 2273,276 2328,237 2360,235 2352,165 2313,187 2254,170 2218,189 2163,161 2106,185 2063,185 2010,218"/>
                <Baseline points="2022,261 2047,257 2072,255 2097,251 2123,247 2148,244 2173,240 2199,238 2224,234 2249,231 2275,229 2300,227 2325,225 2351,224"/>
                <TextEquiv>
                    <Unicode>1642</Unicode>
                </TextEquiv>
            </TextLine>
            <TextLine id="r9l2" custom="readingOrder {index:1;}">
                <Coords points="1681,486 1717,454 1816,469 1923,400 1963,424 2220,359 2335,376 2435,325 2809,306 2793,201 2706,207 2648,241 2423,239 2274,308 2191,285 2131,331 2030,292 1919,310 1668,395"/>
                <Baseline points="1685,456 1740,441 1796,428 1851,416 1907,404 1963,392 2018,381 2074,371 2130,361 2185,353 2241,344 2297,336 2352,328 2408,322 2464,316 2519,310 2575,304 2631,299 2686,294 2742,290 2798,287"/>
                <TextEquiv>
                    <Unicode>und uß mittigden hernach noch 50 l hiemit ihr</Unicode>
                </TextEquiv>
            </TextLine>
            <TextLine id="r9l3" custom="readingOrder {index:2;}">
                <Coords points="1600,385 1642,368 1657,379 1663,372 1675,373 1686,362 1707,362 1698,274 1677,277 1649,302 1643,301 1618,322 1613,319 1602,331 1594,332"/>
                <Baseline points="1605,360 1636,360 1667,356 1698,351"/>
                <TextEquiv>
                    <Unicode>us.</Unicode>
                </TextEquiv>
            </TextLine>
            <TextLine id="r9l4" custom="readingOrder {index:3;}">
                <Coords points="1688,527 1830,526 1920,470 1982,493 2193,413 2553,440 2708,376 2795,388 2780,288 2725,326 2511,315 1964,424 1920,398 1818,469 1682,488"/>
                <Baseline points="1695,522 1749,508 1803,494 1858,482 1912,469 1967,459 2021,448 2075,437 2130,427 2184,418 2239,409 2293,401 2347,393 2402,386 2456,380 2511,374 2565,369 2619,366 2674,362 2728,360 2783,357"/>
                <TextEquiv>
                    <Unicode>allem 90 f gegaben, und die vbrigen 130f</Unicode>
                </TextEquiv>
            </TextLine>
            <TextLine id="r9l5" custom="readingOrder {index:4;}">
                <Coords points="1693,599 1714,587 1841,635 1878,587 1974,585 2016,550 2090,569 2133,537 2281,525 2269,462 2174,439 2146,460 2042,461 2014,492 1899,476 1819,526 1782,506 1681,538"/>
                <Baseline points="1698,588 1726,585 1754,579 1783,572 1811,567 1840,560 1868,553 1897,546 1925,539 1954,532 1982,525 2010,519 2039,514 2067,507 2096,503 2124,499 2153,497 2181,494 2210,494 2238,493 2267,494"/>
                <TextEquiv>
                    <Unicode>tußh hlten behalen.</Unicode>
                </TextEquiv>
            </TextLine>
            <TextLine id="r9l6" custom="readingOrder {index:5;} person {offset:12; length:22;}">
                <Coords points="1732,733 1840,709 1994,744 2135,666 2377,643 2425,672 2496,624 2628,657 2848,578 2836,461 2670,529 2386,534 2230,586 2012,557 1898,666 1853,642 1729,708"/>
                <Baseline points="1739,726 1794,714 1849,702 1904,693 1959,684 2015,676 2070,668 2125,661 2180,654 2235,648 2291,642 2346,637 2401,632 2456,627 2511,622 2567,617 2622,611 2677,606 2732,600 2787,594 2843,587"/>
                <TextEquiv>
                    <Unicode>mnethen alß Hanser Jaggis Schwiger, zue</Unicode>
                </TextEquiv>
            </TextLine>
            <TextLine id="r9l7" custom="readingOrder {index:6;}">
                <Coords points="1681,819 2112,738 2293,719 2367,756 2401,715 2722,702 2816,683 2807,601 2713,654 2492,627 2424,673 2164,670 1989,737 1813,709 1745,746 1668,706"/>
                <Baseline points="1688,809 1744,795 1800,785 1856,775 1912,764 1968,755 2024,747 2080,739 2136,731 2192,726 2248,719 2304,713 2360,708 2416,702 2472,699 2528,694 2584,690 2640,686 2696,681 2752,677 2808,674"/>
                <TextEquiv>
                    <Unicode>hittkinder durch mittell ihres testaments</Unicode>
                </TextEquiv>
            </TextLine>
            <TextLine id="r9l8" custom="readingOrder {index:7;}">
                <Coords points="1605,760 1614,763 1622,757 1635,758 1645,767 1650,764 1656,771 1667,770 1674,685 1660,686 1655,679 1650,677 1647,680 1642,676 1630,685 1620,676 1612,675"/>
                <Baseline points="1614,746 1661,750"/>
                <TextEquiv>
                    <Unicode>1.</Unicode>
                </TextEquiv>
            </TextLine>
            <TextLine id="r9l9" custom="readingOrder {index:8;} person {offset:34; length:5;}">
                <Coords points="1695,901 1771,921 1813,870 1894,897 2005,836 2089,887 2224,804 2430,782 2564,827 2615,777 2796,770 2814,719 2672,698 2591,744 2500,702 2392,761 2250,735 2084,805 1971,768 1829,838 1687,829"/>
                <Baseline points="1700,885 1755,874 1811,862 1866,852 1922,843 1977,835 2033,826 2088,819 2144,811 2199,805 2255,799 2310,793 2366,788 2421,783 2477,778 2532,774 2588,770 2643,765 2699,763 2754,758 2810,755"/>
                <TextEquiv>
                    <Unicode>etlicher gestalten enteebt und er Balli soliches</Unicode>
                </TextEquiv>
            </TextLine>
            <TextLine id="r9l10" custom="readingOrder {index:9;}">
                <Coords points="1685,1000 1945,917 2004,945 2135,902 2197,942 2287,883 2374,908 2421,871 2664,852 2754,890 2794,864 2788,805 2615,777 2563,827 2481,800 2444,829 2273,800 2084,885 1752,924 1674,893"/>
                <Baseline points="1688,956 1742,947 1797,939 1852,929 1907,922 1961,914 2016,908 2071,900 2126,894 2180,889 2235,884 2290,879 2345,874 2399,869 2454,864 2509,860 2564,855 2618,851 2673,846 2728,842 2783,837"/>
                <TextEquiv>
                    <Unicode>vernommen, sege er alsobald zu ihm komnen.</Unicode>
                </TextEquiv>
            </TextLine>
            <TextLine id="r9l11" custom="readingOrder {index:10;}">
                <Coords points="1674,1043 2172,980 2261,1015 2322,963 2425,984 2663,930 2751,986 2817,951 2809,872 2754,903 2667,853 2525,920 2429,892 2203,947 2131,901 2008,962 1789,957 1670,1000"/>
                <Baseline points="1682,1034 1738,1024 1794,1014 1850,1006 1907,999 1963,992 2019,986 2075,980 2132,974 2188,970 2244,965 2300,960 2357,957 2413,952 2469,948 2525,944 2582,939 2638,935 2694,930 2750,926 2807,921"/>
                <TextEquiv>
                    <Unicode>und ihme vertroßung gethan, er wolte daß</Unicode>
                </TextEquiv>
            </TextLine>
            <TextLine id="r9l12" custom="readingOrder {index:11;}">
                <Coords points="1685,1130 1801,1088 1980,1125 2118,1078 2236,1102 2359,1044 2490,1044 2552,1091 2611,1044 2853,1010 2663,939 2578,995 2528,958 2405,1007 2341,972 2279,1013 2037,994 1680,1055"/>
                <Baseline points="1691,1101 1748,1094 1806,1087 1864,1080 1922,1074 1979,1069 2037,1062 2095,1057 2153,1053 2210,1049 2268,1044 2326,1040 2384,1037 2441,1032 2499,1029 2557,1026 2615,1024 2672,1022 2730,1020 2788,1017 2846,1016"/>
                <TextEquiv>
                    <Unicode>lesament, lychtlich brechen und stürzen können.</Unicode>
                </TextEquiv>
            </TextLine>
            <TextLine id="r9l13" custom="readingOrder {index:12;}">
                <Coords points="1681,1195 1737,1218 2045,1137 2123,1187 2213,1129 2361,1162 2648,1106 2813,1134 2861,1117 2854,1009 2689,1081 2617,1048 2473,1096 2354,1050 2202,1112 1676,1119"/>
                <Baseline points="1688,1179 1746,1172 1804,1165 1862,1159 1920,1152 1979,1147 2037,1142 2095,1136 2153,1132 2211,1128 2270,1124 2328,1121 2386,1118 2444,1115 2502,1113 2561,1111 2619,1109 2677,1107 2735,1105 2793,1104 2852,1103"/>
                <TextEquiv>
                    <Unicode>also daß er, wo solcher hoffnung, ihne zum By</Unicode>
                </TextEquiv>
            </TextLine>
            <TextLine id="r9l14" custom="readingOrder {index:13;}">
                <Coords points="1700,1259 2092,1214 2213,1251 2449,1199 2567,1248 2635,1198 2778,1218 2803,1142 2461,1137 2326,1182 2216,1130 2125,1187 2040,1150 1697,1204"/>
                <Baseline points="1706,1245 1760,1239 1815,1234 1869,1229 1924,1224 1979,1220 2033,1216 2088,1212 2142,1209 2197,1206 2252,1203 2306,1200 2361,1199 2415,1197 2470,1194 2525,1193 2579,1191 2634,1190 2688,1188 2743,1187 2798,1185"/>
                <TextEquiv>
                    <Unicode>soender angesprochen, er sich auch bruchen laßen,</Unicode>
                </TextEquiv>
            </TextLine>
            <TextLine id="r9l15" custom="readingOrder {index:14;}">
                <Coords points="1697,1334 2042,1290 2118,1339 2220,1294 2749,1300 2905,1269 2902,1204 2832,1178 2571,1247 2299,1205 2239,1257 2082,1221 2014,1263 1695,1291"/>
                <Baseline points="1703,1320 1762,1312 1822,1305 1882,1300 1941,1294 2001,1290 2061,1286 2120,1281 2180,1280 2240,1276 2300,1274 2359,1272 2419,1271 2479,1269 2538,1266 2598,1265 2658,1263 2717,1262 2777,1260 2837,1257 2897,1256"/>
                <TextEquiv>
                    <Unicode>und ihme albereit iren oder denmahl bygestaden,</Unicode>
                </TextEquiv>
            </TextLine>
            <TextLine id="r9l16" custom="readingOrder {index:15;}">
                <Coords points="1691,1422 1908,1376 2032,1419 2204,1367 2305,1412 2595,1350 2831,1366 2803,1282 1688,1350"/>
                <Baseline points="1697,1397 1753,1388 1809,1382 1865,1376 1922,1370 1978,1366 2034,1363 2090,1360 2147,1358 2203,1356 2259,1355 2315,1354 2372,1353 2428,1352 2484,1352 2540,1350 2597,1349 2653,1346 2709,1344 2765,1341 2822,1337"/>
                <TextEquiv>
                    <Unicode>alß er aber außen wollen, waß er ihne entlich</Unicode>
                </TextEquiv>
            </TextLine>
            <TextLine id="r9l17" custom="readingOrder {index:16;}">
                <Coords points="1702,1489 1819,1456 1901,1491 2038,1443 2088,1472 2140,1436 2292,1483 2480,1412 2833,1437 2794,1356 2305,1412 2237,1379 1935,1422 1874,1389 1768,1441 1700,1416"/>
                <Baseline points="1709,1466 1764,1458 1820,1453 1876,1447 1932,1443 1988,1439 2043,1436 2099,1433 2155,1431 2211,1430 2267,1428 2322,1427 2378,1425 2434,1425 2490,1424 2546,1423 2601,1422 2657,1421 2713,1419 2769,1418 2825,1415"/>
                <TextEquiv>
                    <Unicode>für sn Bueg zulohr geben werde und er sich</Unicode>
                </TextEquiv>
            </TextLine>
            <TextLine id="r9l18" custom="readingOrder {index:17;}">
                <Coords points="1691,1582 2013,1520 2093,1561 2353,1513 2453,1569 2584,1500 2700,1535 2767,1494 2764,1412 2694,1468 2480,1412 2370,1478 2146,1441 1689,1525"/>
                <Baseline points="1697,1544 1750,1537 1803,1532 1856,1526 1909,1523 1962,1519 2015,1515 2068,1512 2121,1511 2174,1508 2228,1505 2281,1504 2334,1502 2387,1500 2440,1500 2493,1499 2546,1497 2599,1496 2652,1494 2705,1494 2759,1491"/>
                <TextEquiv>
                    <Unicode>eerotten, alleß daß ze thun, waß ihrerlichs</Unicode>
                </TextEquiv>
            </TextLine>
            <TextLine id="r9l19" custom="readingOrder {index:18;}">
                <Coords points="1670,1659 1940,1603 2024,1653 2132,1584 2208,1629 2254,1585 2470,1577 2651,1621 2740,1574 2839,1585 2837,1515 2795,1493 2697,1540 2649,1503 2498,1554 2453,1521 2405,1558 2273,1507 2177,1558 2048,1524 1668,1578"/>
                <Baseline points="1677,1616 1734,1610 1792,1604 1850,1600 1907,1595 1965,1593 2023,1589 2080,1586 2138,1584 2196,1583 2254,1581 2311,1580 2369,1580 2427,1578 2484,1578 2542,1578 2600,1577 2657,1577 2715,1577 2773,1577 2831,1577"/>
                <TextEquiv>
                    <Unicode>hernach nach beschaffenheit syner gehapten Muey</Unicode>
                </TextEquiv>
            </TextLine>
            <TextLine id="r9l20" custom="readingOrder {index:19;}">
                <Coords points="1661,1701 1784,1735 2110,1673 2227,1723 2293,1674 2528,1693 2581,1661 2666,1706 2707,1667 2782,1684 2781,1627 2696,1595 2237,1648 2094,1586 2025,1652 1896,1605 1660,1669"/>
                <Baseline points="1668,1695 1723,1691 1778,1687 1833,1683 1889,1679 1944,1677 1999,1674 2055,1671 2110,1670 2165,1668 2221,1667 2276,1665 2331,1664 2386,1664 2442,1664 2497,1664 2552,1664 2608,1663 2663,1664 2718,1664 2774,1664"/>
                <TextEquiv>
                    <Unicode>werden erkennen komnen, habe er sich deßer</Unicode>
                </TextEquiv>
            </TextLine>
            <TextLine id="r9l21" custom="readingOrder {index:20;}">
                <Coords points="1681,1778 1757,1812 1864,1761 2019,1803 2165,1755 2240,1795 2555,1743 2693,1793 2839,1774 2839,1725 2778,1706 2526,1728 2412,1677 2275,1725 2075,1683 1888,1736 1681,1724"/>
                <Baseline points="1689,1770 1746,1766 1803,1762 1860,1759 1917,1757 1974,1755 2031,1754 2089,1752 2146,1751 2203,1751 2260,1749 2317,1749 2374,1751 2431,1751 2489,1752 2546,1752 2603,1754 2660,1755 2717,1758 2774,1760 2832,1761"/>
                <TextEquiv>
                    <Unicode>glychwohl nit ersertig mögen, sondern ye von ihme</Unicode>
                </TextEquiv>
            </TextLine>
            <TextLine id="r9l22" custom="readingOrder {index:21;}">
                <Coords points="1673,1878 2085,1847 2352,1897 2498,1831 2577,1878 2765,1883 2834,1871 2835,1799 2719,1805 2558,1743 2473,1805 2090,1760 2028,1807 1972,1765 1766,1816 1674,1777"/>
                <Baseline points="1680,1850 1737,1845 1794,1842 1851,1840 1909,1838 1966,1836 2023,1835 2081,1833 2138,1833 2195,1833 2253,1835 2310,1835 2367,1836 2424,1838 2482,1839 2539,1841 2596,1843 2654,1845 2711,1847 2768,1850 2826,1851"/>
                <TextEquiv>
                    <Unicode>abgestanden und habe sich zu syner widerpart,</Unicode>
                </TextEquiv>
            </TextLine>
            <TextLine id="r9l23" custom="readingOrder {index:22;}">
                <Coords points="1678,1971 2059,1980 2185,1923 2280,1984 2356,1985 2459,1933 2525,1951 2525,1861 2424,1880 2391,1857 2351,1897 2224,1855 2194,1881 2098,1861 2066,1890 1883,1864 1793,1907 1677,1869"/>
                <Baseline points="1686,1925 1727,1925 1769,1924 1810,1923 1852,1922 1893,1922 1935,1920 1976,1920 2018,1919 2059,1919 2101,1917 2143,1917 2184,1917 2226,1917 2267,1917 2309,1917 2350,1919 2392,1920 2433,1922 2475,1924 2517,1926"/>
                <TextEquiv>
                    <Unicode>ihme von deßweg zu widergestelt.</Unicode>
                </TextEquiv>
            </TextLine>
            <TextLine id="r9l24" custom="readingOrder {index:23;}">
                <Coords points="1687,2016 1696,2016 1717,2037 1728,2028 1736,2028 1736,1967 1726,1967 1723,1964 1719,1967 1714,1963 1687,1964"/>
                <Baseline points="1695,2016 1728,2016"/>
                <TextEquiv>
                    <Unicode>8</Unicode>
                </TextEquiv>
            </TextLine>
            <TextLine id="r9l25" custom="readingOrder {index:24;} person {offset:15; length:9;}">
                <Coords points="1677,2087 1918,2069 1998,2125 2456,2073 2491,2107 2551,2076 2806,2105 2807,2037 2606,2048 2448,1988 2151,2007 1854,1971 1678,2028"/>
                <Baseline points="1686,2069 1741,2067 1797,2066 1852,2066 1908,2066 1964,2066 2019,2066 2075,2066 2131,2066 2186,2067 2242,2068 2298,2069 2353,2070 2409,2072 2465,2073 2520,2075 2576,2075 2632,2077 2687,2078 2743,2079 2799,2081"/>
                <TextEquiv>
                    <Unicode>gutliches alst Hanß Orli und Ferrach auch</Unicode>
                </TextEquiv>
            </TextLine>
            <TextLine id="r9l26" custom="readingOrder {index:25;} person {offset:14; length:12;}">
                <Coords points="1683,2152 1803,2154 1862,2208 1960,2151 2100,2180 2277,2140 2606,2144 2697,2203 2749,2155 2830,2186 2830,2123 2689,2076 2103,2122 1977,2118 1918,2070 1683,2086"/>
                <Baseline points="1691,2147 1747,2145 1804,2144 1860,2142 1917,2142 1974,2141 2030,2141 2087,2141 2143,2141 2200,2141 2257,2142 2313,2142 2370,2143 2426,2144 2483,2145 2540,2147 2596,2148 2653,2150 2709,2151 2766,2153 2823,2154"/>
                <TextEquiv>
                    <Unicode>deßen Eefraue Appeli Matti ohne lybfelen</Unicode>
                </TextEquiv>
            </TextLine>
            <TextLine id="r9l27" custom="readingOrder {index:26;}">
                <Coords points="1682,2271 1908,2224 2252,2268 2452,2220 2594,2258 2692,2230 2796,2305 2897,2275 2898,2202 2776,2168 2706,2209 2636,2152 2476,2171 2439,2138 2328,2182 2246,2141 1683,2196"/>
                <Baseline points="1691,2223 1750,2223 1810,2223 1870,2222 1930,2222 1990,2222 2050,2222 2110,2222 2170,2220 2230,2222 2290,2222 2349,2222 2409,2223 2469,2225 2529,2226 2589,2229 2649,2231 2709,2234 2769,2238 2829,2243 2889,2247"/>
                <TextEquiv>
                    <Unicode>gestorben und sich zwüschen ihr der kemenschen</Unicode>
                </TextEquiv>
            </TextLine>
            <TextLine id="r9l28" custom="readingOrder {index:27;} person {offset:39; length:6; continued:true;}">
                <Coords points="1671,2314 1839,2368 1906,2315 2134,2347 2486,2316 2611,2376 2898,2321 2650,2240 2523,2302 2429,2228 2233,2276 2057,2231 1672,2280"/>
                <Baseline points="1679,2307 1739,2307 1800,2307 1860,2307 1921,2307 1981,2307 2042,2307 2102,2308 2163,2309 2223,2310 2284,2310 2344,2312 2405,2313 2465,2316 2526,2318 2586,2321 2647,2324 2707,2328 2768,2332 2828,2336 2889,2342"/>
                <TextEquiv>
                    <Unicode>benersyts verwanten und seckellmeister Rychen</Unicode>
                </TextEquiv>
            </TextLine>
            <TextLine id="r9l29" custom="readingOrder {index:28;} person {offset:0; length:4; continued:true;}">
                <Coords points="1675,2387 1797,2437 1880,2395 2037,2434 2392,2399 2499,2452 2617,2413 2683,2450 2833,2427 2835,2372 2733,2331 2467,2380 2320,2317 2155,2362 2076,2310 1913,2370 1737,2328 1675,2368"/>
                <Baseline points="1682,2385 1739,2387 1796,2388 1853,2388 1910,2390 1968,2390 2025,2391 2082,2391 2139,2393 2196,2394 2254,2394 2311,2396 2368,2397 2425,2399 2482,2402 2540,2404 2597,2407 2654,2411 2711,2414 2768,2418 2826,2423"/>
                <TextEquiv>
                    <Unicode>bach ihrem nachgehnderen eheman, ihres zytlichen</Unicode>
                </TextEquiv>
            </TextLine>
            <TextLine id="r9l30" custom="readingOrder {index:29;}">
                <Coords points="1707,2497 1994,2483 2192,2537 2256,2485 2348,2531 2537,2488 2687,2557 2845,2512 2848,2439 2778,2481 2667,2448 2622,2477 2567,2436 2475,2470 2320,2410 2143,2444 1853,2401 1709,2431"/>
                <Baseline points="1715,2471 1771,2471 1827,2472 1883,2474 1939,2475 1995,2477 2051,2478 2108,2480 2164,2482 2220,2484 2276,2486 2332,2489 2388,2490 2444,2492 2501,2493 2557,2496 2613,2498 2669,2499 2725,2501 2781,2502 2838,2504"/>
                <TextEquiv>
                    <Unicode>guts und verlaßenschafft halber strytigkeit</Unicode>
                </TextEquiv>
            </TextLine>
            <TextLine id="r9l31" custom="readingOrder {index:30;}">
                <Coords points="1665,2559 1800,2621 2123,2580 2464,2631 2521,2597 2898,2627 2901,2552 2829,2520 2429,2557 2239,2502 2192,2537 2090,2501 1667,2507"/>
                <Baseline points="1673,2549 1733,2553 1794,2558 1855,2561 1916,2565 1977,2568 2038,2570 2099,2573 2160,2574 2221,2576 2282,2577 2342,2579 2403,2580 2464,2582 2525,2585 2586,2586 2647,2589 2708,2592 2769,2597 2830,2601 2891,2606"/>
                <TextEquiv>
                    <Unicode>und gesoan erhept und zugetragen und aeferklich</Unicode>
                </TextEquiv>
            </TextLine>
            <TextLine id="r9l32" custom="readingOrder {index:31;} person {offset:25; length:6;}">
                <Coords points="1665,2693 1716,2659 1951,2697 2169,2676 2537,2733 2737,2678 2823,2720 2795,2612 2728,2644 2524,2606 2266,2640 2080,2592 2018,2626 1965,2586 1814,2630 1762,2584 1669,2585"/>
                <Baseline points="1674,2636 1731,2641 1788,2646 1845,2649 1902,2652 1959,2655 2016,2656 2073,2658 2130,2660 2187,2661 2245,2663 2302,2663 2359,2665 2416,2667 2473,2669 2530,2672 2587,2674 2644,2678 2701,2682 2758,2686 2816,2691"/>
                <TextEquiv>
                    <Unicode>srischen gedachter muter uppeli s erben und be</Unicode>
                </TextEquiv>
            </TextLine>
            <TextLine id="r9l33" custom="readingOrder {index:32;} person {offset:22; length:10;}">
                <Coords points="1678,2746 2088,2788 2176,2741 2227,2783 2452,2799 2520,2763 2670,2825 2819,2793 2822,2718 1680,2684"/>
                <Baseline points="1686,2720 1742,2727 1798,2732 1855,2737 1911,2741 1967,2744 2024,2747 2080,2749 2136,2751 2193,2753 2249,2754 2305,2754 2362,2756 2418,2757 2474,2759 2531,2760 2587,2762 2643,2765 2700,2768 2756,2771 2813,2775"/>
                <TextEquiv>
                    <Unicode>meltem seckellmeister Rychenbach wegen ihres</Unicode>
                </TextEquiv>
            </TextLine>
            <TextLine id="r9l34" custom="readingOrder {index:33;}">
                <Coords points="1624,2805 2075,2879 2311,2854 2511,2909 2851,2884 2856,2808 2558,2789 2490,2830 2396,2786 2207,2809 1907,2750 1626,2770"/>
                <Baseline points="1632,2798 1692,2804 1753,2810 1813,2815 1874,2820 1935,2824 1995,2828 2056,2832 2116,2835 2177,2838 2238,2841 2298,2844 2359,2847 2419,2850 2480,2853 2541,2856 2601,2859 2662,2862 2722,2867 2783,2872 2844,2876"/>
                <TextEquiv>
                    <Unicode>testaments, da ihnen dhee mattischen erben 1600f</Unicode>
                </TextEquiv>
            </TextLine>
            <TextLine id="r9l35" custom="readingOrder {index:34;}">
                <Coords points="1654,2933 2050,2960 2103,2927 2295,2992 2385,2944 2856,2983 2859,2927 2710,2886 2331,2909 2265,2863 2077,2884 1662,2807"/>
                <Baseline points="1664,2886 1723,2892 1782,2897 1841,2902 1901,2906 1960,2911 2019,2914 2078,2918 2138,2922 2197,2925 2256,2929 2315,2932 2375,2936 2434,2939 2493,2942 2552,2945 2612,2948 2671,2952 2730,2955 2789,2958 2849,2963"/>
                <TextEquiv>
                    <Unicode>für ihr unsprach gesprochen worden und sy zwar</Unicode>
                </TextEquiv>
            </TextLine>
            <TextLine id="r9l36" custom="readingOrder {index:35;}">
                <Coords points="1660,3013 1712,2986 1822,3056 1914,2999 2267,3051 2615,3041 2758,3107 2854,3062 2800,2984 2285,3000 2101,2937 1664,2934"/>
                <Baseline points="1670,2976 1728,2983 1787,2989 1846,2994 1905,2999 1964,3002 2023,3006 2081,3009 2140,3011 2199,3014 2258,3017 2317,3018 2376,3021 2435,3024 2493,3026 2552,3030 2611,3033 2670,3038 2729,3043 2788,3049 2847,3056"/>
                <TextEquiv>
                    <Unicode>beidersts wiltigklich angenommen hetten, so sye</Unicode>
                </TextEquiv>
            </TextLine>
            <TextLine id="r9l37" custom="readingOrder {index:36;} person {offset:8; length:5;} person {offset:37; length:10;}">
                <Coords points="1671,3072 1962,3136 2213,3104 2256,3153 2465,3116 2888,3173 2893,3080 2844,3064 2759,3109 2703,3050 2610,3041 2541,3073 1919,3002 1828,3057 1674,3027"/>
                <Baseline points="1679,3068 1739,3074 1799,3079 1859,3084 1919,3087 1979,3092 2039,3095 2100,3097 2160,3100 2220,3102 2280,3105 2340,3108 2400,3111 2460,3114 2521,3117 2581,3120 2641,3124 2701,3129 2761,3134 2821,3141 2882,3147"/>
                <TextEquiv>
                    <Unicode>aber er Baldi zu ged achtem seckelnd Rycherbach</Unicode>
                </TextEquiv>
            </TextLine>
            <TextLine id="r9l38" custom="readingOrder {index:37;}">
                <Coords points="1664,3179 1880,3203 1947,3171 2132,3219 2344,3194 2451,3255 2574,3210 2671,3250 2739,3223 2845,3280 2874,3200 2779,3154 2708,3192 2600,3129 2432,3176 2307,3127 2240,3171 2157,3127 1836,3150 1668,3114"/>
                <Baseline points="1674,3150 1733,3157 1793,3164 1852,3169 1912,3174 1971,3178 2031,3181 2090,3184 2150,3186 2209,3190 2269,3192 2328,3194 2388,3197 2447,3200 2507,3203 2566,3207 2626,3211 2685,3215 2745,3221 2804,3228 2864,3234"/>
                <TextEquiv>
                    <Unicode>ganger ihne abgehalten, mit herns zegeben, sonder</Unicode>
                </TextEquiv>
            </TextLine>
            <TextLine id="r9l39" custom="readingOrder {index:38;}">
                <Coords points="1666,3249 1995,3271 2034,3309 2255,3292 2352,3347 2443,3295 2770,3351 2871,3329 2874,3286 2735,3223 2560,3277 2346,3194 2133,3227 2058,3185 1903,3216 1670,3179"/>
                <Baseline points="1674,3234 1733,3240 1793,3246 1852,3252 1912,3257 1971,3261 2031,3264 2090,3267 2150,3271 2209,3275 2269,3278 2328,3282 2388,3284 2447,3287 2507,3292 2566,3296 2626,3300 2685,3305 2745,3312 2804,3319 2864,3326"/>
                <TextEquiv>
                    <Unicode>bim testament ze verblybh gemant, auch mit ihme</Unicode>
                </TextEquiv>
            </TextLine>
            <TextLine id="r9l40" custom="readingOrder {index:39;}">
                <Coords points="1674,3355 1931,3351 2009,3399 2225,3377 2262,3415 2372,3373 2506,3436 2590,3390 2850,3446 2868,3331 2650,3354 2528,3300 2459,3345 2266,3306 2080,3336 1830,3269 1677,3299"/>
                <Baseline points="1683,3326 1741,3333 1800,3340 1858,3345 1917,3350 1976,3353 2034,3356 2093,3360 2152,3363 2210,3365 2269,3368 2328,3370 2386,3372 2445,3375 2504,3378 2562,3381 2621,3384 2680,3390 2738,3394 2797,3399 2856,3405"/>
                <TextEquiv>
                    <Unicode>contrahirt, daß wan er ihme der salbigen theil</Unicode>
                </TextEquiv>
            </TextLine>
            <TextLine id="r9l41" custom="readingOrder {index:40;}">
                <Coords points="2635,3490 2658,3485 2687,3507 2698,3506 2731,3536 2753,3532 2783,3540 2789,3441 2767,3445 2754,3435 2714,3432 2707,3424 2688,3434 2666,3423 2638,3428"/>
                <Baseline points="2643,3473 2670,3475 2697,3477 2724,3479 2751,3479 2778,3482"/>
                <TextEquiv>
                    <Unicode>von</Unicode>
                </TextEquiv>
            </TextLine>
            <TextEquiv>
                <Unicode>1642
und uß mittigden hernach noch 50 l hiemit ihr
us.
allem 90 f gegaben, und die vbrigen 130f
tußh hlten behalen.
mnethen alß Hanser Jaggis Schwiger, zue
hittkinder durch mittell ihres testaments
1.
etlicher gestalten enteebt und er Balli soliches
vernommen, sege er alsobald zu ihm komnen.
und ihme vertroßung gethan, er wolte daß
lesament, lychtlich brechen und stürzen können.
also daß er, wo solcher hoffnung, ihne zum By
soender angesprochen, er sich auch bruchen laßen,
und ihme albereit iren oder denmahl bygestaden,
alß er aber außen wollen, waß er ihne entlich
für sn Bueg zulohr geben werde und er sich
eerotten, alleß daß ze thun, waß ihrerlichs
hernach nach beschaffenheit syner gehapten Muey
werden erkennen komnen, habe er sich deßer
glychwohl nit ersertig mögen, sondern ye von ihme
abgestanden und habe sich zu syner widerpart,
ihme von deßweg zu widergestelt.
8
gutliches alst Hanß Orli und Ferrach auch
deßen Eefraue Appeli Matti ohne lybfelen
gestorben und sich zwüschen ihr der kemenschen
benersyts verwanten und seckellmeister Rychen
bach ihrem nachgehnderen eheman, ihres zytlichen
guts und verlaßenschafft halber strytigkeit
und gesoan erhept und zugetragen und aeferklich
srischen gedachter muter uppeli s erben und be
meltem seckellmeister Rychenbach wegen ihres
testaments, da ihnen dhee mattischen erben 1600f
für ihr unsprach gesprochen worden und sy zwar
beidersts wiltigklich angenommen hetten, so sye
aber er Baldi zu ged achtem seckelnd Rycherbach
ganger ihne abgehalten, mit herns zegeben, sonder
bim testament ze verblybh gemant, auch mit ihme
contrahirt, daß wan er ihme der salbigen theil
von</Unicode>
            </TextEquiv>
        </TextRegion>
        <TextRegion orientation="0.0" id="r10" custom="readingOrder {index:9;}">
            <Coords points="2868,32 2868,184 2957,184 2957,32"/>
            <TextLine id="r10l1" custom="readingOrder {index:0;}">
                <Coords points="2861,155 2887,158 2893,164 2899,162 2928,173 2949,173 2957,165 2964,165 2964,97 2950,100 2923,85 2905,88 2888,98 2879,89 2860,91"/>
                <Baseline points="2868,134 2897,132 2927,134 2957,132"/>
                <TextEquiv>
                    <Unicode>131.</Unicode>
                </TextEquiv>
            </TextLine>
            <TextEquiv>
                <Unicode>131.</Unicode>
            </TextEquiv>
        </TextRegion>
    </Page>
</PcGts>
