3024 4032
40 198 96 317 4
608 245 838 374 1641.
98 293 1354 553 Daß die Birei belange, so sy solle geschättet hetz
173 450 1353 631 sagt also beschaffen Alß das sobersprtahl glase fer den
175 509 1338 688 herbst gangen, holt sy by Stempflis huß Birc
192 590 1333 768 aber benglet, etliche uffgelesen, die anden sy
207 671 1347 841 heißen nemmen, so sy gethan, aber sonsten kemes
208 755 805 872 wegs geschettet habe.
1237 833 1292 913 8
171 820 1340 1001 Von dem geklagten entfrombdeten kerb, dahreo
192 925 1354 1063 ihr mas zu redt gestelt worden und hernach uß syd
204 1007 1314 1148 den zun angestelt habe, möchte, wiße sy gentz
216 1074 1354 1221 nüt. Sye hiemit ebigen und andere puecten
220 1161 1328 1303 halben vor Peter Berners volk allein vß Nyd
232 1237 839 1343 und haß angebhn worden.
206 1297 1394 1469 Den 4. sept 1694 ist disere madles krig
229 1403 1271 1545 mit abtrag kostens, der pfangenschafft
1271 1421 1380 1536 Er
235 1475 1352 1626 laßen und ufffreyen fuß gestelt worden.
426 1622 1336 1783 Hanß Möscl und Hanße.
174 1742 1392 1889 Disere zwey knaben, jeder von ohngefarlich
245 1834 1360 1947 Wwolff jahren synes elters, des erste von
244 1908 1413 2057 dectat by M�llhusen und der ander von witte
199 1979 1424 2108 ner uß dem Elsaß (so hrrn zunaien nit weiß)
704 2049 998 2132 sta.
254 2051 1439 2199 pärtig, sind zu munfingen in einem kellen nachts
252 2122 1459 2289 ergriffen und alhar geführt und den 7. sepb 1691.
260 2200 1444 2379 durch die ehrendesthen etc. Hs Beeß Rudalff
261 2278 1423 2445 steiger deß kleinen, Hs Abraham Sibold deß
281 2346 1439 2519 großen schatts und hs Großweibell Leeber
278 2438 1433 2594 wortlich exammirt worden, haben aber anders
282 2506 1426 2666 nit bekennen wollen, alß das zu Trünstein dan
289 2575 1452 2765 sy in einem schürli ubernacht gelege, Jore kabh
290 2650 1442 2866 zu ihnen kenen, deren der einte ein blauwen
306 2744 1448 2956 Eschepen anghan und groß gfin syge, derander
304 2810 1440 3010 gerwuß heiße, die habnit sy angewisen, das sy
320 2899 1414 3082 mit ihnen zu einen keller ggegnnt, de werden
335 2944 1452 3157 sy brot fuden, der imblameen Tscheper syge
337 3030 1472 3241 foran gangen und habe daß schloß uffgebrochen
302 3128 1451 3325 Eß syge aber ein sparren hudes der thür gsin, das
322 3180 1444 3411 Die thur nit hab uffmogen, die joren großen
346 3261 1448 3461 Butag aber habnit die thar von einanderen than
337 3328 1452 3539 und die zweg kleinen hinger gestoßen, sy habent
347 3373 1519 3612 aber nüt nemmen kennen, wyl der ßer alsobald
343 3487 1442 3716 kommen und sy imkeller ergriffen, haben auch
356 3569 1485 3784 anders nüt alsbrott nemmen wellen, darzu hab
337 3703 994 3883 sy der hunger getriben.
338 3703 1452 3950 Dise hren buben sind den 9. sept 1641. durch die
339 3800 1451 4006 bettellvogt gegeißlet und ledig geloßen worden.
1975 254 2188 356 1641
1371 377 1558 504 dembers
1494 264 2691 582 Den 21. sept 1611 hatt so der Spengler und
1553 385 2660 615 sn frauw Maria Seßler wegen der graben,
1548 466 2684 710 schantlichen und un verantwortlich casmanies
1543 532 2711 806 shnach und lesterworten, so sy weider er sy hern
1559 621 2621 895 Schaltheißen von Erlach und kern Reüner
1576 692 2714 942 atieding, solhe Zevermelden vnvorechten,
1587 777 2702 1001 ußgesanden und zwar gelaugnet aber mit
1573 834 2684 1115 kundtschafft vberwisen werden möeßen, biß
1580 935 2737 1170 uff gnad Mas) die Statt vnd dero Grichte
1594 1029 2677 1253 zunyden der eydt empfangen, jedoch nach
1594 1111 2686 1325 acht thag zihl wlhie zublybh erhalten, also das
1604 1199 2580 1432 daß lenum angaht der 29. Sept. lieds
1511 1354 2760 1568 Den 25. dept 1641 hatt Mariz Vegher der
1617 1456 2694 1638 wirt bim Schlegweg der herschafft dießbach
1617 1522 2739 1716 wegen deß dritten begangenen herenfählers
1630 1591 2780 1802 Jesy statt und lantvor st hallen thag künchtig
1638 1720 2706 1878 biß uff grad mazu zeeyden ußgeschworen.
1591 1876 2752 2054 Todem hatt danel Rontin wegen deß an
1617 1973 2759 2140 Fras Bucher begangenen fräffels drry meh
1646 2071 2319 2210 rat lang ußgeschworen etc.
1768 2167 2608 2358 ridei Sigi von Dannkircheß
1863 2287 2476 2434 dem Morgraffenlandt.
1650 2407 2812 2588 agdem vof leß verschinen huttwyler Nictal
1678 2531 2816 2659 i marckt für gewüßer landtmag von Dorverroht
1681 2615 2825 2740 abents pat zu liebter nacht synen weg vor be-
1684 2694 2813 2813 meltem huttwyl, nacherheumat genomen, vnd
1689 2769 2798 2903 vffselbigem an offner straß drey buben vor
1677 2861 2865 3011 weytem gesechen uff den bader groffen, besorgent
1677 2924 2806 3078 sy uff ihne mit steinen worffen wurden, hatt er
1709 3010 2829 3140 sich ansbald zu ihnen genecheret und mit eieme
1719 3077 2855 3259 serchenhoßlinen stecken dott sy gerühet und deren
1717 3151 2839 3348 hrei zu boden geschlagen vnd zwar Ihren zwei
1688 3231 2857 3434 erwatscht aber nur gemelten Fridli Sigi behalten
1704 3323 2800 3492 mögen und denselbigen nacher Krachfelwan ge¬
1702 3368 2855 3592 führt, der dan volgents vn dem Landtscheyber
1710 3474 2892 3686 deselbst in abwesen deß landtvogts alter geschikt
1702 3539 2938 3763 und den 6. deto 1691 ir bysyn den ehrensvosten
1711 3609 2910 3838 S Johan Rodolff landes deß kleinen, alexender
1706 3681 2968 3941 voer derts deß Großen Fredning von Graffen
2687 3895 2879 4005 wiedts
