3024 4032
246 154 369 250 54.
798 187 1103 353 1643.
431 231 1499 531 und denselbigen Barbli Eyg, so ehnen die
439 364 1463 569 ohrter, dag sy etwas zugs zeschylen funde.
425 452 1500 669 gedergyt gezeigt) zekanffen geben und ein
438 575 1229 735 halbe fronen daruß erlöst.
396 671 1484 901 Zu Wattenwyl zu einen spycher abeng
414 802 1456 956 gebrochen und ein stucki fleisch und ein
417 894 1169 1046 par schu daruß getragen.
399 1035 1482 1260 zu Dießbach mit abermehliger hiltt syner
445 1178 1502 1322 voransognen gespannen Bartliß und bette
416 1257 1485 1405 hanßen, hab nit sy zu einen tellerbrechen
433 1364 1489 1519 wollen, aber von den sturen vnbegrichten
442 1428 1066 1578 sachero veriagt worden.
444 1562 1487 1713 Glydh fhals hab er auch mit hieff fleisen
442 1651 1493 1796 Profols vß dem Elseßein refner, Jueger
441 1738 1503 1873 und Im antlitz dapfleter gsell, an wise
451 1825 1466 1955 hosen und einem schwarzen tschopen) und
430 1893 1491 2049 Bartli� syner Gespanen uber ein spyhe
435 2007 1470 2146 zu Armi by Biglen brochen wollen, aber
449 2067 1477 2237 ebenmeßig bngeschaffet vertriben worden.
414 2235 1491 2393 Uff dem Kartzenberg by dießlach uß einem
414 2338 1491 2492 spycher, den sy aber bim tachloffgebrochen
412 2408 1493 2560 mit hilff obgemelt, ein bacher fleisch und
418 2485 1466 2649 2 par schu genomen vnd selbiges zu
410 2572 1502 2750 der kellen dem marn so daselbstmeohnet, so ein
411 2658 1461 2829 langer darven Mar ist, hatt vierkindt
417 2741 1490 2922 und heist syr frauw Auni) zebracht und u
413 2870 885 2996 2t verkaufft.
189 2913 1493 3169 0 jahr den Ebersald uff dem kurtzenberg, habe
393 3011 1475 3218 er mit holff Bartlis und Heini Tuschers
402 3087 1481 3298 so letstlich alhie gefangen gewesen) in einem
377 3163 1491 3415 Spycher die tharen durchboret hing gebroche
386 3219 1467 3487 und daruß etwas birts und jwen rock
396 3309 1469 3550 entfroldet, zu thun verkaufft und für
395 3391 1481 3696 synen Theil davon ein halbe froneg beken¬
1227 3560 1381 3733 zu
406 3611 587 3775 wen.
1909 206 2186 349 1642
1580 283 2739 611 allet und Heini Fleemans synes mit ihmen
1605 348 2752 705 getigen wand
1602 384 2812 796 e enen ae
1557 544 2686 860 Eo des stosten zueßen gebhn wollen verlagt
1559 832 1758 928 worden.
1544 761 2671 1054 zu Kieblingen mit hiff deß verndrigen
1557 857 2656 1158 jehrs hingerichteten march schnyders mit
1617 956 2690 1197 einem schröttisen durch die Maren neben
1618 1018 2709 1315 drherben einen keller gebrochen. Daruß
1597 1131 2783 1373 Iren kösen gestohlen vnd selbige dem wirtt
1591 1209 2674 1470 Im thallgett vmb 2 t. verkaufft, vnd
1621 1339 2694 1522 etwas milchs so darin gsin, mit einanderen
1602 1481 1881 1644 getreucken.
1594 1578 2791 1767 zu Bollingen habe er auch mit offtenzogner
1604 1659 2726 1826 huff gebrechen wollen, aber vor einicher
1614 1782 2288 1944 verrichtung versagt worden.
1578 1903 2751 2103 Im stampf graben by Burgdorff mit hilff
1589 2017 2657 2181 Iner Hehanen Rederhans und Barllis
1608 2098 2698 2259 und einßm so sich feidli eanbset uß dem
1599 2197 2742 2343 Ilsaß ein feißer kurz und depflechtiger
1608 2277 2681 2417 gsell uß einem spycher so sy mit einem
1610 2360 2694 2509 holziger faltscher schlüßels uffgethan, sichs
1609 2453 2717 2580 ellig Röck anderhalben bachter fleisch und
1608 2532 2690 2682 den heneli entragen und selbiges dem
1612 2597 2677 2789 wielt zu Koßli, so ein langesersehen ist
1614 2681 2715 2886 mit einem schwartzen bart und wohl geweß
1597 2768 2697 2945 daß es gestehleen zug gsie umb 4 f ver.
1605 2847 1772 2960 kaufft.
1585 2919 2721 3157 Ist deß Ersten thags das erstwahl lar und das
1616 3078 2787 3262 andermahl mit dem kleinern und großensten.
1590 3106 2745 3316 deß undern thags 2 mahl law und einmahl
1602 3207 2586 3437 mit dem großerg stein vffzogen worden.
1583 3286 2726 3520 Ist den 6. jan 1698 mit ruhten ußgeschment.
1604 3396 2732 3602 mit dem b zeichnet und mit dem eylt von
1604 3479 2345 3624 statt und land bwiser worden.
1846 3644 2088 3805 N. R.
2728 50 2848 144 55
