3024 4032
408 60 528 150 713.
932 162 1225 314 1644
590 212 1505 457 Peter Stollerss Vnd Vorena
801 364 1506 561 Im seng trimmplsch procst
548 414 1676 721 Obwohl zwar gegennuetigen beid Persohne,
578 560 1639 763 peter Stoller von Bohnigen, sonst genant
561 641 1666 845 Jaggeller vnd Berenia Im Seng vß dem
582 729 1685 956 Grindelwald, mohl bekent war und sy deßen
583 808 1682 1021 In ihrer Eignen gewußne vberzüget woren,
597 901 1678 1081 daß sy nun mehr alß by zweyen Jahren dahar
602 982 1697 1177 einandern herumbgeschleipfft und in unküsh
596 1064 1669 1241 heit und fleischlicher vermischung, (doch wie
606 1154 1687 1324 sy furgeben vnder der versprechung der Ehe¬
609 1240 1696 1383 ohne daß y biß dato daß gebeuchliche kilche
598 1326 1705 1469 recht gehalten) underschidenlich und vilmahl
606 1392 1696 1557 zusamen kommen, haben, sy doch unverscheren
597 1481 1656 1610 der wyß daßelbig alleß vernemmen und
612 1555 1693 1699 alse sich Bartlome Rubi der statthalter uß
597 1635 1703 1771 dem Grindellwald vor etwas abgeloffenen
598 1717 1700 1846 zeit, mit ihro der Berena Im seeg alß
629 1809 1695 1943 ener magdt trunkener wyß. In unbüschen
623 1903 1687 2034 thaten vergeßen, denselbigen, (wie sy by
623 1985 1669 2110 sich selbs berahtschlaget und complotirt.
604 2047 1664 2196 vermeßener boßärtiger und schandtlichen
608 2143 1663 2251 wyß anflagen wollen, alß ob er sy ge
607 2231 1666 2374 nohtzwengk vnd Violenter vmb Ihr Jueg¬
602 2330 1667 2464 frauwschafft gebracht hette, da ihnen doch
608 2388 1684 2543 daß widerspil ganz mohl bekant und ve
604 2450 1653 2608 verborgen war, wie dan uff solich Endt
613 2535 1646 2674 bemelter Steller einen blinden brieff
613 2618 1704 2789 ohne underschrifft und nahmen an ein ehesam
602 2726 1691 2879 Thorgricht alhie ablauffen laßen, In welichem
600 2795 1679 2949 er bemelten Rubin mit mehreren uebstehrde
604 2852 1716 3073 dißers verebten nahtzwangs beklagt, inn
606 2953 1654 3129 daß myne hochehrende herr deß ehrsamen
589 3021 1694 3245 ehorgrichts, ihrer schuldigkeit nach nit under
609 3093 1682 3317 lasen wöllen, dem grund der wahrheit mit
598 3163 1700 3422 ernst nachzeforschen, wie auch beschechen und nach
607 3232 1684 3484 empfangenem bericht uß dem Grindelwald
618 3360 1668 3576 sy die Interessirten stersohnen selbs alhero
610 3442 1692 3666 für sy bescheiden und kommen laßen, die
598 3503 1645 3771 selben hieraber ernstlich exammait vnd
1557 3609 1644 3689 be¬
1633 327 1784 475 Inhe
2170 244 2466 364 1644.
1802 342 2954 508 bfragt, da dan vilgedachte Verena Im Seeg
1803 428 2885 572 mit bystand ermelts Peter Stellers ihne stubi
1803 496 2957 658 eie schrifftlich berichtet worden, nachmahls und
1798 578 2902 713 by hocher betherung und gott der herren
1804 650 2933 798 zum zugen errüffende) deß nohtzwangs und
1800 724 2944 848 violation ihrer jungfranschafft beklagt, er aber
1805 804 2980 937 deßen keines wegs gestendig syn wöllen, sonder
1805 885 2947 1023 sich mit vilenzognem Stoller so sein fegerlich
1795 947 2941 1061 wäsere mit ihro verebt, entschuligen wöllen,
1815 1020 2965 1150 hernach aber deß begangenen einfaltig fhälers
1816 1092 2988 1226 war bekantlich worden, daby aber hoch bethuret
1806 1166 3010 1294 daß er sy genohtzwengt und ihrer jungfranschafft
1812 1246 2918 1383 beraubet haben solle, da gescheche ihme groß
1809 1318 2963 1462 gwalt und uerecht, dar er Staller sy so mohl
1806 1403 2968 1532 er land alß in Walliß zuvor lang herumb
1809 1471 2956 1600 geschleipft und gwyb genamset habe Wyle
1810 1546 2946 1682 aber sy die Verena von ihrer klag nit stehen
1794 1640 2897 1783 r Stuli derselben auch nit bekantlich sy
1803 1707 2918 1841 wöllen, haben Ehrengedacht Nyne hern die
1799 1804 2965 1942 eherrichter, wyters in der sach zuprocediren,
1802 1877 2874 2005 ußert ihrem geralt syn befunden, hiemit
1790 1948 2876 2095 dißere persohnen mit sampt dem Thor¬
1811 2042 2881 2184 grichtlichen bericht mynen gnedig hern
1798 2127 2935 2251 und oberen ubergeben, weliche, wylen es ein
1803 2201 2933 2339 bimnerlische sach, so in gottes deß Herrn
1798 2272 2963 2447 wort und allen Cchristlichen sezung am leben
1802 2352 2932 2482 ze straffen gepotten wrt, betrifft, Ober
1808 2448 2965 2584 entlichen christlichen yfers halben, daß böse
1811 2530 2997 2666 bestraffen, nit underlaßen wöllen, dißere
1795 2612 2980 2755 sich in grindtliche erfahrung ze bring, uff
1800 2690 2956 2860 solch vnd befohlen sy die Interessiten Per¬
1804 2777 2983 2948 sohnen by betrouwung der Marter examiniren
1789 2842 2996 3070 gelaßen, weliches dan durch die Ehrenvoßen
1789 2951 3030 3134 frommen, fürsichtig und wysen hern, Johannes
1789 3019 2956 3240 haller alt brueheren und deß kleinen hern
1782 3091 2957 3296 Denes Kellers Aurans ier schathuß und
1775 3174 2877 3384 deß großen rhats der bysen etlicher er sy
1773 3259 3036 3499 dienenn der weiblen aufenklich der 15 diß
1782 3318 3003 3566 mohnats beschechen und verrichtet worden, da
1778 3407 2990 3648 zwar offt ansagne Verenar arfangs nochmahl
1778 3505 2997 3737 von ihrer anklag nit stehen, ermelter stube
2851 3752 3012 3869 aber
2951 250 3031 323 21
