3024 4032
293 36 397 136 134
288 599 388 709 21.
832 85 1151 243 1642
424 173 1545 461 ihme vil mehr zu straff by hr dn abpieten
430 261 1568 535 helffen, welicher daruff sich zu sanen berchn
435 353 1567 626 und mit menigkliches eegernuß, sich aldorte
444 435 966 582 uffenthalten thuege.
449 529 1577 846 Entlich dem alßo Meria Ziegri, die ahin vereg
450 686 1567 909 mit dem schwert hingerichtete Wybspersohn ih
418 737 1576 966 Seinen Antham Wäber, vber vorseegegangen
439 868 1594 1081 ihme zugerichtete vergeftete Supzen, noch geusng
439 971 1591 1127 uebarmherziger und versetzlicher wyß mit frei
445 1051 1555 1226 harpfen uff daß endt geschloffenen meßer he
458 1147 1589 1319 bach gestochen und damit viels laben briegen na
471 1231 1556 1381 habe er Baldi zwar sy, alß es ihre keutbar
460 1305 1566 1467 worden. zn gesenckliche verwahrung genommen
460 1401 1566 1556 vnd vbernacht zn der gefangenschafft verblyhen
466 1499 1562 1630 laßen, auch selbs bekennen müesen, daß sy fi
438 1572 1578 1716 soliche that begangen, daß war sy zechen leben i
462 1661 1562 1814 so hatte sy doch alle verwärkt. Alß ihre terant
477 1748 1564 1881 aber ihme nachgegangen vnd zu ihrer Entledigug
475 1822 1562 1981 ihme 400 f versprochen und selbige albereit ie
488 1910 1559 2085 schriben, hab er verschaffet, daß sy nit allein d
445 1995 1549 2166 gefangenschafft ledig gelasen worden, sonderen
471 2104 1565 2268 sye ihre noch zu ihrer vngerechten sach bygestend
455 2181 1536 2333 he sy versprechen undt handthaben helffen, also
455 2275 1550 2431 daß y droben zn Sanen vngestrafft verbeiten,
458 2347 1551 2491 und so vil an ihme gestanden, ohne straff lehr
453 2476 947 2624 ußgangen ware.
393 2601 1565 2781 uff weliche vorerzehlt, vil und menigfeltige
439 2674 1572 2904 gegenwürtigen Baldins, gottes deß ser
438 2755 1572 2968 der gerechtigkeit, cchristlicher liebe und alle
422 2814 1562 3068 rachten und sazunger widerstrebenden, teetl
444 2929 1568 3158 und vgangene rechtsbiegungen, ubervorthelen
442 3019 1536 3269 zuerteyligkeiten, concussiones, extorsionis
453 3068 1550 3358 praevaricationes vnd vbrige derglych vnd
439 3150 1567 3432 andere dem Richterumpt vnd der lieben Jati
456 3245 1558 3535 widerwertigen hochsträfflichen fählern verbech
1425 3427 1551 3544 Hrr
462 3371 1536 3621 und mißhandlungen habent myn gnedig
1592 285 1717 416 ptemb.
2067 150 2398 291 1642
1707 180 2831 468 kern und oberen Her schultheist schät und
1711 283 2864 534 Burger dißer freyen Coplichen Statt Bern
1690 373 2871 643 uff ihren hedt zu recht erkent und gesprochen.
1675 508 2829 774 woder dem Nachrichter solle bewohlen werden,
1699 601 2905 828 der ihne obentß uff die gewohnliche richtstagt
1695 684 2810 919 th�ren, ihme anorten mit dem schwart, hgr
1711 768 2823 997 haupt abschlachen vnd also nach keiserlichem
1716 854 2821 1060 Rechten vom Laben zum Todt, hinrichten
1721 1054 1829 1127 solle
1772 1119 2735 1333 latls abim
1933 1252 2597 1393 Von Gaanen. ExAon
1683 1378 2787 1551 Nach dem disen Nunmehr bey den 20
1692 1498 2797 1619 Wuchen alhier gefencklich enthalten worden undt mit
1684 1569 2813 1707 obigen Abraham Haldi in vilen sachen under der decken
1684 1659 2840 1763 wiemen spricht gelegen undt den luthen übertrang thun
1676 1765 2810 1866 mit sy ubervortheilen helffen, auch syn gemachtes
1602 1818 2794 1932 mir process uff heut vor inghrn Rgaat undt Burger
1596 1879 1682 1937 b
1674 1887 2882 2035 abgelesen worden, sabendt dieselben sorn Großweybell
1668 1976 2855 2097 sammel Leeber luth an ihne abgangnen befelchs
1666 2050 2864 2193 befelchen, daß er ihme hwren eydt schweren laßen solle,
1611 2125 2846 2255 den ersten, daß er die Casplaney Saanen von mige
1670 2199 2826 2336 anmyden undt ohne ihr gn besonderbahre gube
1679 2285 2830 2403 wylligung in dieselbige sich nit begeben solle, undt
1677 2365 2875 2513 also sich derselbigen biß uff g gefallen hin derselbigen
1669 2431 2849 2556 entrßeren. Den andren aber, daß er dise gefangen
1661 2500 2871 2639 schafft an niemanden sachen sich mit disem synem verbrechen
1682 2599 2904 2699 irgents wo berumen den jenigen so sich wider ihne in disem
1647 2636 2875 2784 geschafft gebruchen laßen, es seye mit klundtschafft reden oder
1668 2739 2884 2852 sonsten zu kheinen bösen andenten ober sonsten zu bösem ver
1656 2784 2881 2934 gelten welle, sondre sich fürohin ehrlichen sachen beflyßen.
1665 2855 2883 3003 undt den vorhin gewohnten beystenderey undt wrolhendlen
1663 2907 2904 3067 sich müßigen) also daß ihr g khein tag mehr synethalben.
1668 2968 2851 3143 ürkomme undt dieselbigen nit ursach faß nit ihre Rüblin
1667 3047 2861 3221 nit andren undt senem verbrechen nach verdrüth straffen
1647 3112 2911 3288 abzustraffen undt dise milterung geenderen. Also ihme
1653 3186 2930 3353 num solches alles von mynem Wolthrandt hrn Gros weybell
1646 3256 2846 3436 fleßig fürgehalten worden. Hatt er Rüblin solche beide
1639 3311 2770 3539 byden den 23. septembris 1642 geschworen
2892 68 3004 162 135.
