3024 4032
355 58 499 132 220
936 152 1256 316 1644
561 363 1510 544 arbara Gfeller von
794 448 1438 626 Laūperswyl, Kilchern
529 494 1575 785 Ist den 2. martii 1644 wegen deß
550 643 1561 850 gritten begangenen harenfhalers
555 738 1567 943 mit dem eydt vor Start und Landt
543 849 1004 988 verwisen worden.
641 940 1300 1121 hatt zihl 4 thag.
534 1400 1592 1586 den 27 febr. 1644 sind disere leir
532 1502 1585 1661 beben, so saben vor 14 tagen durch die
548 1617 1621 1754 provosen an die gentzen gegen saigund
549 1676 1572 1821 gefuhrt, vnd aber siderhar widerumb
524 1764 1571 1916 In einem spyhe by atzingen ergriffen,
535 1866 1608 2023 und alhero gebracht, mit santenge
549 1957 1163 2088 schreibt und mit der
1196 1967 1609 2116 Endt von Ir z
514 2062 1154 2205 landt verwisen worden
2179 199 2520 329 1644
1802 320 2758 505 Henne zügter von Orschwyl
1946 431 2464 581 uß dene Elsaß.
1791 540 2744 715 Salome Muller von Aindorf
1980 636 2551 792 Im ampt Sfirdt
1819 725 2792 927 Veinea Bilgerin von Altkirch
2066 832 2658 994 uß dem Sundtgon.
1723 938 2842 1126 Weßden disere drey Ppersohnen uf letß
1743 1045 2803 1221 shalteer landtvogen ins amht Lampen
1735 1147 2868 1285 alß meßiggehende und argwange persohnen
1737 1231 2842 1415 gfenklich ergriffen und alhero geführt
1746 1326 2854 1471 wrdeind sy uß g g bbokelch in bysyn
1751 1415 2908 1583 gers hochschreid s racht deß kleiren shats
1755 1525 2845 1672 Amman Kellers und etlicher weiblen
1748 1616 2851 1770 sambstags der 2. martii diß jahrs mit
1755 1703 2871 1829 und ohne marter examminrt und befragt
1756 1781 2892 1945 worden, haben aber anders mit bekennen
1755 1884 2355 2008 wollen, den wie volget¬
1743 1977 2822 2152 Erstlich Hans Ziegler, Er seye nun by
1747 2085 2919 2239 zweyen Jahren In disen Land, habe daß
1747 2165 2926 2325 vergangen Jahr einem Meister zu Balstell
1751 2267 2950 2418 gedienet, sidthar aber sonsten hin und wider
1767 2361 2909 2511 gbeit gesucht und sich damit erhalten, li
1758 2455 2941 2620 zelang auch im Gaggisberg gearbeitet
1773 2572 2965 2717 vnd sich auch daselbst vershlehet, habe nun
1761 2640 2883 2790 nit iner frauwen und kind widerumb
1751 2766 2895 2907 nach guer henmat wollen, da sege er zu
1754 2828 2966 3045 doleten Ino Ampt Laupen da er vbernacht
1752 2928 2914 3112 gelegen In einem Bererhaß bim feuwer,
1752 3025 2928 3235 ihre das er fürch ebels gethan mit sampt
1747 3116 2898 3281 gnerfrauwen ergriffen worden. Sys frawe
1745 3204 2929 3415 habe man aucht dem kind alsabald ledig
1740 3274 2953 3497 hlasen ihne aber nach laupen vnd volgendts
1755 3401 2977 3651 ihero geführt, habe keine diebsthal nit begangen
1741 3464 2928 3704 hert daß er In hnem henmat, nachdem
2766 3696 2911 3814 s.
2901 240 3033 343 221
