3024 4032
178 50 294 115 100
734 132 1032 255 1642.
334 201 1435 480 undt hentlich so habe sy mit glgchen hubt zu Sige
363 351 1396 535 sperg abermahl seien trag uffbrochen und
381 441 1453 655 daruß ein dablonen und etlich basen bekommen,
338 549 1475 778 Dlychen tags zu Tenmmgl iß einem dig
396 650 1174 794 ey so oder 16h entfrorbdet.
504 749 1468 918 Ist deßersten mahls lau, deß ander mit
559 831 1413 958 den kleinen, daß daritgmit dem
623 925 1432 1031 großen undhrtenmahl mit
662 989 1458 1156 zwegen gro�en steinen uffzegen un
336 1105 1440 1284 Im übrigen dan habe er sich auch wider
385 1224 1448 1350 daß sibende gepott gottes deß herren
410 1310 1471 1450 schechlich vergeßen und sich mit sibeg wyls
408 1393 1471 1556 persohnen zu underschidenlichen mahlen
433 1489 1469 1630 und ggten zu fleischlicher vermüschung
427 1573 1172 1709 und harey vertrapt
1287 1633 1480 1735 vorerhelte
387 1665 1473 1826 uff weliche syn Jacob Heerdagensmit ei
440 1755 1526 1884 ohne marter verjahen und bekentw vilfaltige
312 1831 802 1975 hen wort wedß gebede
447 1831 1499 1998 schware vnd große diebsthul vnd begangene
442 1926 1510 2073 underschidenliche unküsche thaten haben hehn
458 2020 1509 2183 gedacht mh h und lb h slß shät und
461 2105 1479 2262 burger dißer wegen toplichen statt Bern
441 2189 1511 2374 uff ihren eydt zu recht erkant und geprchen
427 2317 1525 2491 daß er dem nachrichter solle befohlen werden
455 2394 1529 2564 der ihne obenuß uff gewohnliche richtstatt
444 2465 1532 2648 führen und ihne daselbst mit dem Schwärt
453 2568 1555 2744 vom Laben zum Todt nach keyserlichem Racht
475 2700 872 2838 hinrichten solle.
431 2753 1539 3005 Disere urtheil ist an ihme erstettet worden.
480 2961 1051 3093 uff 7 maii 1642.
1456 327 1515 399 .
1909 198 2165 310 1642
1657 272 2538 540 Catlii Mila vor se
1790 390 2516 566 der junger hiegerichteten Maria
1839 462 2543 641 egen geschenden hing
1882 631 2171 749 sechermalh
1552 644 2683 857 Alß dißereß u ga bekelch durch kerg
1597 740 2680 956 zegser zechender den 16. maii 1648 zum
1610 838 2733 1047 schüter ernstwörtig, so wohl der fronworth
1611 895 2774 1115 so er so wohl nider gehingerichtete gefrawe
2638 993 2783 1113 d
1618 982 2689 1203 alß dera vatter synen schwaher, sy beider
1624 1065 2783 1268 dorch mitell miet bit ns abzeschaffen. also
1619 1138 2756 1334 auch, daß er droben zu sanen an deßwen
1638 1245 2759 1423 landtvogts daselbsten gehalten em uffeit
1647 1331 2809 1519 habe heisten daß landvolk den einig beschließfen
1639 1441 2767 1589 vnd die wehr wider die hern gesanth gelegen,
1653 1496 2796 1673 examini und befragt worden, hatt er de
1636 1593 2813 1774 Erster punctens halbh anzeigt und vermel
1633 1749 1770 1843 det
1569 1787 2848 1984 daß syn frauw ihne beklagt vnd angeben habe
1645 1879 2791 2051 alß hhette er getronwt, erwolte ihro
1659 1978 2805 2127 und demnach ihrem vatter im bitzein gebhn,
1655 2065 2780 2219 damit er ihr weidersyts abkene und glichn
1667 2167 2818 2288 wehl ihr gut behalte. geschecht ihme hierin
1656 2258 2824 2412 groß gralt vnd vnrecht, und habe zu frau
1676 2353 2796 2500 ihre allein uß syd und haß, den sy jederzyt,
1659 2459 2825 2593 zu ihme getragen, verklagt, das er hoch vnd
1666 2547 2832 2692 thür züge, daß er soliche nach derglychen wort
1670 2643 2848 2783 Niemahls zu ihra noch anderlichken gesagt habe
1662 2738 2837 2894 und ihme diemahl Iro sien komen, hab auch Nie
1661 2830 2777 2980 kein gitft ins hu� getragen, zwar habe er
1659 2934 2851 3083 In der schmitten, so wyb vor Hner haß hyn ein
1664 3006 2855 3171 rung in der mur stecken ghan, so er zu gner
1680 3111 2889 3278 landtwerk bruchen und haben müßen, glaebe aber
1658 3224 2831 3382 eit daß syn fraaw es gegnst habe, dar sy
1668 3320 2906 3491 dn vnderschidenlichen oheten gieft kauffen wollen
1661 3397 2767 3620 g derselbigen aber nit gestendig syn wöllen
1735 3528 2857 3688 haben er sy bewohlen ihne dißer beden prenth
1720 3608 2865 3761 und benebent auch deß trmuttz, so droben zu Sanen
1737 3670 2965 3822 a uffeit entstaden verners zu befragen, so doch gestrigen
1739 3750 3018 3901 tags 1. jun 1642 durch verermelten h. zechender beschechen
1755 3827 2946 3975 er aber der zweyen ersten pundten halben uff synen
1788 3894 2438 4021 vergeheden meinung und sag vn
2701 88 2808 185 101
