3024 4032
131 94 184 151 1
225 91 377 208 182.
724 166 1009 297 1643.
403 222 1500 500 sen eaten sesthahih desehigen
395 340 1496 597 und trag wie es ihres febs halben beschaffen
408 420 1506 640 sye, habe also einen kleinen ußtriit gethan
412 481 1509 753 und etliche schulden, die sy im sulgenbach
399 586 1498 805 ynzezachen ghagen freden wollen, da habe
418 725 1529 879 man ihro nachgehylt und vermeint, sy habe
415 808 1546 1004 ußryßen wöllen, daß ihro doch nit in sinen
424 887 1571 1095 kommen sye, sondern sy habe vermeint, sy wolle
431 965 1536 1172 ihme die versprachene ehe halten und wag
436 1085 1523 1236 sy ihme schon diß gebste eebguht nit zeigen
412 1178 1567 1348 könne, so habe sy ihn dennacht nit mechtig
430 1276 1562 1396 betragen, dan er eben so wenig mittell
429 1356 1565 1534 habe, alß sy und also wohl daß ein und
433 1465 1528 1612 An daß ander zewagen sye, wie dan sy
428 1544 1571 1708 beydersyts bekennen müßen, daß sy albtreit
449 1645 1535 1801 uff ihrer harreiß, fleischliche vermischung
433 1740 1292 1888 mit ein anderen ghan habnit.
412 1907 1572 2105 Alß nun diser beglisige dienen sich
444 2044 1614 2219 für myn gnedig hern und oben gebracht worden.
438 2140 1585 2308 haben sy zwar befinden, daß sy einen zimlichen
450 2224 1593 2371 und uß wyberlist harfleßenden fhaler begengen
443 2302 1591 2470 doch andersthailß auch betrachtet, daß dißere
488 2407 1582 2571 ach zu Besell beschechen und der fiefalte
449 2507 1608 2682 Jungling sich ie solichen erichtig sachen beser
447 2570 1621 2778 hette erforschen und berechten sollen, alß ist
446 2695 1580 2887 In betrafftung s nun by drey ruchtn
455 2780 1607 2987 In gefangenschafft gsein vnd daß sy fur
470 2882 1600 3073 anderen nit ubell betragen. s uff abtrag
469 2960 1627 3195 alleß kastens mit einer gatten cenzer uff
465 3124 1252 3292 freyen fuß gestelt worden.
433 3150 1629 3414 Ite Ehe aber belangndt, so s selbige fuente
448 3248 1653 3481 nit zehalten gefünnet, sollent, y der schid
471 3348 1619 3599 gung halben an gebreden ohrten, Einandern
472 3561 721 3708 Ersicht.
1487 309 1684 456 Junses.
2084 222 2329 338 1643.
1781 331 2688 572 Hans Jaberger in der
1889 476 2642 648 Danigmat der kilchör
2070 556 2360 706 Dießbach.
1647 700 2843 934 Wihn dißer Anna Wäberin von Spliigen
1713 810 2797 982 die eheversprochen, ihra lautsch zu einem
1718 903 2847 1092 gar struopf daruffen geben, sy beschlaffen
1728 979 2810 1163 und geschwängeret, hernach aber alß
1728 1094 2832 1288 sy kranck gewesen und der sach nit nachgehen
1735 1187 2856 1336 können, er ein andere gehelichet und mit
1725 1287 2876 1485 derselben ihro hinderruks und unweßent
1730 1381 2879 1565 zu dießbach daß kirchenrecht gehalten,
1736 1484 2841 1676 alß ist er zu wohlverdienter straff den
1733 1556 2841 1754 17 junii 1693 zwo stundt an daß
1741 1668 2593 1843 Balßysen alhie gestelt worden.
1747 1958 2896 2121 Anna Maria Conwenberger
1879 2077 2829 2229 ein keydig, ihres förgeltens
1947 2159 2623 2330 uß klein empfen.
1735 2370 2882 2550 ißtere ist von begangenen diebsthalen
1754 2485 2891 2646 wegen ergriffen, gefenklich zugezogen
1752 2611 2873 2751 und hernach der 18 juni 1643 mit
1767 2691 2960 2830 ruchten geschmihe gezeichnet und mit dem
1753 2791 2948 2979 hyut von ir fr statt und landt verwisen
1721 2909 1968 3004 wordn
2865 188 2983 274 183
