3024 4032
299 51 329 114 1
382 31 471 124 164
931 126 1213 267 1643
566 165 1537 473 eit ze gelnte, die ellen
555 294 1512 511 eben dißeren so er jahmahl nach habe
564 378 1603 621 deren er auch ein ehelich kidt erzihlet haben
1517 455 1622 565 by
558 447 1623 710 vnd die da ihme auch alhie am Eheegricht
588 548 1254 725 ge zugesprochen worden.
554 649 1585 905 Waß dan die fluech und Schmachwort
593 786 1614 1022 betreffen thuege, so er synem vatter sollen
566 862 1611 1082 zugeredt haben, sye zwar nit wenigen
579 972 1588 1165 den daß sy des uneien mit furanderen
579 1066 1596 1230 worden, Wyl der vatter ihn jederzyet
592 1156 1599 1341 von Sanen herab zu ihme nach habstetten
581 1255 1623 1441 haben wöllen und ihme plaz zn synem huß
585 1340 1619 1500 versprochen, so er aber nit gehalten und
595 1443 1600 1594 erstattet, also daß der Jörn ihne dihin
597 1542 1602 1689 gebracht haben möchte, daß er etwas e
599 1649 1593 1786 ungeberliche wort gegen ihme Ißbroch
592 1715 1600 1869 were vnd gesagt hette, Er habe ihme
586 1822 1607 1949 lugenen fergeben, oder etwas derglyche
622 1900 1621 2040 so ihm aber von herzen leydt syr daß
620 1998 1597 2105 er ihm aber derglychen wort zugeredt
606 2079 1597 2206 habe, wie geklagt worden, könne ernit
574 2175 1611 2315 seigentlich rüßen, so dem aber also ebte
593 2250 1610 2397 pette er gott den hern, ein g Obeg
611 2335 1577 2507 keit und syne eltern umb gnad und
626 2470 964 2592 vers gehung.
618 2516 1624 2684 andere unthaten begangen zehalen, all
693 2635 1314 2761 er nit gespeidig se
747 2702 1615 2922 Ist enmahl lar und einmahl nit
872 2824 1531 2959 einem stein uffzogn worden.
621 2934 1603 3170 g mit dem wehr aber sye er ihm nit each
665 3007 1591 3221 geloffen, dan er auch keins ghan, aber
652 3157 1147 3308 mehl der vatter.
1589 354 1723 451 Juns.
2084 137 2399 287 1643.
1849 171 2734 472 Iat dern de aygh
2071 357 2313 461 vatter
1713 327 2859 690 endeehent
1750 436 2814 753 ggse de nd
1744 568 2793 812 alß waß volget verjahen und bekennen
1756 801 1895 920 wöollen.
1732 736 2959 1011 syn sohn und er syen mit einanderen deß uneinen
1748 845 2822 1054 worden vnd habe der Sohn wollen, das er ihm
1741 938 2872 1165 In synem huß platz mache und ihm gerumen
1770 1016 2819 1224 solle, weliches er nit hnukonen, jedoch
1766 1087 2865 1314 ihme ein stuben zubewohnen gegeben vnd ihr
1762 1176 2879 1365 vermahnt, daß er f�rgut habe, er habe sonsten
1767 1259 2903 1461 ihm vil gethan, er habe ihr laßen zwey handt
1760 1350 2842 1518 werk lehrnen und habe sonsten noch vil für
1768 1461 2871 1609 ihn bezahlt und werde jetz die sim gegen
1756 1529 2871 1691 dem ysenframer, so er noch nit bezahlt auch
1771 1620 2870 1781 gutmachen müeßen, als daß sy mit worteh
1772 1673 2854 1845 zimlich hort an einanderen kommen, daß
1791 1787 2905 1938 in sohn aber ihne mit derglychen ungebar
1777 1863 2896 2010 lichen und unchristlichen nahmen, wie geklagt
1785 1954 2913 2076 worden, betitlet habe, habe er nit gehört
1792 2058 2875 2176 und w�se es auch nit, allein habe er ge
1792 2131 2918 2267 redt, nah darede, daß er die sum gegen
1773 2213 2810 2350 dem ysenkramer nit bezahlt habe der
1780 2308 2825 2437 lege ihme aber vngeantwortet) wie
1784 2363 2470 2519 deo) ein anderer katzer.
1715 2482 2911 2629 Daß er aber geklagt habe, er habe ihn und
1799 2568 2862 2729 1s muter ermorden wollen, das geschechen
1798 2657 2872 2792 ihne groß gralt und unrecht, den soliches
1795 2745 2797 2901 ihme niemahl in hne gedacken kofen.
1703 2807 2874 3023 Daß er ihn aber einen gexenmeister ge¬
1806 2929 2874 3114 gecholten habe und ihme fürgehalten
1780 3028 2863 3170 werde, alß ob es wahr syn solte, wyl er
1797 3086 2913 3251 an gewüßen oheten ußgelaßen haben sölle er
1790 3154 2866 3359 solle daß unghenwr wohl uß dem huß
1792 3262 2879 3400 briegen, vberschehe ihme nit mider gantz
1782 3353 2890 3491 greblich, der soliches Niumermehr uff ihne
1814 3419 2888 3603 werde gebracht und erwisen werden, zwar
2634 3582 2839 3687 machter
2868 -7 2982 110 165.
