3024 4032
290 79 343 182 1
378 71 505 152 172
933 140 1203 285 1643
708 265 1075 465 Pironuus
1094 334 1550 512 Bonners deß
818 415 1562 611 Artzets 1biininalis processus.
539 592 1635 812 Nachdem Gegenwürtwer kiroming
580 675 1609 870 Bonner synes kandtwerts ein arzet
594 762 1622 971 und Bader, vor funffzecher jahren, wege
610 852 1622 1030 eines entfrorbdeten therinen haffend
595 939 1642 1120 zu kilchdorf ergriffen gefenklich e
625 1047 1613 1204 eo gebracht und parlich exammart
613 1121 1605 1306 worden, hatt er damahls auch verjehrn
607 1209 1627 1358 und bekent, daß er syr eigne väter
606 1290 1647 1449 liche muter unschuldiger ryß mit Reve
613 1370 1628 1519 hantz offentlich zu meldseine kerge
624 1462 1630 1606 cholten, dahero dan er zwar albereit
625 1565 1649 1693 wegen desachgegen sener muter ußgestoßene
619 1641 1621 1790 fluhs daß Laben verwurket hette, In
628 1729 1663 1874 betrachtung aber syner dasahligen Ingent-
613 1819 1630 1954 ist er zu einem offentlichen aelderuff
612 1909 1615 2057 zu kilchdorff vor der ganzen gemeidt
618 1982 1639 2153 zeerstatten, verfehlt und darnach alle
621 2081 1624 2226 daß schallenwerk geschmidet worden, der
635 2165 1645 2318 hoffnung ser dißere gnedige straff in
626 2230 1637 2417 zu einer wornung dienen laßen und
635 2329 1624 2495 sich gebarlicher gegen synen elteren und
610 2416 1652 2616 jedermencklich verhalten wurde. Reget
629 2518 1645 2695 aber deßen ist er in synem verstoceten
643 2555 1648 2796 löser hertzen nit allein forgefahren, sonden
644 2665 1658 2846 darin also erstarket und uffgewachsen,
624 2740 1662 2965 daß er in dißer sund verharret alß saich
622 2822 1666 3043 uß deren in andere gerahten, weliches alß
635 2906 1650 3136 eß myner sy h und obern fundtbar worden,
633 2948 1677 3256 e ihige be ehan
645 3084 1644 3319 alhier vff dem platz geferklich zuzuhen
635 3165 1645 3417 lasen, der dan nachwerts auch Iß die
649 3215 1639 3499 bekelch durch die erentesten, er ihei
630 3290 1668 3644 gee in sen e
642 3408 1646 3684 der vom kleinen, h Dannes Kaller vom
1512 3520 1650 3661 Goß
630 3481 1653 3792 gee   h e
1633 375 1733 475 ius.
2073 156 2395 317 1643.
1713 121 2852 546 gehee
1759 257 2852 587 n
1775 315 2876 646 ade en dend
1771 415 2882 722 mit und ohne marter verjähen, bekent und
1734 610 2320 837 Stsar eg
1729 648 2899 942 Erstlich, daß nachdem er von obgemel
1775 735 2842 996 der thaten wegen zu Bilchtorf kiren
1764 803 2892 1068 reiberuff gethan, alhie In dem Schallen¬
1768 913 2922 1140 werk sein zyblang gearbeitet und hernach
1768 974 2853 1221 deßen erlaßen worden, habe er sich mit
1791 1075 2836 1287 Maria Ern verehelichet; selbige aber
1786 1178 2882 1390 verlaßen und mit einer dienen von
1785 1258 2845 1465 deren er auch zrey vneheliche kidt be¬
1777 1358 2853 1529 komen by Siben Jahren lang herumb
1785 1447 2835 1631 gezogen, also daß selbige syn hußfrauw
1799 1546 2863 1694 ihne verrüffen laßen und er deßwegen
1788 1626 2815 1813 zu Beren gefenklich gezogen mit nichts
1803 1690 2889 1894 geschreitt und mit dem ehidt vor er
1805 1820 2335 1964 lamt verwisen worden
1724 1901 2821 2085 Denselbigen sinen geschiedenen Eydt aber
1796 2019 2906 2178 habe er leyden nit beßer bbebachtet, den
2215 2086 2470 2165 ychteiti ger eg
1798 2105 2868 2252 daß er denselbigen übersechen und sich dns
1799 2184 2890 2334 Sanerlans begeben, da dan nachdem ihn
1810 2276 2886 2442 syn andere ehefraue auch verraffen laßen,
2139 2363 2426 2442 ange
2459 2376 2522 2440 ihr
1809 2380 2888 2518 zu Sanen zwey shewyber angesprochen,
1805 2453 2927 2622 von welicher einer (alß syner ein zytt
1828 2544 2949 2669 lang ziebhergeschlepftten dirnen, er aber
1824 2657 2892 2765 mahls ein unehrlich kndt erzüget) er
1814 2690 2869 2849 ledig erkent, die andere aber, so er
1831 2778 2907 2978 nochmahls Zur Ehe habe, ihme zugesorochen
1824 2853 2859 3023 worden sye, also daß von deß Friten
1821 2924 2944 3120 und anderen wegen von hochge mynnen gne
2343 3053 2506 3124 erthah
1807 2993 2944 3217 digen kren und obern erkent worden, Daß
1824 3113 2833 3291 er nochmahls mit richten ußgeschereiten
1821 3190 2966 3379 werden solle, wylen aber von vilen persohne
1806 3265 2960 3456 wegen gluklicher an ihnen gethanen Juren
1807 3333 2946 3525 zue ihn intercedirt, sye er von hochgenant
1797 3387 2940 3642 er de derselbig straff gnedig ist erlaßen
1803 3486 2033 3600 worden.
2788 3603 2917 3718 doch
2898 -103 3034 42 110.
