3024 4032
367 -6 449 68 96.
929 53 1201 186 1642
553 86 1636 420 zu lefinden stll sahl ihen
558 233 1631 489 keller, so nit mohl vermacht gsin, mit hatt
555 320 1603 553 zweyer syner gespanen, dar der für
562 421 1623 650 der ander Haußheist, habe so brott an
552 505 1609 760 und die milch so darinnen gsin, eßen halfen
549 578 1619 892 nd mit ihrer hatt hale er vf den e
548 752 1597 959 berg einen keller, da y durch die Magen
545 843 1617 1045 gegebracht, Öffnen und daruß 3 brott 8
556 930 1337 1077 cenballen entfroblen helffen.
523 1017 1577 1226 Mit glycher haff zu Reesey uß einem
538 1134 1572 1292 ellgebrochenen Keller vor 8 Jahren ein
559 1231 1605 1420 brott genomen und wegters nähit gefuh
485 1308 1586 1522 Zu Teintein Ire ein seycher das sy dues
537 1441 1561 1600 boret gebrochen, daruß etwas wollen,
539 1538 1581 1683 9. Hereli 2 belt 2 par schu genommen und
539 1605 1196 1751 mit einanderen getheilt.
517 1708 1568 1876 vor 3 jahren zu wyl einer wittfrauwen
530 1839 1562 1965 nachts seinen spycher uffgebrochen und daruß
525 1913 1578 2063 5. brott und ein korbli voll ze getagen
514 1994 1277 2134 und mit einanderen genoßen.
477 2084 1544 2249 Ime kinderen Reggistein habet sy zu ein
460 2208 1525 2338 Keller brecht wollen aber vngeschafften
512 2283 1055 2409 sachen vertriben worden.
465 2367 1544 2529 zu Arch habent sy einen keller mit einem
507 2473 1550 2621 dietrich urkhan und daruß 4 brott a
514 2548 1538 2696 ballen entzuckt und deß ubrige zugs
500 2619 1519 2764 darin gsin, wo sy nit verjagt worden warden
478 2748 988 2883 auch nemen wollen.
443 2780 1541 2993 zu wikersiegl zu einem keller den yüg
456 2856 1527 3077 Stattisburger genant) mit einem hack
469 2976 1544 3150 uffbrochen 4 brott mich und ppfal genommen
430 3056 1532 3285 zu Baßli uff dem Lengerberg habet s
474 3143 1526 3349 ein kallerbrecheee wöllen, syant aber daro
460 3275 950 3442 vertrilch worden.
393 3311 1521 3525 zu Blumenstein mit gemelter haff abeshe
406 3419 1492 3612 Nach hunge in ein spychergebrochen, daraß
461 3488 1491 3683 2 röck 6 henrli s byulachen und etwas
461 3556 1506 3822 so f hacht und nrch, aß ic in fall
1376 3611 1505 3731 bach
2081 111 2338 216 1642
1725 110 2878 399 bachen schwynng fleisch entworbdet, die heili
1717 262 2842 496 und eplachen selbs brucht und uß übrigem
1700 337 2424 587 gemn agit as Euß
1660 440 2864 731 Im fruenthal by asfolten nachts uß einein
1683 530 2921 778 feschen, den y aben bim Tach durchboret, 3 röct
1694 639 2888 849 pr haieli s par schu, etwas fachs und werchs
1988 753 2128 822 fleih
1694 712 2893 932 und by 10 lb, so sy uff der segte gekecht und
1700 795 2892 998 mit einandeen gesten entfrocbdet, der einte
1684 898 2875 1088 theil waß ihme bezogen gebrucht und das uberg
1691 1022 2150 1147 umb 18 h verkaufft.
1640 1092 2795 1287 zu Lindach abermahl Nachts oben zum Tach
1692 1205 2831 1349 zinge, in ein pychen gebrochtn, daruß etwas
1688 1283 2820 1411 leders, 2par sihn 3 hemli, 2 giepe vnd
1683 1359 2805 1513 em stack schwyein fleisch enttagen und glych
1668 1462 2009 1606 glich getheilt.
1663 1534 2781 1697 Ir der wolen hab er zwar auch gubrechen
1672 1643 2575 1777 w�llen, sye aber darob verjagt worden.
1629 1739 2792 1898 Di er dan mit vorgemelter syner gespaneg
1676 1834 2778 1968 haft nit vyt bedannen, und er der thur
1676 1918 2766 2069 schwellen durch In eines daueners haß, gu¬
1658 1986 2757 2154 gberochen und daruß ein haffen voll ancken
1667 2085 2376 2217 vnd gwey brott genomen.
1647 2188 2769 2358 Mit geschee hifft habe er zu Cappellen zu ein
1654 2284 2673 2438 sghe brechen w�llen aber veiegt worden.
1629 2395 2839 2589 dießglychen auch zu dagerschen einen spychnöffern
1665 2489 2798 2642 wollen, wyle aber die licht darin gelegen
1632 2532 2753 2731 seychen müßen und ie nechsten keller dalig
1648 2646 1879 2770 slch gesen.
1599 2692 2777 2921 Veschinen Martini hab syn fraue HApolonia
1622 2833 2772 3001 Rantelmeger) genant) sein käst und etwas
1635 2921 2740 3103 neckens alhie uff dem marit genomen vnd
1627 3000 1993 3130 ine zugebracht.
1581 3102 2710 3321 zu thun am herbstmarit hab einer gner
1619 3220 2735 3377 gespanen uff dem meeit ancken genommen.
1623 3302 2760 3478 und mit ihm theilt, davon ihm anderhalb maß
1610 3385 2582 3539 worden, so sy durch den witer gebrucht.
2532 3573 2639 3673 zu
2910 54 2992 153 97.
