3024 4032
337 50 459 141 24.
846 144 1130 294 1644
500 212 1579 468 aber deß Nohtzwangs und Viotens keines
1553 298 1679 445 Janu
507 330 1546 550 wegs anred und bekantlich syn wöllen
509 377 1629 616 hernachwerts aber und nach ernstigerem zu
499 469 1614 689 sprechen und troupung anweiderde matter
515 576 1599 758 hatt sy bekent und erhalten, daß zwar
516 642 1638 837 Er Rubi fleischliche gemeinschafft mit ihro
524 739 1630 920 ghan, daß er sy aber nahtzwengt und ihre
512 802 1651 994 gungfrauwschafft gwalthatiger wyß beraubet
530 918 1594 1060 habe, gescheche ihm hierin zu kurz vnd
524 995 1645 1184 unrecht, dan er Steller by zweyen mohraten
522 1056 1580 1238 zuvor (zwar nach versprochener Ehe¬
514 1149 1617 1330 underschidenlich ihres lybs theilhafft und
521 1247 1606 1392 genoß worden, welicher auch sy, ihne
523 1339 1654 1493 Rubi dergestalten ze beklagen angewisen
532 1417 1570 1566 und nit abzulaßen bevohlen, biß das s
538 1511 1616 1642 seche dzs es ihme vbell gahn wolle, alßan
535 1575 1634 1711 solle sy ihne entschlachen, habe auch zwar
546 1673 1645 1821 ihre hinderufs, der brief an ein ehesam
534 1751 1378 1896 ehorgricht alhero schryben laßen.
520 1834 1630 1965 Wyle aber er Staller dißer anwysung
564 1932 1630 2048 halben nit gestendig yn wöllen und hoch
550 1995 1625 2145 genant M  l um sb uß allen vmbstehrd
554 2105 1654 2219 abnemmen mögen, daß die warheit nachnit
557 2166 1615 2287 vorkamenlich entdeckh und noch etwas
562 2234 1652 2393 wyters hinder der sach stecken werde, alß
551 2335 1629 2468 haben sy nochmahls bevolchen, sy beide
541 2424 1649 2572 persohnen mit scherffe der marter exa
543 2496 1621 2629 miniren vnd zu runder bekantnuß der
541 2585 1617 2728 Warheit halten zu laßen, weliches das
552 2654 1648 2833 In bysyn, keheren und gegenwertigket
547 2734 1669 2914 vor ehren ermelt s alt Bmehern Hallers
549 2836 1673 2995 vor klegnen, l. Jeremia Gruners vom
552 2904 1671 3111 großen rhat hern Großweibel Sinners
544 2995 1691 3205 und etlicher anderen so y dienern der weiblen
554 3094 1568 3285 mehr, den den diß verrichtet worden.
468 3161 1698 3413 Da dar sy die Verenar Ine Seng, nochmahl
517 3266 1664 3497 bestendig vff ihrer vorgehnden Neinung
524 3325 1662 3581 beharret, daß dem statthalter Suben deß
520 3413 1664 3683 Nohtzwangs halben vnrecht gescheche, vnd sy
1503 3510 1620 3614 ihne
2127 209 2435 325 1644.
1690 327 1783 393 it.
1753 278 2943 458 ihne mit unwarheit zebeklagen von Niemand
1775 388 2925 519 anderene alß ihme Steller, in ihres meisters
1782 450 2896 592 huß under dem Laubli angewisen worden,
1791 517 2923 637 mit anzeigung volgender uiebstehnden, daß sy
1781 591 2931 715 samlich ihme gegeweidt, war sy den statthalter
1773 669 2928 804 Stubi deß nohtzwangs beklage, so werde man
1776 732 2911 888 sagen, worumb sy nit geschrawen habe? da
1777 802 2910 939 habe er ihra daruf gerahten, sy solle sagen, er
1789 866 2946 1017 habe ihro daß gewand uff den kopf geworffen
1779 944 2862 1071 daß sy nit habe schreyen können, daß sy
1789 1022 2902 1167 sich aber also von ihme verfuhren laßen,
1785 1102 2527 1250 seye ihro von hertzen leydt.
1767 1177 2878 1352 Vngracht nun sy ihme Staller diß alles
1767 1262 2971 1415 under munts erhalten, hatt er doch aefangs
1779 1351 2940 1491 dßen nit gestendig sye möllen, biß entlich
1779 1436 2913 1545 daß ihne die strenge der Marter zur ver
1780 1507 2928 1636 gicht und bekantnus gebracht, da er dan
1761 1583 2518 1716 veriehen bekent und erhalten.
1761 1662 2930 1818 Eß zu leyder wahr, daß er vilgemelte
1770 1751 2986 1862 Perona, wie sy anzeigt, under dem gedachten
1771 1829 2872 1955 Löübli vff vnd angewisen habe, den
1779 1903 2902 2023 statthalter Rubi deß an ihra veralten
1789 1997 3029 2130 Nohtgrangs und Violation ihrer Magdschafft
1791 2069 2933 2224 anzeflagen, da doch er mohl gewüst, daß
1786 2158 2953 2294 ihme hierin (ußert dem gemeinen fhalen)
1791 2254 2916 2399 ganz vnrecht gescheche, vnd dr der Eeste
1796 2343 2926 2496 sie sye, der sy ihrer Iungfrauwschafft be¬
1792 2449 3028 2594 nebet habe und sye glychwohl vor Niemant
1799 2534 2946 2700 oderem darzu angewisen worden, sondern
1801 2627 3002 2776 es uß eigner bewegnuß uß luterem
1795 2694 2986 2893 und haß, so er zu ihme rabi getragen,
1793 2796 2926 2987 gethan, vnd habe auch den brief an Eir
1783 2864 2948 3061 hrsam ehorgricht deßweg abgangen, mit
1778 2984 2945 3148 eigner hand, in bysyr Peter Bumans,
1783 3047 2913 3250 geschriben, habe leyder nit gesuinet, wie
1783 3139 2972 3351 wy ußsechend die sach, so wohl deß statthalters
1779 3211 2947 3463 alß ihrenthalben syn werde, dan sy nit ihm
1772 3278 2961 3553 dem ghas ihne deßentwegen In gefahr gnes
1785 3378 2972 3627 abent zubringen, dan sy sich sonsten al
2790 3613 2926 3704 be
