3024 4032
407 55 542 150 230
919 161 1237 298 1644.
516 199 1625 477 der kilchöri Höhstetten vergessen, von
569 286 1638 551 deme sy auch ein unehelich töchterli,
568 397 1678 672 (so also bald nach der geburt zuo gött¬
581 437 1638 725 lichen gnaden beruefft worden) ertzüget,
571 549 1653 838 darumb sy dan auch von einem ehrsamen
549 653 1569 910 chorgricht alhie abgestrafft worden.
593 851 1642 1075 Drittens so habe sy sich auch mit Hans
516 923 1673 1165 Tommeter von Losanen pürtig und domahl
515 1028 1646 1253 zuo Mörsperg wonhafft einem eheman
502 1114 1618 1337 in ehebruch vergessen und von ihme
541 1225 1665 1438 ein unehelich söhnli, so zuo Truob getaufft
540 1350 1661 1534 worden und noch dissmahlen by ihra ist,
535 1435 1660 1598 erzihlet, weliches sy auch (wylen syn vatter
549 1534 1653 1697 so bald er gewahr worden das sy schwanger
542 1613 1648 1801 seye sich fortgemacht) sithar erhalten, von
534 1722 1640 1894 welichen fhälers wegen sy ebenmessig ab¬
537 1826 1047 1973 gebuesset habe.
465 1932 1576 2161 Viertens dan so habe sy es by obigen
494 2090 1619 2241 bekenten und verubten thaten nit verblyben
488 2184 1624 2328 lassen, sondern sich noch verners mit Christen
452 2272 1578 2426 Murer by der Zollbrugk der kilchöri
468 2363 1610 2514 Lauperswyl in fleischlichem muotwillen
456 2479 1619 2631 vergessen von deme sy dan abermahlen
490 2581 1613 2711 schwanger worden und zuo March eines
489 2663 1628 2832 schönen wohlgestalteten töchterlins genesen,
462 2769 1621 2926 wylen sy aber eintzig und allein gsin seye
487 2874 1613 3046 sy uss eigner bewegnuss ohne jemants an¬
473 2955 1596 3140 stifftung uss schwachheit und angebornen
448 3021 1588 3235 menschlichen blodigkeiten und gebrechen in
463 3127 1585 3360 söliche grusame unnatürliche gedancken
463 3222 1556 3443 gerahten, dass sy selbiges ihr tohterlin mit
450 3278 1596 3536 angelegter handt gwalthätiger wyss erwürgt
424 3389 1601 3666 und also ihr eigen fleisch und bluot mit hinden¬
434 3500 1565 3754 setzung ihrer natürlichen müeterlichen liebe und
1456 3597 1529 3711 zuo
413 3692 1124 3910 glych nach der geburt
1653 363 1724 462 Mar
2173 275 2471 405 1644.
1750 359 1816 450 tius.
1785 370 2866 567 zuogeneigten hertzens umb dass leben, so
1785 473 2872 600 ihme Gott der her gegeben, gebracht
1782 538 2926 700 und hernacher in einem spyssgaden vergraben
1794 627 1927 757 habe.
1770 699 2883 850 Alss aber ihr gevatter Abraham Schwartzen¬
1786 780 2905 933 truober und syn frauw einen argwohn disser
1785 854 2928 1026 leydigen that uf sy gehapt und sy desswegen
1777 933 2834 1075 darumb zuo redt gestossen, habe sy ihnen
1780 1012 2932 1176 dissen ihren hochen und schwären fhäler bekent,
1756 1091 2919 1241 sich aber darüber fort und weg gemacht, also
1768 1178 2901 1333 dass sy anordnung gegeben, dass dass kindt
1783 1259 2903 1408 widerumb herfür gegraben, gesüberet und
1777 1333 2876 1521 durch den sigeristen ordenlich zur erden
1786 1429 2347 1561 seye bestattet worden.
1713 1527 2859 1727 Ungeacht aber hievor beschribnen under¬
1728 1683 2908 1833 schidenlichen unküschen werken und an ihrer
1741 1752 2944 1942 eignen lybsfrucht verbrachten grusamen mort¬
1736 1861 2841 2031 that, habe sy sich nit anderer gestalten
1730 1960 2908 2134 gebesseret, den dass sy in ihrer fleischlichen
1725 2046 2906 2202 geilheit immerdar fürgefahren und
1728 2155 2910 2319 sich droben zuo Hassli mit Melchior Tschäp¬
1715 2233 2906 2408 peler erstlich in synem witling standt
1723 2336 2915 2510 (da er ihra zwar die ehe versprochen und aber
1738 2418 2905 2604 nit gehalten habe) hernacher aber alss er
1718 2512 2859 2705 sich anderfahrt verehelichet widerumb in
1712 2602 2878 2832 unküscher liebe vergessen also das syn fraue
1692 2709 2379 2885 sich von ihme scheiden lassen.
1681 2786 2833 3097 Und dan letstlich habe sy sich abermahlen
1695 2916 2919 3137 mit Heinrich Zoberist einem eheman, by dem
1685 2991 2939 3260 sy den verschinen sommer zuo Brientz gedienet,
1662 3071 2811 3334 in unküschen thatten vertrapt und von
1650 3222 2871 3458 ihme geschwengeret worden, welicher ihrer
1673 3295 2849 3564 getragnen lybsfrucht sy nun letstlich alhie
1678 3372 2901 3675 im oberen spitahl glüklich entbunden worden.
2719 3834 2824 3979 uf
