3024 4032
322 32 439 110 192
845 112 1171 256 1642
455 113 1592 534 So l an geelen
496 291 1369 484 geyberrock vnd 30 Ellen Ruch
493 361 1583 662 und Im Elsenholz 4 kesen und 6 flb mt
495 479 930 629 tuch entragen.
1541 535 1571 599 1
492 572 1214 766 zu ffeltigen zrey brott.
484 701 1583 940 zu Oberloffen uß einem spycher zwen m
494 818 1565 1022 rock und trey brottsentrag und für
518 882 994 992 beren verkaufft.
923 983 1000 1063 uß
494 971 1590 1189 zu vatterhuß seinem kellen, habe er ver
481 1097 1287 1247 brott genomen vnd gestl.
478 1183 1591 1384 zu Baumenstein habe er zwen segche guhe
483 1289 1590 1472 ß dem liten zwen wyberräck uß dem anh
511 1379 1579 1530 aber vier käsen genomen vnd by Duezel
503 1463 763 1572 verkaufft
469 1569 1574 1728 An glychen ohet habe er ebrnueßig zre
481 1681 1562 1810 käller geöffnet und fürf kösen, deruß
510 1757 1501 1915 entrag vnd auch daselbst verkanfft,
471 1875 1565 2033 zu Wattenwyl uß einem kelte e këhren
472 1999 1553 2159 Denne so habe er anderen bösen buth,
506 2106 1578 2260 ihr dalst in die wald vergraben, daßelbig
466 2191 1580 2370 genomen, sin ihme aber widerumb ab¬
503 2289 913 2460 gejagt worden.
443 2413 1586 2603 zu Baumenstein habe er mit obgemelte
472 2516 1584 2712 gner gepanen halff ein spycher ucfgebrochen
488 2597 1580 2774 und daruß vier kösen und ihrey beott
504 2775 847 2884 genomet.
470 2763 1576 3014 Im laupach uß fiürin gade ein kmup
471 2906 1205 3103 higer brott und millh.
454 2998 1575 3214 Abormahls zu Blumenstenn habe er uß
465 3093 1559 3288 Enem keller funfthalben käß genommen
465 3158 1574 3395 und einem alten man verkaufft, die Nath
473 3270 1394 3452 aber so darumen gsin getruncken.
450 3325 1575 3609 zu Müllerberg habe er und syne gesonnen
463 3385 1572 3684 uß einem källen zwen käsen und zib
487 3494 1563 3743 brot entrag, die milch aber so derin gsin
1450 3645 1520 3770 g.
493 3683 1064 3867 nit kunderen gehen.
1560 293 1691 433 t.
2039 122 2347 253 1642.
1648 125 2798 480 ee aen at ter
1650 390 1917 551 nd slch
1656 293 2829 637 geend le e
1660 396 2854 738 gekanen haltt uß einem keller sechs käsen
1686 515 2735 766 entfrombdet und einem man verkaufft.
1663 597 2824 894 In der Riedtett habe er und syne biden
1683 700 2845 979 gesoanen, ein hallen käß und brottge
1695 775 2815 1005 nemen, se ihnen aber widerumb abgeagt
1694 971 1861 1081 worden.
1661 941 2804 1190 by Nuesingen uß einer keller habnit sy
1684 1053 2909 1259 drey käsen und den brott entragen, selbige
1698 1126 2833 1349 hnem körber verkaufft und daß daruß
1694 1212 2644 1404 erlöste gelt mit hianden verspilt.
1694 1287 2804 1501 It den wyniger loffen habe er uß fnein
1707 1387 2797 1551 vebeschloßenen kellenthags 2 kösen und
1697 1499 2257 1654 zwey brott genomen.
1680 1578 2898 1746 an der langenkgk by Stäffisbung uß fürin
1695 1680 2830 1816 kellen 3 käsen und 3 brott entfrruldet
1692 1750 2885 1897 vnd Einem korber mit einem graueen bart
1674 1855 1924 1945 verkaufft.
1664 1919 2821 2084 Im Bucholter beig vß Einem gade, brott
1682 2026 1958 2124 und Mulc.
1690 2097 2810 2262 sagt by ihme uß finemn geden zwen käsen
1685 2203 2054 2290 und ein brott.
1664 2260 2843 2436 By vndersewen vß Einem kellen so nit ver¬
1703 2376 2793 2529 schloßen gsin, ein halbs käß und mille
1690 2493 2788 2661 By heütingen uß einem keller 3 bösen.
1670 2590 2862 2818 zu Oberhoßli ebenmaßig uß enem kellen
1697 2722 2138 2853 vierthalben k�ß.
1670 2772 2819 3011 Vnder der Auren Fregk vß Einem keller
1670 2901 1965 3009 dru brott.
1655 2979 2855 3206 Vff dem Lengenberg zu Hoffmatt 3 beort
1662 3065 2882 3289 By duneen vß einein keller 3oder 4 bedt.
1659 3175 2801 3381 kenet der aren fiein Rycheberen by
1680 3269 2812 3464 Schuntzere huß Ist dem kellen zwey käse
1682 3354 2059 3471 und 4 brott.
1659 3403 2844 3612 Im Ehrwegl Sichs kuß vnd 2 brottge
1685 3502 2542 3672 neunen vnd Einem gggen verkaufft.
2679 3625 2845 3744 Ober
2850 -7 2980 73 143
