3024 4032
34 242 110 332 2.
622 260 802 364 1647.
183 282 1286 448 grundt der wahrheit faltschlich geredt und
139 393 1354 510 deßgelaßen, das man zu Bremgarten ein mandat
183 457 1358 618 verlesen, wie das vber veßtgeschribne Keiegk
195 520 1332 660 stuer, man darzu die füeffte garben und von
186 602 1380 766 jedem fruchtboren baum ein bazen felih geben
184 672 1371 817 und entrichter solle und aber ihrer vorspgen
207 752 1370 889 gestelt, habt sy von deßtwegen biß uff gnad
218 839 1303 961 die statt und bärgern ichs roden müßen und
222 911 1396 1011 uff oit aug 1641 ußgeschworen, auch hiemit
243 969 1418 1077 eher und mehrloß erkent worden. Rum scheckfe aber
216 1031 1405 1166 vor glybs gschächen wegen mit läten geschweizs und syli
1234 1102 1414 1174 eisen worden.
409 1092 1094 1197 o odlena Wrieg
197 1169 1403 1320 Michell Mahtyser sonst genampt Hentschenmacher
240 1268 1390 1400 frauw von Oetschwaben, als selbige uß bösem
231 1348 1388 1486 forgwohnen und verdacht, alß ob sy von Peter
243 1426 1397 1571 Berners zum andermahl angesteckten huß
252 1507 1420 1661 und henms etwas wiße und andere reg
272 1597 1415 1743 wohlange diebsthäl, wie nan selbige ihre lecht
272 1676 1363 1820 der von R vogt von Feienisberg deß grg
272 1753 1388 1880 bekelch vffgenomener Information treren
408 1855 655 1917 zabt hette
276 1838 1403 1992 w�llen, , alhar in ir sy benden gesant und
280 1916 1392 2083 sambstags den 28. aug 1641 durch die ehren.
283 1996 1413 2149 vesten tc. Hs Niclanß Lembach deß kleinen
281 2073 1441 2228 Hs Stephan Lerect deß großen Rhatts Iebesen
289 2148 1442 2293 hs Sampel Lerbers deß Großweibels und
287 2212 1424 2401 Jacob Capilts ernstwertig darumb befragt
284 2302 1457 2458 und examinirt worden, Als aber sy weder deß
294 2375 1429 2557 kinten andern noch dritten ihra fürgehaltene
284 2454 1413 2656 klagguecken gestendig hyr wollen Die sach
291 2523 1400 2716 und dero entschuldigung erg widerumb
283 2593 1411 2821 fürgebracht worden, weliche dan gutbefunden.
303 2667 1459 2925 Ihr alte magt Gebli Kaltschmidt mit under
321 2768 1465 2995 gegen ihra ze confientiei und sy hernach mit
303 2867 1374 3080 zimliches marter verners zefecken. Ist
330 2935 1459 3198 selbigem uff 2 sebt 1691 durch vor und
343 3007 1455 3267 wohlgedachten h Nulenst Lerbach deß fleing
322 3107 1456 3335 und h Vincatz kackbrets großen schats
320 3178 1466 3454 Ir bysyn hs Sampel Leebers Großweibels
311 3266 1462 3539 und etlicher nyner gern dienen der weiblen
325 3332 1476 3598 volg und statt beschechen und zwer Erstlich
296 3435 1459 3700 sy Madee Krieg und in megt zur Schäten
338 3524 1484 3812 gegen einander verhert worden, da da die
354 3604 1468 3853 magt ihre under augen erhalten, das sy die
1376 3787 1489 3836 an
346 3649 1527 3984 fraue sy die magt zu underschidenlichen mahren
1373 371 1539 499 ember.
1974 232 2177 321 16 4t.
1506 212 2667 544 gewisen, das sy synem alten vatter hulachen,
1512 303 2653 603 garn flachs und anders was er errntschen
1518 346 2695 659 könne nemen und ihre zubringen solle, so woll
1548 435 2681 741 y es ihme bezehlen, alß auch weß sy die magt
1544 503 2694 792 von andren nachpareen überkommen und nemen
1530 546 2690 869 möcght, daß hatt aber die frauw nit allein
1525 661 2696 967 zuschiten gentzlich verneinet, sondern much
1523 740 2690 1051 Im thuen an der marter, das ihre hieri un
1566 795 2696 1083 recht gescheche erhalten und verantwortet sich
1564 888 2546 1164 uber den emten und anderen puncken also.
1520 990 2640 1267 Erstlich dev deß scheynshalben. se verschinen
1577 1054 2677 1306 berbsts ein sapheyer mit schegnen da fürgefahren
1574 1133 2660 1368 und under anderem kiit ghag, so er nit wyters
1587 1161 2783 1443 bringen mögen und es also zu synemhaß zugestelt
1599 1287 2725 1497 Morndreß sye er widerkomen und Rev dem scheyn
1600 1325 2756 1581 heißen zu drmken und isten bringen, Daß hab aber deren
1615 1427 2685 1627 keins Inemen konnen, also dzs der Saroger Ihnen
1612 1498 2752 1711 gedichtet sy sollens es stechen,, daß zebeit sy ofentlich
1602 1552 2791 1764 vor ihrem huß gethan und die hatt anzun uffgespannet,
1615 1633 2774 1848 die hernach der h vogt vor Herenisberg abholen laßen
1636 1707 2754 1915 und sy ihme verlen laßen, Der Sareyer aber hab ihnen
1627 1779 2734 1995 de schweyn verehet, welchesen fleisch nachdem s es
1640 1923 2262 2075 usgeschneten aeggeworffen.
1570 1972 2800 2156 Daß sy ehr magt ihrem vatter hab heißen etwas schulen
1623 2077 2738 2226 daß sye zu keinen geg, daß meitli aber hab fü
1638 2146 2758 2319 such selbst sinem votten, fraths, gorn vnd anders
1628 2212 2792 2364 genommen, darüber sy es beschalte und syin vatte
1652 2321 2096 2441 die sachen nidergeben.
1562 2395 2798 2562 Das sy dan angeklagt ye, alß es sy Bernes huß
1667 2502 2794 2642 angesteht hette, gescheche Ihra hierin groß vnrecht,
1671 2587 2785 2714 sy habe doch ihr magt d ohm geschikklöschen, und hab
1659 2660 2779 2795 ihr nag ein leiteren darzu heltten tragen, sy aber
1677 2732 2822 2872 hab nit von huß können, weyl die keinen allersists
1671 2814 2198 2955 vber ihr huß geflagen.
1683 2918 2712 3057 daß sy der kind etwas bises gegeben habe.
2710 2957 2797 3088 s
1696 3000 2775 3149 nit wohr, kenne drefir mit vnd woll es auch
1713 3070 2792 3227 nit lehrnen, Eß syn zwan ein hindt ao: daselbst
1699 3141 2768 3295 drettgangen, der habe aber fliegen aß gese.
1698 3229 2855 3442 Waß dan der verbroüten zun belange, sye sy zwar
1687 3358 2791 3503 von vernaß darzu kommen und uff der riederen
1710 3419 2877 3604 gesechen dz er beinne, Wahr ohngearlich vmb 3 Ihr
1731 3500 2862 3703 Nach mtag, das sy es aber gethan oder gewantl sy ge
1730 3565 2825 3747 funden, das yr nit, zudem syn dach ihr zwe ehre auch
1740 3657 2850 3847 verbrunnen, da worde sy zu denselbhn nit selbst
1757 3708 2085 3827 angestett haben.
