3024 4032
221 39 266 90 1
348 12 473 116 198.
1050 146 1327 281 1644.
775 232 1492 439 Maria Diesch uß
854 310 1366 499 S. Jnens thal.
490 428 1632 714 Es ist zwar deisere weybspersohn, des
473 529 1630 783 Jenig von ihre, einem knecht, endtfrömbde,
479 600 1629 855 ten gelts halben pynlich Examiniert worden
477 679 1652 918 Weylen sey aber anders mit beekennen wölle
471 757 1622 983 als das jnige, was der h vogt von Coupen
483 879 1639 1067 berichtet, als sindt ihr g an ihr versprechen
478 928 1663 1131 nit kommen vnndt also durch meynem wolgeher¬
477 1014 1610 1226 ten Junckeren mitaus Combach desteglichen
447 1094 1626 1280 Khatr, luth Rhathadels mit zu thun herren
453 1162 1643 1367 Jacob Gerbens, gewesnen Gubernatoren zu
459 1257 1661 1441 Beaumondt, vnndt seren großweib ell Sinner
456 1349 1631 1489 nochmaldt. 10. Januarii 1644. Cxaminiert
460 1425 1620 1606 unndt befragt worden, wo hin sey mit den
466 1516 1666 1680 jenigen 20 l welche sey Vnlangest einem gwusten
453 1586 1641 1733 gsellen, endtwendt habe, sinkommen seye, vnndt
470 1678 1647 1832 elbige singethan habe. Hatt sey geandtwortet
448 1759 1638 1933 vnndt mit der Marter zum anderen mas er
424 1843 1581 1987 halten das sey anders nüt wüse, denn das
453 1919 1623 2064 sey selbige dem Jenige den sey schon angeben
448 2001 1605 2141 vnnd hieuor genamset, gegeben habe, vnndt
437 2100 1602 2245 derselbige werde woll bescheidt darumb geben
442 2173 1527 2310 begere aber sölche suin zu ersetzen, durch
439 2257 1562 2378 mittell desen, das ihra Jegonimus Gotter
436 2333 1617 2460 Freyweibell, bey demme sey 2 jahr gedienet
429 2412 1580 2542 noch fünff kronen schuldig seye. Vnndt noch
424 2493 1608 2606 einanderer vies u hernach aber so habe sey
427 2572 1593 2706 noch kleider, die das elrig mach, vnndt das
424 2661 1599 2803 restierende gelt vsdenselben erläst werden
424 2738 1632 2885 möchte, e Ihr letste meister ist gsin Barth
418 2829 1610 2944 on Lschannen von Murtzelen. Sittatt Gott
411 2901 1606 3033 den allmechtig vnnd ein gnedige Oberkeit vn
388 2991 1597 3160 hartzen vmb Gnadt vnndt vmb verzeuchung
395 3085 1594 3242 Versprich neben der ersatzung des gelts vnnd
380 3147 1600 3310 die beserung. Will sonst andere mit becken
395 3246 1543 3397 nen. Ist zwey mahl lär uffzoge worden
392 3320 1602 3513 unnd alle mahl erhalten das obige persohn des
391 3457 687 3608 gelt habe
439 3450 1607 3690 Diserer wybspersolen ist in daß Schallenwerk
441 3586 1620 3761 erkent, so lang biß sy obgemelte eitfromb
452 3656 1626 3842 dete sinte wirt restituirt haben nach erstatten
430 3762 1543 3946 deß gelts ist sy der  martii 1699 mit dem
421 3817 1497 4027 eydt vor statt und land verwisen worden.
1622 304 1802 431 Jrnspit
2241 266 2529 379 1644.
1895 318 2831 506 Baulus Stetther Hern
1990 453 2799 578 Hauptmare Fischers gewesner
2275 527 2811 674 lehemag zu Bötting.
1764 582 2883 789 Wyls dißer mit sampt syner frauwen
1773 725 2942 851 verschinen wochen, der herren landtvogt syche
1769 788 2867 925 erdhuß, alß verdächtige licht gefindn
1770 869 2931 1026 begrikten und in gefenkliche verhafftung
1758 964 2909 1091 gnommen worden, sind sy deß er sy bekelch
1780 1035 2946 1196 nach die E. f. f. E. vnd sie herj, gen wilfelm
1777 1106 2970 1259 dert vom Fleiren 8 Hans Jacob Agmans
1755 1199 2907 1348 vom großen schat, In bysyn s Ruran
1767 1289 2917 1430 Kellers und etlicher weiblen den 15.
1774 1374 2905 1516 diß mit und ohne marter exammort
1761 1454 2311 1584 und befragt worden.
1741 1545 2933 1678 und erstlich bemelter Sauli Stettler, wa
1756 1637 2922 1802 mib er e hauptman Fischer zyuversproche.
1744 1722 2439 1840 in dienst nit gehalten
1732 1803 2939 1959 hatt er sich also beantwortet, er habe gent
1737 1911 2892 2042 lich im nun ghagn synen dienst wie gebarlich
1740 1976 2909 2117 zehalten und sich darzu auch albereit ge
1744 2035 2806 2203 eüstet und uff solich end, deß hern
1741 2141 2929 2304 haupfmant frauw angesprochen, das sy ihre
1733 2210 2784 2370 sie gewand, so sy ihm noch schuldig syn
1733 2305 2986 2477 rochte machen laßen damit so den her etwas
1733 2379 2951 2567 gents verreisen wolte, er alßan auch gerüstet
1713 2450 2889 2632 Ie mit ihm zureisen; da habe die frauw
1736 2551 2898 2721 soli übel uffgenommen gezorüt und
1722 2642 2920 2868 ihrem hern geklagt, er habe sy mit truden
1718 2718 2910 2964 und bochen ungebarlicher wyß angefallen,
1723 2805 2923 3046 der  habe daruf also bald ohne verhorung
1706 2878 2883 3141 sn vber ihn das wehr gezuft und Hansen
1707 2963 2895 3246 wolen, dan habe er ihme daß weher erwütscht
1704 3052 2867 3325 daßer ihm nüt thun konnen. Hernach alßo
1693 3140 2857 3424 sy mit fianden nach gotting gefahren, da
1707 3238 2832 3556 n der s kauptmarn ihme verwüßen
1699 3310 2789 3656 nennd emn ahen
1703 3420 2860 3747 ihunan gsell fur einen dienen habe, der sich
1681 3506 2868 3861 engeessen a
1699 3612 2815 3942 dege deige iche
2572 3879 2815 3998 fereben
