3024 4032
419 67 542 147 218.
569 234 1600 506 Mitt welchem zug es obenves vff Orthschwaaben
570 302 1619 564 zugangen seye unnd daselbsten dem wirt 3
549 383 1634 626 par Strumpff das einee umb 12 bz, die ander umb
574 501 701 591 habe
580 436 1633 702 vent e e
559 576 1656 864 die frägen, habe es einem knecht zu Bücht
592 705 1302 867 er umb 16 bz verkaufft.
574 730 1686 1010 das elbsten habe es auch in des Käsers bus ein par
582 842 1660 1066 Strumpff vmb siben batzen verkarfft, vnndt
586 902 1689 1168 seyendt ihm drey par unwüsendt hinweg gekommen,
585 1015 1644 1203 also dae es nit wesen mögewer sey genommen.
572 1107 1707 1330 Dan röck habe es zu Büren umb ein ge verkaufft,
581 1216 1685 1403 die Lembder vnnd Göllerdann seyendt noch zue
583 1303 1615 1446 Bärendingen im wirtshaus bey solothurn.
568 1402 1710 1577 Wie es nun mit disen sachen also abkommen, seye es alhe
613 1482 1656 1636 widerumb in die statt gangen unndt verschumnen
598 1544 1723 1702 donstag zu abendt, abermal in gedachts das
613 1625 1678 1771 Josenlis wers haus zu den fensteren
613 1713 1718 1838 hmein, durch mittell der Jenigen was so vor dem
609 1778 1704 1928 haus gestandtn gestigen unndt daselbsten wie
613 1839 1165 1975 derumb endtfrömbdet.
607 1944 1729 2058 namlichen 2 röck 17 par strumpff ermel fürtihe
616 2021 1727 2116 krägen der knechten vnndt ihre dabath Buffel
611 2086 1681 2200 Zweselin. 3 Silberin löffell 1 schune agsteinen
621 2160 1713 2263 2. Schlupff ein umbhand vom betth 1 költsche
628 2223 1680 2350 wehln, dackbett, mit Schurletz dackbetth,
596 2295 1210 2428 ürletz k�fs küßi
1436 2328 1756 2446 so es auch selbe nsendet
606 2390 1720 2522 des angeklagten Silberigen Käulins, will es mitge¬
650 2479 1315 2601 stendig, noch bekandtlich sein.
643 2577 1723 2731 ise sachen habe es in 2 theil getheilt vnndt in die
624 2660 1735 2798 wags er gestoßen, am morgen den einten genommen
630 2727 1717 2850 unndt mit zum unnderen thor hinausgangen.
634 2796 1726 2926 veffem Stalden vff einem wagen gelegt, vnndt der
645 2857 1732 3025 Walden uffhin füehren lasen wollen. unndt all
650 2913 1747 3078 man nit gefragt, was es für zeüg dabe unnd
1701 2977 1751 3048 se
624 3006 1691 3167 wohin es mit fürwolle, habe es gesagt, es seye
634 3068 1656 3245 unndt wolle es an guthen ort füehren las in
637 3131 1729 3313 werdindt aber noch 2 meidtlin nachhinkommen und
638 3176 1748 3403 die wollindt mit ihme gehen. Habe aber von kein
661 3253 1758 3494 nem gewüst, sondern mir uff daen endt solcher
635 3328 1770 3602 gesagt, das man nis desto eher gehen vnndt der
645 3423 1703 3697 jahren lase, vnnd minderen zweifell habe.
1638 3504 1773 3646 se
1744 294 2906 514 abem stalte oben aber, seye der knechten einer
1764 366 2919 553 ferder zeüg genommen, nachhin geylt den zug
1767 450 2854 631 gesandt, ihme selbigen widerumb abgeiagt.
1763 517 2911 680 andt es also widerumb gefangen in die statt gei
1758 588 2906 770 licht, d in jetzige 9f angenschafft geleg
1757 701 1908 817 worden
1761 745 2874 913 seßren habe es hievor einer magdt, sodismale
1766 825 2806 985 sy Herren miatsderien gruser wohne unndt
1767 891 2870 1057 sauor zu Güchsee gewesen einen rock endt¬
1769 1001 1879 1110 et
1781 995 2854 1159 eseni a Ermellso es dismalen antrage, habe
1771 1050 2909 1220 hnegedachter kienhi, dar ihme die ehe versprochen,
1769 1143 2759 1305 gekramet, seye auch von ihme schwanger.
1787 1235 2890 1362 Ih sonsten im übrigen mit weiters mehr be
1790 1310 2892 1443 kanen wellen, Ist einmal lär vffzogen worden
1786 1379 2853 1513 hatt gott unnd ein gnedige hocht oberkeit
1795 1460 2602 1582 unb gnad unnd umb verzeichung.
1793 1551 2923 1690 syn vorgehnde lybsfrucht mit deren es feendrigen
1793 1632 2924 1768 jihrs schwanger gewesen, betreffndt, seye es durch
1778 1722 2231 1836 gefahl darimb kamen.
1785 1856 2899 2016 Wißen er d bekolchen, daß man diß nentsch
1800 1958 2916 2080 durch die hebammen beschauwen laßen solle
1808 2024 2889 2166 des schwanger sye oder nit, damit man
1823 2115 2979 2246 sprach nach beschaffenheit der sach mit ihme
1816 2197 2904 2325 esers procediren könne, vnd nun die
1822 2288 3012 2419 hebamen befunden, das es mit dem kind gange
1840 2372 2996 2497 alß ist es einmahle in daß Schallenweck
1839 2458 2921 2578 geschendet worden. Nachdem es sich nin
1813 2525 2954 2704 ezrüschen halten wort werden. er g mint
1826 2657 2916 2793 widers vervrsachet werden. Der warheit
1824 2731 2885 2897 venes nachzeforschen ocht es ledig
1832 2795 2102 2931 glesen
2918 186 3028 273 219
