3024 4032
271 81 300 159 1
373 84 496 167 176.
738 262 1448 475 Cadtona Paser
899 388 1290 508 von Langnouwr.
506 408 1588 677 sisere ist wegen begangnen und in szry zum
505 554 1600 785 driten mahl ergriffnen fallers, luth Ihr M
484 639 1602 813 befelch, von dereselbn Statt vnd Landt, mit
494 686 1581 886 dem eydt biß uff gnad hinverwisen worden.
521 766 1617 974 Actum 13. februarii 1643 hat noch 5 tag zihlen
533 853 1003 979 undt blatz bgn
526 1133 1614 1320 ff 10 febr 1643 sindt nachvolgende
553 1237 1644 1433 un Soldath, so under den Hernhischen
554 1315 1652 1498 hauptlichten dienst genommen, alß nameich
559 1415 1657 1561 Heini gsell von Langenthal ein wäte
565 1513 1631 1654 elli Suster und Melcher Wäber von Kuler
550 1601 1631 1741 Hanß Reini von Schipfl und Ulli Jagg
564 1674 1647 1813 Jor Madißwyl ein garber, examinart
573 1765 1627 1874 und befragt worden, warumby nach Zürich
586 1835 1638 1972 gangen und dorten sich undergestelt habent
581 1922 1633 2052 Da 9 dan anzeigt, der futte wegn gues
573 2018 1656 2163 handtwerks der ander aber, das er dot ande
595 2110 1635 2224 fortification habe Arbeith wollen, dahin ge¬
579 2184 1623 2339 gangen sye, da sy dar von den sauptlichen
595 2272 1644 2414 dorten uffgewisen worden, Eß schade nit deg
594 2357 1600 2503 chon vnder ihnen dienstnemen, sy yen
575 2423 1630 2600 mitsgnoßen und ener hengion, alßo de
592 2546 1638 2725 sy ihren glatten worth glauben geben und sich
620 2630 1635 2786 underhalten laßen und nit geweß daß
589 2707 1659 2873 im soliches so hoch verpotten ge, pette
610 2807 1547 2980 deßweg umb gnad und verzyhueg.
598 2973 1588 3187 ß Nyner sy hern bekelch sindt disere
589 3067 1639 3258 aurh Soldath der straff verlaßen und den
597 3176 1590 3383 hienig hauptlichten ie dienst gegeben
595 3386 811 3474 worden.
2185 233 2461 352 1643
1865 291 2644 507 Hanß Gnneller von
2036 424 2485 570 Stäffiß barg.
1790 506 2870 731 Dißer ist von Herrn Gabriel von Wetten
1760 601 2828 804 eyd deß shatsuff bargshelff zu ge
1778 668 2845 908 feegenschafft gelegt worden damit er sich
1791 746 2877 944 es ihme deß schadens geholen, konne, so er ihm
1794 823 2869 1013 zugesegt, zu demo geihme alß er ihm für
1900 895 2854 1081 eyer gedenet, daß milchgelt
1818 976 2898 1189 zu abt feoren olin betrag den keller
1761 1061 2919 1234 al daß fleischhaß uffgebrach und daruß
1807 1122 2880 1305 vil wyns und fleischs etfrombdet. Alß
1821 1219 2931 1386 er aber gesacht, daß snethalbs vil anderen
1816 1306 2914 1468 leg verkommen wollen, sonderlich daß er
1822 1364 2906 1550 zu Underwalden zwen steren entfräbdet habe.
1814 1463 2881 1627 und anders mehr, hatt er uß teib syner
1809 1530 2857 1689 verleife gw�ßee sich zu Salmiren bedacht
1811 1627 2895 1781 deßwegen uß dero Mitleren kasten in deß
1823 1705 2900 1849 Titlingers thuen, vnder durch den boden
1808 1787 2859 1937 eßgebrochen, die dechenen zerhauwen
1811 1850 2888 2010 zusamen gekampft, dreysach zupferwyß
1808 1947 2872 2099 In franderen geflochten und zu Oberist
1824 2027 2866 2173 von dem thuen sich durch ein Schuzlach
1825 2112 2877 2267 hrab ir zwingelhoff gelaßen und sich
1827 2220 2275 2358 also fortgemacht
1856 2412 2736 2550 Jochum Keller von Nen¬
2088 2517 2621 2639 ingen oder trünstei
1844 2601 2857 2753 ißer ist gezogen worden, anferklich vor
1849 2699 2962 2843 horgricht, daß er ein meydtlin nahtzwengen
1848 2782 2901 2925 wollen, alß er aber hernach auch verdächtig
1856 2856 2880 2996 worden, sich wider die nater i untheister
1858 2933 2949 3095 lichen wercken vertrapt zehaben, Ist er im
1862 3020 2969 3166 ihren by betroüeung der vatter iu lysys
1858 3073 2985 3233 s Demel Herbers deß shats und h Marguard
1869 3159 2929 3315 secheeders und Abrahanes der Hoff exanis
1871 3220 3030 3399 int worden, den 22. febr 1693 wyl er aber
1863 3276 2968 3488 weder deß fünten nach anderen gestendig se
1874 3377 2987 3567 wollen, benebent aber im ganz finfalter und
1884 3439 2973 3649 Wannritiger Nehrscher gselb ist. Ist er von
1873 3513 2967 3695 deßweg mit einer eensthafften vermehnung
1871 3592 2987 3798 ledig gelaßen und andermeb heim gewisen
1887 3674 2166 3787 werden
2900 159 2948 289 1
