3024 4032
346 -7 466 73 158.
374 2497 571 2652 9d laben
951 68 1224 226 1642
529 114 1656 437 uffgebrochen und brot darin sichen nöllen,
548 251 1660 505 Da sye grad zu forderist einwällen huch
556 329 1656 587 geschenden, die habe er hineß gestelt und
586 451 1661 653 wegtragen wollen, ehe er aber damit fort
587 516 1651 781 fenen egen h er schuden ihen
578 613 1376 801 und alhero geführt worden.
542 722 1621 969 Entlich dan habe er sich leider) auch
589 873 1624 1053 mit zweyen ehewyberen, fleischlicher
592 953 1664 1163 uß vergeßen und mit ihnen die er
596 1066 1682 1226 gebrochtn, so er aber auch zu Drachselwald
609 1149 1685 1352 neben andern vnthath, so er vßeit obige
595 1250 1666 1401 begangen angeben und bekent habe,
624 1369 1654 1536 So wohl nun er Gmütlisperger gantz vor
1639 1504 1724 1582 hatt.
628 1483 1658 1620 dächtig und bösen küebdens ist und
759 1559 934 1639 er doch
622 1558 1651 1719 fwegen zu bekantnuß der warheit
643 1659 1641 1794 mit der marter rit underist mögen geen
628 1755 1682 1883 bracht werden und hatt an der marter
621 1835 1672 1950 da er einmahl lar und einmahl mit
623 1924 1695 2045 dem kleinen stein uffzog worden, nüt ver
626 2001 1583 2151 ners und wyters bekennen wollegn.
638 2245 1688 2397 Dißer Gnütlisperger hatt ein ersche
607 2326 1680 2511 geschworen, daß er deß todtswohl wtlg
622 2408 1701 2594 ware, sye ihro aber uß grahen geschrekt worden.
608 2482 1682 2656 und so er widerumb betretten werde, solle
622 2562 1690 2750 man ihro alßan synen verdienten lohn werden.
622 2643 1715 2854 laßen, ist also den 10. jan 1693 mit eüsten
623 2742 1666 2951 deßgeschmeitzt, gezeichnet vnd mit dem
617 2895 1292 3069 eydt verwisen worden.
610 2925 1717 3185 Bald dernach ist er zu Bargdorff geseh
643 3037 1674 3272 lich gezag vnd mit dem Schwart gerichtet
624 3225 893 3367 worden.
1674 283 1736 370 .
2266 -3 2604 112 1646.
1968 45 2997 351 eelhasin
1802 121 2987 528 n
1885 269 1968 397 h
1786 239 2912 573 egegderden
1858 342 2969 627 jeigen nachrichter wider ihme ge
1782 419 2924 734 lichen pancten vnd Artiklig halben
1786 481 2935 790 den 20. decemb 1642 durchmynen
1763 562 1863 666 zu
1781 573 2889 881 hohehrende hr. hr Gruser vndt
1773 654 2950 942 I Großwübel Terben zum Schützen
1780 736 2924 1028 bestrihtig Exammott vnd vefragk
1787 939 1977 1092 mat
1807 930 2980 1187 und erstlich das er an ort und enden
1781 1065 2915 1293 Isgeleßen, wenda rede das eralhier
1792 1124 3006 1377 gesteckt worden, der rrde wie seel ecenter
1784 1216 2960 1419 en zofingen kätzer, ye selbiges ihme
1780 1302 2941 1494 von dem Wosenmeister von Biel vn¬
1793 1384 2889 1561 gättlichen wyß und nit mit warheit
1773 1465 2953 1670 ugebracht worden, dan er nit obsein
1785 1550 2975 1733 kmne den das er alhie gesenklich gn¬
1794 1654 2978 1808 gogen exammnrt und hernach mit dem
1784 1740 2944 1883 dodt von vnßer ghrs Stadt vnd landt
1796 1822 2917 1950 wwisen worrden sye, wolle sich deßwegen
1811 1911 2944 2052 vol hütten solche word deßwegen
1802 1996 2965 2105 Ion loßen dan so er es schonlangnen
1823 2052 2953 2191 und bschlachen welle wüßte er wol das
1823 2132 2941 2276 shes jeziger zeit in dem Cernbuch
1816 2209 2472 2335 efindensenn wurde.
2116 2294 2450 2408 etl
1809 2321 2901 2498 umac dan das er solle gerethaben.
1826 2436 2846 2591 m Michel der nachrichter hab ein
1805 2513 2944 2686 meitlin zu thott geschlagen, das werde sich
1812 2560 2933 2741 deines wegs erfinden, weniger auch
1808 2666 2927 2845 daß er gelaßen habe, man habe alhier
1811 2755 2931 2890 In v n Jaß darin der nachrichter
1813 2842 2904 2992 wohnet ganz s�rbvol wen usgehtasen
1803 2915 2948 3073 deß leüt da seiend ermordt worden, aber
1801 3016 2957 3143 woll habe er soliches von synem Tochtn¬
1809 3090 2838 3238 man zu Marten gehört der habe
1807 3139 2918 3289 selbsten die kein sin ußgetragen unnd
1797 3236 2914 3376 aber nit gesagt des mr kans oder sn
1811 3296 2967 3492 sohn mithel die selbigen ermordt habend
