<?xml version="1.0" encoding="UTF-8" standalone="yes"?>
<PcGts xmlns="http://schema.primaresearch.org/PAGE/gts/pagecontent/2013-07-15" xmlns:xsi="http://www.w3.org/2001/XMLSchema-instance" xsi:schemaLocation="http://schema.primaresearch.org/PAGE/gts/pagecontent/2013-07-15 http://schema.primaresearch.org/PAGE/gts/pagecontent/2013-07-15/pagecontent.xsd">
    <Metadata>
        <Creator>prov=University of Rostock/Institute of Mathematics/CITlab|PLANET AI GmbH/Gundram Leifert/gundram.leifert@planet-ai.de:name=German_Kurrent_XVI-XVIII_M1(htr_id=19584)::::v=2.6.7
prov=University of Rostock/Institute of Mathematics/CITlab|PLANET AI GmbH/Tobias Gruening/tobias.gruening@planet-ai.de:name=de.uros.citlab.module.baseline2polygon.B2PSeamMultiOriented:v=2.6.7
prov=University of Rostock/Institute of Mathematics/CITlab|PLANET AI GmbH/Gundram Leifert/gundram.leifert@planet-ai.de:name=German_Kurrent_XIX_comb-Huber_M2(htr_id=23847)::::v=2.6.6
prov=University of Rostock/Institute of Mathematics/CITlab|PLANET AI GmbH/Tobias Gruening/tobias.gruening@planet-ai.de:name=de.uros.citlab.module.baseline2polygon.B2PSeamMultiOriented:v=2.6.6
prov=University of Rostock/Institute of Mathematics/CITlab|PLANET AI GmbH/Tobias Gruening/tobias.gruening@planet-ai.de:name=/net_tf/LA73_249_0mod360.pb:de.uros.citlab.segmentation.CITlab_LA_ML:v=2.6.6
Transkribus</Creator>
        <Created>2020-10-05T12:43:13.861+02:00</Created>
        <LastChange>2022-09-09T16:34:05.736+02:00</LastChange>
        <TranskribusMetadata docId="1334822" pageId="52360480" pageNr="88" tsid="114642243" status="IN_PROGRESS" userId="9570" imgUrl="https://files.transkribus.eu/Get?id=YAAKPFSDFVLRPOCCZXCJRQMH&amp;fileType=view" xmlUrl="https://files.transkribus.eu/Get?id=IHJCRPVOYEFONSYGNVOPQKBD" imageId="16049202"/>
    </Metadata>
    <Page imageFilename="IMG_3598.jpeg" imageWidth="3024" imageHeight="4032">
        <ReadingOrder>
            <OrderedGroup id="ro_1687513763706" caption="Regions reading order">
                <RegionRefIndexed index="0" regionRef="r1"/>
                <RegionRefIndexed index="1" regionRef="r2"/>
                <RegionRefIndexed index="2" regionRef="r3"/>
                <RegionRefIndexed index="3" regionRef="r4"/>
                <RegionRefIndexed index="4" regionRef="r5"/>
                <RegionRefIndexed index="5" regionRef="r6"/>
            </OrderedGroup>
        </ReadingOrder>
        <TextRegion orientation="0.0" id="r1" custom="readingOrder {index:0;}">
            <Coords points="293,1842 293,2089 437,2089 437,1842"/>
            <TextLine id="r1l1" custom="readingOrder {index:0;}">
                <Coords points="303,1886 314,1885 326,1877 356,1886 380,1860 391,1867 398,1867 395,1840 381,1842 373,1839 367,1833 351,1828 329,1810 311,1822 297,1825"/>
                <Baseline points="309,1872 336,1865 363,1862 390,1863"/>
                <TextEquiv>
                    <Unicode></Unicode>
                </TextEquiv>
            </TextLine>
            <TextLine id="r1l2" custom="readingOrder {index:1;}">
                <Coords points="286,1909 294,1911 309,1901 328,1917 354,1917 364,1910 379,1922 401,1910 408,1915 427,1903 444,1912 445,1876 416,1878 408,1884 381,1859 354,1884 303,1886 286,1881"/>
                <Baseline points="293,1901 321,1899 350,1899 379,1899 408,1901 437,1901"/>
                <TextEquiv>
                    <Unicode>e</Unicode>
                </TextEquiv>
            </TextLine>
            <TextLine id="r1l3" custom="readingOrder {index:2;} person {offset:0; length:4; continued:true;}">
                <Coords points="296,1945 342,1944 348,1948 408,1943 417,1949 437,1944 437,1905 427,1902 408,1915 404,1911 395,1915 389,1909 370,1912 306,1901 296,1904"/>
                <Baseline points="303,1941 328,1940 353,1940 378,1941 403,1941 429,1941"/>
                <TextEquiv>
                    <Unicode>bran</Unicode>
                </TextEquiv>
            </TextLine>
            <TextLine id="r1l4" custom="readingOrder {index:3;}">
                <Coords points="292,1982 314,1980 330,1985 353,1977 393,1982 431,1976 430,1945 412,1950 406,1945 374,1943 356,1955 342,1944 315,1949 291,1946"/>
                <Baseline points="300,1977 330,1976 361,1974 392,1973 423,1974"/>
                <TextEquiv>
                    <Unicode>died</Unicode>
                </TextEquiv>
            </TextLine>
            <TextLine id="r1l5" custom="readingOrder {index:4;} person {offset:0; length:7; continued:true;}">
                <Coords points="299,2049 322,2046 336,2036 345,2038 366,2023 392,2042 431,2036 426,1978 414,1983 402,1978 395,1985 386,1985 378,1979 356,1977 338,1992 320,1982 311,1981 307,1986 294,1982"/>
                <Baseline points="305,2027 334,2024 364,2020 393,2018 423,2019"/>
                <TextEquiv>
                    <Unicode>Elsteht</Unicode>
                </TextEquiv>
            </TextLine>
            <TextLine id="r1l6" custom="readingOrder {index:5;}">
                <Coords points="321,2126 328,2126 339,2114 362,2101 371,2101 382,2108 386,2104 392,2106 397,2100 400,2103 419,2096 417,2039 391,2040 379,2032 361,2033 350,2040 334,2035 318,2040"/>
                <Baseline points="327,2079 355,2077 383,2076 411,2076"/>
                <TextEquiv>
                    <Unicode>heist.</Unicode>
                </TextEquiv>
            </TextLine>
            <TextEquiv>
                <Unicode>
e
bran
died
Elsteht
heist.</Unicode>
            </TextEquiv>
        </TextRegion>
        <TextRegion orientation="0.0" id="r2" custom="readingOrder {index:1;}">
            <Coords points="318,85 318,3809 1584,3809 1584,85"/>
            <TextLine id="r2l1" custom="readingOrder {index:0;}">
                <Coords points="310,143 367,135 394,146 405,139 421,142 435,152 442,145 460,146 471,156 485,145 495,147 499,80 471,96 438,83 420,95 374,73 353,85 314,83"/>
                <Baseline points="318,125 346,126 375,128 403,132 432,134 460,135 489,134"/>
                <TextEquiv>
                    <Unicode>b 136</Unicode>
                </TextEquiv>
            </TextLine>
            <TextLine id="r2l2" custom="readingOrder {index:1;}">
                <Coords points="915,204 931,207 958,191 984,195 1019,227 1042,212 1069,222 1084,214 1091,222 1136,223 1161,217 1166,172 1155,173 1141,155 1120,162 1100,144 1070,159 1053,156 1037,141 1015,139 975,103 923,123"/>
                <Baseline points="924,191 949,192 975,193 1001,195 1026,197 1052,200 1078,203 1103,206 1129,208 1155,212"/>
                <TextEquiv>
                    <Unicode>648</Unicode>
                </TextEquiv>
            </TextLine>
            <TextLine id="r2l3" custom="readingOrder {index:2;} person {offset:0; length:15;}">
                <Coords points="670,328 726,328 773,368 896,313 1142,342 1180,375 1345,360 1489,429 1499,323 1353,270 1268,291 1180,240 1022,291 961,237 726,251 680,214"/>
                <Baseline points="678,315 718,315 758,315 799,316 839,317 879,318 920,320 960,321 1000,324 1041,327 1081,330 1121,333 1162,338 1202,342 1242,348 1283,353 1323,360 1363,366 1404,373 1444,381 1485,389"/>
                <TextEquiv>
                    <Unicode>Joseph Stealler uß dem schatten</Unicode>
                </TextEquiv>
            </TextLine>
            <TextLine id="r2l4" custom="readingOrder {index:3;} place {offset:3; length:8;}">
                <Coords points="843,396 930,387 976,416 1137,397 1256,419 1312,474 1409,457 1570,513 1579,441 1518,384 1427,413 1343,360 1231,387 1164,381 1124,341 1008,363 953,324 852,331"/>
                <Baseline points="852,384 887,384 923,384 959,386 994,387 1030,389 1066,390 1101,394 1137,397 1173,400 1209,404 1244,409 1280,414 1316,420 1351,427 1387,434 1423,443 1458,452 1494,462 1530,471 1566,483"/>
                <TextEquiv>
                    <Unicode>by Signande ein 16 Jahrigen vob¬</Unicode>
                </TextEquiv>
            </TextLine>
            <TextLine id="r2l5" custom="readingOrder {index:4;}">
                <Coords points="408,495 1044,510 1138,569 1257,533 1540,608 1546,536 1327,471 1239,510 1016,439 889,477 782,403 712,451 624,403 412,453"/>
                <Baseline points="417,470 472,474 528,479 584,483 640,486 696,488 751,491 807,494 863,496 919,500 975,503 1030,506 1086,512 1142,518 1198,523 1254,531 1309,542 1365,552 1421,564 1477,581 1533,597"/>
                <TextEquiv>
                    <Unicode> Hachdene dißer mit etlichen bößer buben</Unicode>
                </TextEquiv>
            </TextLine>
            <TextLine id="r2l6" custom="readingOrder {index:5;}">
                <Coords points="435,572 995,578 1253,611 1354,664 1417,631 1567,737 1578,614 1530,642 1385,564 1089,567 1012,513 598,544 443,486"/>
                <Baseline points="444,555 500,560 556,563 612,564 668,566 724,569 780,570 836,572 892,575 948,578 1004,581 1060,584 1116,589 1172,595 1228,602 1284,610 1340,620 1396,632 1452,644 1508,660 1565,677"/>
                <TextEquiv>
                    <Unicode>Ir den hochengrichten ab einem diebstal ergeichen</Unicode>
                </TextEquiv>
            </TextLine>
            <TextLine id="r2l7" custom="readingOrder {index:6;} place {offset:9; length:7;}">
                <Coords points="444,658 973,702 1026,666 1304,686 1424,751 1527,750 1530,707 1389,643 1177,650 1097,597 1025,627 988,593 931,621 880,582 824,619 722,583 663,630 596,579 449,596"/>
                <Baseline points="453,636 506,641 559,644 613,648 666,650 720,651 773,653 826,654 880,656 933,658 987,660 1040,663 1093,667 1147,671 1200,677 1254,683 1307,691 1360,701 1414,712 1467,724 1521,740"/>
                <TextEquiv>
                    <Unicode>und nach buchegk gefencklich gebracht, ist er</Unicode>
                </TextEquiv>
            </TextLine>
            <TextLine id="r2l8" custom="readingOrder {index:7;}">
                <Coords points="1119,737 1140,725 1195,717 1206,727 1261,731 1277,747 1306,750 1341,738 1365,749 1367,726 1344,724 1302,685 1285,698 1268,688 1245,700 1203,679 1166,700 1151,699 1125,674"/>
                <Baseline points="1128,716 1153,717 1179,719 1204,720 1230,722 1255,722 1281,725 1306,729 1332,734 1358,741"/>
                <TextEquiv>
                    <Unicode>Den 22. oct</Unicode>
                </TextEquiv>
            </TextLine>
            <TextLine id="r2l9" custom="readingOrder {index:8;}">
                <Coords points="432,749 830,738 1151,803 1309,777 1490,810 1548,864 1570,779 1129,733 1016,674 958,703 807,662 660,718 543,641 437,669"/>
                <Baseline points="441,729 499,733 558,735 617,738 676,740 735,742 794,744 853,746 912,749 971,750 1029,753 1088,757 1147,761 1206,765 1265,773 1324,779 1383,787 1442,797 1501,807 1560,819"/>
                <TextEquiv>
                    <Unicode>aldorten mit der marter exammmart worden,</Unicode>
                </TextEquiv>
            </TextLine>
            <TextLine id="r2l10" custom="readingOrder {index:9;}">
                <Coords points="435,816 1084,843 1229,894 1350,859 1565,971 1572,881 1469,822 1311,835 1271,793 1036,769 929,812 744,750 438,771"/>
                <Baseline points="443,813 499,815 555,816 611,819 667,820 723,822 779,824 835,825 891,828 947,830 1003,834 1059,837 1115,841 1171,847 1227,853 1283,859 1339,867 1395,877 1451,887 1507,898 1563,912"/>
                <TextEquiv>
                    <Unicode>der hatt daselbsten bekent, daß er verschinen</Unicode>
                </TextEquiv>
            </TextLine>
            <TextLine id="r2l11" custom="readingOrder {index:10;} place {offset:18; length:9;}">
                <Coords points="434,894 752,907 801,958 970,911 1266,928 1326,986 1381,940 1569,1008 1573,961 1362,879 1218,900 1028,847 945,885 837,838 772,883 706,836 524,880 439,836"/>
                <Baseline points="441,894 497,898 553,901 609,903 665,906 721,908 777,910 833,912 889,913 945,915 1002,918 1058,921 1114,924 1170,929 1226,933 1282,940 1338,948 1394,956 1450,966 1506,977 1563,990"/>
                <TextEquiv>
                    <Unicode>Sumer nit wyb von Burgdorff, sye zu einem</Unicode>
                </TextEquiv>
            </TextLine>
            <TextLine id="r2l12" custom="readingOrder {index:11;} place {offset:16; length:24;}">
                <Coords points="436,1022 1158,997 1266,1054 1379,1020 1589,1114 1596,1004 1540,1034 1376,1005 1266,928 1128,960 1002,921 854,973 444,914"/>
                <Baseline points="447,977 503,981 560,983 617,986 674,989 731,989 788,992 844,993 901,995 958,996 1015,998 1072,1001 1129,1004 1186,1007 1242,1013 1299,1019 1356,1026 1413,1035 1470,1044 1527,1057 1584,1070"/>
                <TextEquiv>
                    <Unicode>Schnyder uß dem Niderland schnyder Jaggi ger</Unicode>
                </TextEquiv>
            </TextLine>
            <TextLine id="r2l13" custom="readingOrder {index:12;}">
                <Coords points="430,1080 1144,1084 1290,1137 1335,1104 1401,1157 1518,1124 1578,1155 1582,1071 1342,1028 1266,1061 1136,996 1055,1046 859,1003 432,1032"/>
                <Baseline points="438,1061 494,1064 551,1067 608,1068 664,1070 721,1071 778,1073 834,1073 891,1074 948,1076 1005,1077 1061,1078 1118,1080 1175,1083 1231,1087 1288,1092 1345,1098 1401,1104 1458,1112 1515,1122 1572,1133"/>
                <TextEquiv>
                    <Unicode>habe ein schwartz bartli ein schwaetz eegeget</Unicode>
                </TextEquiv>
            </TextLine>
            <TextLine id="r2l14" custom="readingOrder {index:13;}">
                <Coords points="453,1152 548,1183 601,1140 639,1172 705,1152 777,1208 896,1160 964,1210 1177,1201 1236,1157 1369,1171 1414,1216 1567,1214 1570,1150 1524,1133 1401,1160 1217,1092 456,1088"/>
                <Baseline points="461,1134 518,1138 576,1143 634,1146 692,1149 750,1151 808,1152 865,1152 923,1154 981,1155 1039,1157 1097,1158 1155,1160 1212,1163 1270,1167 1328,1172 1386,1178 1444,1185 1502,1194 1560,1206"/>
                <TextEquiv>
                    <Unicode>gschohle und zwlich hosen an) wie auch zukein</Unicode>
                </TextEquiv>
            </TextLine>
            <TextLine id="r2l15" custom="readingOrder {index:14;} person {offset:8; length:5;}">
                <Coords points="461,1245 718,1270 821,1235 865,1271 930,1233 1110,1298 1167,1250 1369,1255 1542,1309 1582,1225 1464,1228 1336,1163 1017,1222 889,1164 780,1209 542,1178 462,1207"/>
                <Baseline points="468,1226 523,1229 578,1230 633,1232 688,1233 744,1233 799,1235 854,1235 909,1235 964,1236 1020,1236 1075,1238 1130,1239 1185,1241 1240,1245 1296,1247 1351,1252 1406,1257 1461,1263 1516,1271 1572,1280"/>
                <TextEquiv>
                    <Unicode>so sich Marti namse auch uß dem widerlandt</Unicode>
                </TextEquiv>
            </TextLine>
            <TextLine id="r2l16" custom="readingOrder {index:15;}">
                <Coords points="451,1353 660,1315 1176,1322 1585,1374 1586,1328 1486,1270 1105,1300 944,1246 789,1293 454,1229"/>
                <Baseline points="459,1319 517,1319 576,1319 635,1319 694,1317 753,1317 812,1317 871,1316 930,1316 989,1316 1047,1317 1106,1319 1165,1320 1224,1322 1283,1325 1342,1330 1401,1335 1460,1342 1519,1349 1578,1358"/>
                <TextEquiv>
                    <Unicode>sye nit lang, trage uin beim Tschopli und bei</Unicode>
                </TextEquiv>
            </TextLine>
            <TextLine id="r2l17" custom="readingOrder {index:16;} place {offset:7; length:6;}">
                <Coords points="479,1413 548,1457 675,1396 835,1433 1106,1406 1265,1472 1414,1419 1585,1469 1587,1375 1515,1398 1384,1357 1306,1394 1214,1352 961,1329 885,1365 751,1321 623,1325 559,1377 481,1359"/>
                <Baseline points="486,1398 540,1400 595,1401 649,1403 704,1403 759,1403 813,1401 868,1401 922,1401 977,1401 1032,1401 1086,1401 1141,1403 1195,1404 1250,1407 1305,1411 1359,1415 1414,1421 1468,1428 1523,1437 1578,1446"/>
                <TextEquiv>
                    <Unicode>trumpf Louoen und by 14 hagen mit ihnen va</Unicode>
                </TextEquiv>
            </TextLine>
            <TextLine id="r2l18" custom="readingOrder {index:17;}">
                <Coords points="464,1525 663,1516 705,1548 850,1487 1270,1486 1453,1515 1520,1574 1570,1549 1571,1479 1346,1435 1140,1466 926,1414 746,1465 465,1430"/>
                <Baseline points="471,1484 525,1487 580,1487 634,1487 689,1488 744,1487 798,1487 853,1487 907,1485 962,1485 1017,1485 1071,1485 1126,1485 1180,1487 1235,1488 1290,1491 1344,1495 1399,1499 1453,1505 1508,1511 1563,1520"/>
                <TextEquiv>
                    <Unicode>hergezogen, habnit aber mit erges und besehen</Unicode>
                </TextEquiv>
            </TextLine>
            <TextLine id="r2l19" custom="readingOrder {index:18;}">
                <Coords points="460,1599 578,1572 1070,1612 1363,1575 1566,1634 1568,1552 1518,1575 1452,1515 1294,1533 1250,1503 1135,1550 1088,1510 461,1551"/>
                <Baseline points="468,1568 522,1571 577,1574 631,1575 686,1575 741,1575 795,1575 850,1575 904,1574 959,1574 1014,1574 1068,1574 1123,1574 1177,1574 1232,1575 1287,1578 1341,1581 1396,1586 1450,1590 1505,1597 1560,1605"/>
                <TextEquiv>
                    <Unicode>mit einandern verbracht, und er sy domahl</Unicode>
                </TextEquiv>
            </TextLine>
            <TextLine id="r2l20" custom="readingOrder {index:19;}">
                <Coords points="460,1687 896,1666 1121,1731 1220,1662 1561,1728 1536,1641 1280,1648 1179,1591 1003,1640 687,1586 558,1630 462,1608"/>
                <Baseline points="468,1662 522,1664 576,1664 630,1664 685,1664 739,1665 793,1665 848,1665 902,1665 956,1665 1011,1665 1065,1665 1119,1667 1173,1668 1228,1670 1282,1672 1336,1674 1391,1677 1445,1681 1499,1685 1554,1691"/>
                <TextEquiv>
                    <Unicode>verlaßen, biß vor 4 tag sye er widermmb zu</Unicode>
                </TextEquiv>
            </TextLine>
            <TextLine id="r2l21" custom="readingOrder {index:20;}">
                <Coords points="459,1818 599,1767 912,1755 1204,1808 1254,1766 1312,1798 1398,1760 1504,1820 1572,1803 1573,1746 1432,1679 1145,1738 881,1674 787,1734 681,1733 631,1686 569,1727 461,1712"/>
                <Baseline points="468,1752 522,1754 577,1755 632,1755 687,1755 742,1757 797,1757 852,1757 907,1757 962,1757 1017,1757 1071,1758 1126,1758 1181,1760 1236,1761 1291,1762 1346,1764 1401,1767 1456,1770 1511,1775 1566,1779"/>
                <TextEquiv>
                    <Unicode>ihnen konnen, vnd drey wybspersohnen (ob siche</Unicode>
                </TextEquiv>
            </TextLine>
            <TextLine id="r2l22" custom="readingOrder {index:21;}">
                <Coords points="472,1868 601,1838 722,1878 764,1848 853,1893 986,1851 1372,1842 1440,1890 1545,1888 1546,1828 1407,1761 1237,1825 1107,1784 959,1823 878,1780 822,1814 689,1761 473,1813"/>
                <Baseline points="480,1838 535,1838 591,1839 647,1839 702,1839 758,1841 814,1841 870,1841 925,1841 981,1842 1037,1842 1093,1843 1148,1844 1204,1845 1260,1845 1316,1847 1371,1847 1427,1848 1483,1850 1539,1851"/>
                <TextEquiv>
                    <Unicode>weyber oder karen syen, waße er nit) by ihnen</Unicode>
                </TextEquiv>
            </TextLine>
            <TextLine id="r2l23" custom="readingOrder {index:22;}">
                <Coords points="467,1963 799,1916 933,1978 1036,1931 1301,1969 1371,1930 1429,1975 1568,1944 1568,1892 1389,1905 1338,1863 1251,1906 1081,1854 830,1902 763,1851 694,1897 597,1848 467,1887"/>
                <Baseline points="474,1925 528,1925 582,1925 636,1925 691,1923 745,1923 799,1923 854,1923 908,1923 962,1923 1017,1923 1071,1923 1125,1925 1179,1925 1234,1925 1288,1926 1342,1927 1397,1928 1451,1929 1505,1931 1560,1932"/>
                <TextEquiv>
                    <Unicode>gefunden, mit wetlichen und synen gespanen ert</Unicode>
                </TextEquiv>
            </TextLine>
            <TextLine id="r2l24" custom="readingOrder {index:23;}">
                <Coords points="488,2042 632,2013 735,2053 842,2017 949,2069 1063,2016 1583,2028 1583,1971 1432,1977 1372,1930 1210,1977 1079,1933 968,1989 784,1982 680,1935 591,1980 488,1956"/>
                <Baseline points="495,2012 549,2012 603,2012 657,2012 711,2011 765,2010 819,2010 873,2009 927,2009 981,2009 1035,2007 1089,2007 1143,2007 1197,2009 1251,2009 1305,2010 1359,2012 1413,2015 1467,2018 1521,2021 1575,2025"/>
                <TextEquiv>
                    <Unicode>ihmen hrytags gegen mitnacht oder etwas soäte</Unicode>
                </TextEquiv>
            </TextLine>
            <TextLine id="r2l25" custom="readingOrder {index:24;} place {offset:3; length:5;}">
                <Coords points="451,2133 766,2095 1096,2119 1175,2087 1249,2128 1567,2105 1495,2037 1420,2030 1125,2066 1040,2023 978,2069 868,2024 710,2067 451,2037"/>
                <Baseline points="459,2102 514,2099 569,2097 624,2096 679,2094 734,2093 789,2091 844,2091 899,2090 954,2088 1009,2088 1064,2088 1119,2088 1174,2088 1229,2088 1284,2088 1339,2088 1394,2090 1449,2090 1504,2091 1559,2093"/>
                <TextEquiv>
                    <Unicode>zu Sauti mit einer baleg ein spycherschloßge</Unicode>
                </TextEquiv>
            </TextLine>
            <TextLine id="r2l26" custom="readingOrder {index:25;}">
                <Coords points="453,2193 733,2180 844,2217 893,2179 972,2213 1030,2169 1202,2208 1582,2172 1550,2112 996,2132 899,2093 767,2144 603,2115 453,2162"/>
                <Baseline points="461,2187 516,2187 572,2184 627,2183 683,2182 739,2180 794,2178 850,2177 906,2175 961,2174 1017,2172 1073,2171 1128,2171 1184,2169 1240,2168 1295,2168 1351,2168 1407,2166 1462,2166 1518,2166 1574,2166"/>
                <TextEquiv>
                    <Unicode>offnet. Daruß sechs röcken und 2 manchent</Unicode>
                </TextEquiv>
            </TextLine>
            <TextLine id="r2l27" custom="readingOrder {index:26;}">
                <Coords points="465,2324 590,2287 720,2323 905,2278 1005,2308 1065,2268 1155,2321 1330,2272 1491,2288 1551,2266 1549,2183 1166,2230 1007,2182 956,2219 762,2212 674,2248 613,2206 463,2247"/>
                <Baseline points="470,2279 523,2277 577,2276 631,2274 684,2273 738,2271 792,2270 845,2268 899,2267 953,2265 1007,2264 1060,2262 1114,2261 1168,2259 1221,2258 1275,2256 1329,2255 1382,2253 1436,2252 1490,2251 1544,2250"/>
                <TextEquiv>
                    <Unicode>genommen, von den Herbdern trage er eins,</Unicode>
                </TextEquiv>
            </TextLine>
            <TextLine id="r2l28" custom="readingOrder {index:27;} person {offset:30; length:8;}">
                <Coords points="452,2383 700,2367 752,2405 876,2352 1052,2409 1156,2349 1364,2371 1559,2328 1556,2275 1444,2315 1198,2290 1156,2327 1056,2271 733,2342 562,2294 450,2336"/>
                <Baseline points="458,2375 512,2372 567,2369 621,2366 676,2364 731,2361 785,2359 840,2357 895,2354 949,2352 1004,2349 1059,2347 1113,2345 1168,2343 1223,2340 1277,2339 1332,2336 1387,2334 1441,2333 1496,2330 1551,2328"/>
                <TextEquiv>
                    <Unicode>daß ander habe syn gespar der Schnyder, die</Unicode>
                </TextEquiv>
            </TextLine>
            <TextLine id="r2l29" custom="readingOrder {index:28;}">
                <Coords points="463,2474 745,2485 858,2444 928,2483 986,2437 1291,2424 1365,2463 1425,2421 1567,2414 1563,2343 1502,2337 1439,2378 1247,2343 1145,2407 870,2354 783,2405 589,2373 533,2421 460,2413"/>
                <Baseline points="470,2459 524,2456 578,2453 633,2451 687,2448 742,2445 796,2443 851,2441 905,2438 960,2436 1014,2433 1068,2431 1123,2429 1177,2426 1232,2423 1286,2421 1341,2418 1395,2415 1450,2411 1504,2409 1559,2405"/>
                <TextEquiv>
                    <Unicode>Stack aber hinit sy ihren lnonzen verfautt</Unicode>
                </TextEquiv>
            </TextLine>
            <TextLine id="r2l30" custom="readingOrder {index:29;}">
                <Coords points="453,2548 680,2581 784,2526 846,2561 1001,2519 1276,2543 1321,2502 1567,2498 1563,2421 451,2510"/>
                <Baseline points="459,2541 514,2538 569,2537 624,2534 679,2532 734,2529 789,2528 844,2525 899,2523 954,2520 1009,2517 1064,2515 1119,2511 1174,2508 1229,2505 1284,2502 1339,2499 1394,2495 1449,2492 1504,2487 1559,2483"/>
                <TextEquiv>
                    <Unicode>wollen, syer ihnen aber abgejagt, und darebe</Unicode>
                </TextEquiv>
            </TextLine>
            <TextLine id="r2l31" custom="readingOrder {index:30;} place {offset:3; length:9;}">
                <Coords points="468,2659 538,2618 671,2659 704,2626 775,2671 1104,2599 1161,2636 1334,2585 1482,2604 1478,2527 1362,2499 1308,2544 1181,2521 1137,2567 989,2526 917,2568 768,2540 681,2581 463,2561"/>
                <Baseline points="474,2625 526,2623 579,2621 631,2618 684,2615 736,2612 789,2609 842,2606 894,2603 947,2600 999,2596 1052,2594 1104,2590 1157,2588 1210,2584 1262,2582 1315,2579 1367,2576 1420,2573 1473,2571"/>
                <TextEquiv>
                    <Unicode>zu Solotharu In gefangenschafft kommen,</Unicode>
                </TextEquiv>
            </TextLine>
            <TextLine id="r2l32" custom="readingOrder {index:31;}">
                <Coords points="437,2814 545,2745 630,2796 698,2746 766,2774 937,2719 1347,2739 1543,2680 1539,2616 1424,2666 1283,2632 1224,2671 1169,2631 989,2685 940,2652 863,2701 630,2647 561,2720 431,2720"/>
                <Baseline points="440,2753 494,2748 549,2744 604,2740 659,2737 713,2733 768,2729 823,2727 878,2724 932,2720 987,2717 1042,2715 1097,2711 1151,2707 1206,2704 1261,2700 1316,2696 1370,2691 1425,2687 1480,2682 1535,2675"/>
                <TextEquiv>
                    <Unicode>jungst verschinen sambstag znacht, habe er mit</Unicode>
                </TextEquiv>
            </TextLine>
            <TextLine id="r2l33" custom="readingOrder {index:32;}">
                <Coords points="463,2861 779,2826 860,2856 961,2801 1036,2823 1187,2781 1228,2810 1379,2771 1428,2794 1523,2723 1464,2694 1348,2739 917,2730 825,2780 719,2749 629,2796 524,2767 458,2796"/>
                <Baseline points="468,2835 520,2830 573,2825 625,2821 678,2817 730,2813 783,2808 835,2803 888,2799 940,2795 993,2791 1045,2787 1098,2783 1150,2778 1203,2774 1255,2770 1308,2765 1360,2762 1413,2757 1465,2752 1518,2747"/>
                <TextEquiv>
                    <Unicode>iihnen gespanen. In deß weibelß keller zu</Unicode>
                </TextEquiv>
            </TextLine>
            <TextLine id="r2l34" custom="readingOrder {index:33;} place {offset:0; length:9;} person {offset:27; length:6;}">
                <Coords points="455,2944 511,2976 579,2916 665,2938 849,2890 995,2934 1084,2871 1263,2882 1343,2840 1452,2898 1522,2874 1512,2758 1308,2817 1191,2784 1033,2852 943,2811 718,2876 606,2835 448,2870"/>
                <Baseline points="459,2915 511,2913 564,2911 616,2908 669,2904 722,2901 774,2897 827,2893 879,2888 932,2883 985,2878 1037,2873 1090,2868 1142,2863 1195,2857 1248,2853 1300,2847 1353,2843 1405,2840 1458,2835 1511,2831"/>
                <TextEquiv>
                    <Unicode>Eschupach Milch geßen, der Keller aber sye</Unicode>
                </TextEquiv>
            </TextLine>
            <TextLine id="r2l35" custom="readingOrder {index:34;}">
                <Coords points="473,3021 542,3013 577,3034 614,3000 648,3024 723,2989 857,3039 908,3031 898,2926 841,2905 792,2914 765,2944 709,2963 632,2967 546,2943 510,2977 469,2980"/>
                <Baseline points="479,3006 505,3006 531,3005 557,3003 583,3000 609,2998 635,2995 661,2992 687,2990 713,2986 739,2983 765,2981 791,2979 817,2978 843,2976 869,2976 896,2976"/>
                <TextEquiv>
                    <Unicode>often gewesen.</Unicode>
                </TextEquiv>
            </TextLine>
            <TextLine id="r2l36" custom="readingOrder {index:35;}">
                <Coords points="408,3141 616,3146 700,3104 881,3128 919,3088 1098,3073 1193,3109 1247,3060 1390,3075 1517,3027 1531,2975 1412,2935 1335,2993 1153,2978 991,3054 827,3021 733,3076 607,3025 509,3066 396,3040"/>
                <Baseline points="414,3134 469,3129 525,3124 580,3119 636,3114 692,3109 747,3104 803,3098 859,3094 914,3087 970,3082 1026,3075 1081,3070 1137,3062 1193,3056 1248,3049 1304,3041 1360,3032 1415,3024 1471,3014 1527,3003"/>
                <TextEquiv>
                    <Unicode>Im diser nacht, habe er und syne gesoonen,</Unicode>
                </TextEquiv>
            </TextLine>
            <TextLine id="r2l37" custom="readingOrder {index:36;}">
                <Coords points="440,3270 634,3186 795,3224 988,3152 1086,3183 1322,3103 1563,3101 1554,3009 1389,3075 1253,3063 1194,3108 1065,3086 999,3132 860,3114 817,3155 689,3126 559,3170 425,3159"/>
                <Baseline points="440,3215 495,3210 551,3204 606,3198 662,3193 718,3187 773,3182 829,3177 885,3171 940,3164 996,3158 1052,3150 1107,3143 1163,3136 1219,3126 1274,3118 1330,3109 1386,3098 1441,3088 1497,3076 1553,3063"/>
                <TextEquiv>
                    <Unicode>Ier ein anderen spycher aben bim tach brachen wolen</Unicode>
                </TextEquiv>
            </TextLine>
            <TextLine id="r2l38" custom="readingOrder {index:37;}">
                <Coords points="451,3353 625,3284 752,3266 924,3310 1080,3227 1523,3178 1559,3142 1547,3058 1467,3136 1366,3119 1306,3172 1130,3142 1085,3187 947,3172 914,3207 871,3185 439,3269"/>
                <Baseline points="452,3308 509,3300 567,3292 625,3285 683,3276 741,3269 799,3263 856,3257 914,3249 972,3243 1030,3235 1088,3227 1146,3219 1203,3211 1261,3202 1319,3192 1377,3182 1435,3169 1493,3156 1551,3141"/>
                <TextEquiv>
                    <Unicode>habnit aber nichts schaffen krüneen, sonderen leß</Unicode>
                </TextEquiv>
            </TextLine>
            <TextLine id="r2l39" custom="readingOrder {index:38;}">
                <Coords points="444,3411 597,3414 701,3370 780,3397 910,3345 1064,3351 1146,3299 1391,3317 1538,3237 1525,3144 1394,3209 1339,3192 1276,3262 1076,3257 909,3314 696,3296 437,3367"/>
                <Baseline points="449,3398 503,3389 557,3383 611,3375 665,3368 719,3361 773,3354 827,3347 881,3341 935,3333 989,3326 1043,3318 1097,3311 1151,3303 1205,3294 1259,3286 1313,3276 1367,3264 1421,3253 1475,3242 1529,3228"/>
                <TextEquiv>
                    <Unicode>age sachen, i gebe sel</Unicode>
                </TextEquiv>
            </TextLine>
            <TextLine id="r2l40" custom="readingOrder {index:39;}">
                <Coords points="436,3509 538,3520 598,3472 666,3499 864,3425 953,3463 1009,3431 1151,3454 1554,3333 1541,3239 1483,3292 1438,3268 1378,3320 1174,3320 1060,3381 935,3333 856,3405 680,3374 642,3423 549,3394 425,3440"/>
                <Baseline points="441,3494 496,3484 551,3476 606,3467 661,3460 717,3452 772,3444 827,3437 882,3429 937,3422 993,3415 1048,3407 1103,3399 1158,3391 1213,3381 1269,3372 1324,3361 1379,3351 1434,3339 1489,3327 1545,3314"/>
                <TextEquiv>
                    <Unicode>daß er sich von beßer gesellschafft also, habe</Unicode>
                </TextEquiv>
            </TextLine>
            <TextLine id="r2l41" custom="readingOrder {index:40;}">
                <Coords points="437,3591 505,3591 558,3629 590,3597 671,3586 716,3548 823,3581 882,3553 871,3478 855,3485 801,3458 757,3465 722,3507 693,3515 616,3482 573,3489 516,3547 458,3525 428,3531"/>
                <Baseline points="443,3581 468,3578 493,3576 518,3572 543,3570 568,3566 593,3563 618,3559 643,3554 668,3551 693,3547 718,3543 743,3538 768,3534 793,3529 818,3525 843,3521 869,3516"/>
                <TextEquiv>
                    <Unicode>verfahren laßen.</Unicode>
                </TextEquiv>
            </TextLine>
            <TextLine id="r2l42" custom="readingOrder {index:41;} place {offset:32; length:9;}">
                <Coords points="416,3695 641,3695 814,3628 1051,3632 1110,3583 1214,3601 1264,3551 1421,3558 1548,3474 1529,3367 1384,3475 1148,3544 1037,3486 596,3638 452,3589 401,3613"/>
                <Baseline points="423,3695 481,3684 540,3674 599,3666 658,3657 717,3647 776,3639 835,3630 894,3622 953,3614 1011,3604 1070,3594 1129,3584 1188,3573 1247,3561 1306,3547 1365,3532 1424,3516 1483,3498 1542,3479"/>
                <TextEquiv>
                    <Unicode>uff weliche syn bekantnuß er zu Buchegkfa</Unicode>
                </TextEquiv>
            </TextLine>
            <TextLine id="r2l43" custom="readingOrder {index:42;}">
                <Coords points="1412,3683 1425,3674 1460,3687 1501,3674 1528,3684 1540,3679 1553,3685 1565,3677 1523,3550 1501,3581 1475,3591 1465,3611 1446,3616 1437,3611 1418,3642 1402,3654"/>
                <Baseline points="1415,3668 1440,3669 1465,3665 1490,3654 1515,3642 1541,3629"/>
                <TextEquiv>
                    <Unicode>deßel</Unicode>
                </TextEquiv>
            </TextLine>
            <TextLine id="r2l44" custom="readingOrder {index:43;}">
                <Coords points="437,3822 575,3819 896,3692 1158,3692 1516,3592 1548,3575 1535,3508 1476,3496 1417,3564 1380,3542 1215,3602 1091,3589 1038,3637 785,3639 655,3706 544,3683 423,3749"/>
                <Baseline points="438,3791 492,3775 547,3762 602,3749 657,3739 712,3728 767,3718 822,3710 877,3700 932,3692 987,3683 1041,3674 1096,3666 1151,3655 1206,3645 1261,3634 1316,3621 1371,3607 1426,3591 1481,3573 1536,3552"/>
                <TextEquiv>
                    <Unicode>gricht gestelt und maleficisch erkent worden.</Unicode>
                </TextEquiv>
            </TextLine>
            <TextEquiv>
                <Unicode>b 136
648
Joseph Stealler uß dem schatten
by Signande ein 16 Jahrigen vob¬
 Hachdene dißer mit etlichen bößer buben
Ir den hochengrichten ab einem diebstal ergeichen
und nach buchegk gefencklich gebracht, ist er
Den 22. oct
aldorten mit der marter exammmart worden,
der hatt daselbsten bekent, daß er verschinen
Sumer nit wyb von Burgdorff, sye zu einem
Schnyder uß dem Niderland schnyder Jaggi ger
habe ein schwartz bartli ein schwaetz eegeget
gschohle und zwlich hosen an) wie auch zukein
so sich Marti namse auch uß dem widerlandt
sye nit lang, trage uin beim Tschopli und bei
trumpf Louoen und by 14 hagen mit ihnen va
hergezogen, habnit aber mit erges und besehen
mit einandern verbracht, und er sy domahl
verlaßen, biß vor 4 tag sye er widermmb zu
ihnen konnen, vnd drey wybspersohnen (ob siche
weyber oder karen syen, waße er nit) by ihnen
gefunden, mit wetlichen und synen gespanen ert
ihmen hrytags gegen mitnacht oder etwas soäte
zu Sauti mit einer baleg ein spycherschloßge
offnet. Daruß sechs röcken und 2 manchent
genommen, von den Herbdern trage er eins,
daß ander habe syn gespar der Schnyder, die
Stack aber hinit sy ihren lnonzen verfautt
wollen, syer ihnen aber abgejagt, und darebe
zu Solotharu In gefangenschafft kommen,
jungst verschinen sambstag znacht, habe er mit
iihnen gespanen. In deß weibelß keller zu
Eschupach Milch geßen, der Keller aber sye
often gewesen.
Im diser nacht, habe er und syne gesoonen,
Ier ein anderen spycher aben bim tach brachen wolen
habnit aber nichts schaffen krüneen, sonderen leß
age sachen, i gebe sel
daß er sich von beßer gesellschafft also, habe
verfahren laßen.
uff weliche syn bekantnuß er zu Buchegkfa
deßel
gricht gestelt und maleficisch erkent worden.</Unicode>
            </TextEquiv>
        </TextRegion>
        <TextRegion orientation="0.0" id="r3" custom="readingOrder {index:2;}">
            <Coords points="1632,3133 1632,3286 1653,3286 1653,3133"/>
            <TextLine id="r3l1" custom="readingOrder {index:0;}">
                <Coords points="1623,3248 1631,3249 1644,3245 1650,3251 1657,3252 1669,3175 1662,3174 1658,3177 1649,3177 1646,3172 1634,3172"/>
                <Baseline points="1632,3233 1653,3236"/>
                <TextEquiv>
                    <Unicode>4</Unicode>
                </TextEquiv>
            </TextLine>
            <TextEquiv>
                <Unicode>4</Unicode>
            </TextEquiv>
        </TextRegion>
        <TextRegion orientation="0.0" id="r4" custom="readingOrder {index:3;}">
            <Coords points="1635,239 1635,401 1713,401 1713,239"/>
            <TextLine id="r4l1" custom="readingOrder {index:0;}">
                <Coords points="1634,398 1643,397 1652,388 1661,392 1667,386 1674,387 1683,375 1702,384 1712,374 1725,372 1717,319 1706,322 1684,312 1673,313 1667,308 1657,308 1647,320 1623,319"/>
                <Baseline points="1635,351 1661,345 1687,342 1713,339"/>
                <TextEquiv>
                    <Unicode>600.</Unicode>
                </TextEquiv>
            </TextLine>
            <TextEquiv>
                <Unicode>600.</Unicode>
            </TextEquiv>
        </TextRegion>
        <TextRegion orientation="0.0" id="r5" custom="readingOrder {index:4;}">
            <Coords points="1665,201 1665,3714 2906,3714 2906,201"/>
            <TextLine id="r5l1" custom="readingOrder {index:0;}">
                <Coords points="2077,288 2125,270 2156,273 2182,256 2235,277 2302,248 2370,251 2370,215 2354,216 2316,187 2266,213 2187,185 2132,220 2109,219 2071,238"/>
                <Baseline points="2082,273 2107,267 2133,261 2159,257 2185,253 2211,250 2236,246 2262,244 2288,242 2314,241 2340,240 2366,239"/>
                <TextEquiv>
                    <Unicode>1648</Unicode>
                </TextEquiv>
            </TextLine>
            <TextLine id="r5l2" custom="readingOrder {index:1;}">
                <Coords points="1739,460 2258,345 2917,293 2892,161 2690,268 2182,256 1937,372 1719,317"/>
                <Baseline points="1742,431 1800,420 1858,410 1916,401 1974,392 2033,383 2091,373 2149,365 2207,356 2265,347 2324,339 2382,330 2440,323 2498,315 2556,308 2615,301 2673,293 2731,286 2789,279 2847,272 2906,264"/>
                <TextEquiv>
                    <Unicode>deßwegen von Ir de, diener dem freyweibell</Unicode>
                </TextEquiv>
            </TextLine>
            <TextLine id="r5l3" custom="readingOrder {index:2;}">
                <Coords points="1742,511 2201,427 2320,467 2475,385 2900,361 2894,309 2259,353 2158,409 1879,403 1784,468 1735,455"/>
                <Baseline points="1748,498 1805,487 1862,477 1919,467 1976,458 2033,447 2090,438 2148,429 2205,420 2262,413 2319,405 2376,398 2433,390 2490,384 2548,377 2605,371 2662,366 2719,361 2776,356 2833,351 2891,348"/>
                <TextEquiv>
                    <Unicode>vom dert hiewegen und alhero da die hochen</Unicode>
                </TextEquiv>
            </TextLine>
            <TextLine id="r5l4" custom="readingOrder {index:3;}">
                <Coords points="1738,605 1960,537 2307,540 2455,473 2572,524 2766,443 2873,449 2867,398 2750,379 2686,419 2535,384 2473,438 2414,402 2304,470 2084,437 1967,514 1863,489 1731,551"/>
                <Baseline points="1742,573 1798,563 1854,554 1910,544 1966,536 2022,527 2078,518 2134,509 2190,502 2246,495 2303,488 2359,481 2415,475 2471,469 2527,463 2583,457 2639,452 2695,448 2751,444 2807,440 2864,435"/>
                <TextEquiv>
                    <Unicode>gricht hin gehören gezogen und mit sampt der</Unicode>
                </TextEquiv>
            </TextLine>
            <TextLine id="r5l5" custom="readingOrder {index:4;}">
                <Coords points="1758,654 1902,623 1959,655 2046,606 2110,640 2180,592 2358,618 2501,551 2684,539 2692,502 2641,485 2565,525 2409,494 2194,559 2146,525 2036,564 1960,537 1888,578 1819,558 1753,612"/>
                <Baseline points="1763,641 1809,633 1855,625 1901,618 1947,611 1994,605 2040,599 2086,593 2132,589 2178,583 2225,578 2271,574 2317,570 2363,565 2409,560 2456,555 2502,550 2548,545 2594,540 2640,534 2687,527"/>
                <TextEquiv>
                    <Unicode>nocedes gewarsamlich geschikt worden.</Unicode>
                </TextEquiv>
            </TextLine>
            <TextLine id="r5l6" custom="readingOrder {index:5;} person {offset:17; length:21;}">
                <Coords points="1727,773 2056,690 2111,719 2212,680 2265,720 2298,683 2351,713 2388,670 2579,650 2733,682 2866,629 2849,526 2801,572 2685,557 2517,618 2448,594 2376,644 2244,604 2040,660 1715,640"/>
                <Baseline points="1731,741 1787,731 1843,721 1900,713 1956,705 2012,698 2069,692 2125,686 2181,680 2238,677 2294,672 2350,667 2407,663 2463,659 2519,654 2576,649 2632,645 2688,640 2745,633 2801,628 2858,620"/>
                <TextEquiv>
                    <Unicode>Daruff ir de hen andag von Graffenried und</Unicode>
                </TextEquiv>
            </TextLine>
            <TextLine id="r5l7" custom="readingOrder {index:6;}">
                <Coords points="1737,808 1884,819 1967,769 2191,748 2253,791 2304,741 2581,753 2736,702 2812,754 2867,709 2839,661 2524,664 2380,711 2030,707 1942,753 1875,721 1735,784"/>
                <Baseline points="1743,800 1798,792 1854,784 1910,776 1966,769 2021,764 2077,758 2133,752 2189,746 2244,742 2300,737 2356,732 2412,729 2467,725 2523,721 2579,717 2635,713 2690,707 2746,703 2802,697 2858,692"/>
                <TextEquiv>
                    <Unicode>mir ihne verners erstwortig inexaminires</Unicode>
                </TextEquiv>
            </TextLine>
            <TextLine id="r5l8" custom="readingOrder {index:7;}">
                <Coords points="1740,889 2082,833 2165,869 2379,856 2547,786 2623,811 2892,773 2887,712 2813,754 2737,702 2501,763 2411,731 2252,791 1968,770 1902,819 1734,815"/>
                <Baseline points="1746,875 1805,865 1865,858 1925,850 1985,843 2045,837 2105,830 2165,824 2225,818 2285,812 2345,808 2405,804 2465,799 2525,794 2585,791 2645,787 2705,785 2765,781 2825,779 2885,776"/>
                <TextEquiv>
                    <Unicode>bekohlen, so auch beschechen, er hatt aber anders</Unicode>
                </TextEquiv>
            </TextLine>
            <TextLine id="r5l9" custom="readingOrder {index:8;}">
                <Coords points="1743,953 2544,882 2639,916 2851,872 2847,815 2677,790 2610,831 2055,881 1962,854 1740,905"/>
                <Baseline points="1749,942 1803,938 1858,933 1913,929 1967,925 2022,920 2077,915 2131,911 2186,906 2241,902 2296,897 2350,893 2405,888 2460,885 2514,881 2569,877 2624,873 2678,869 2733,866 2788,863 2843,858"/>
                <TextEquiv>
                    <Unicode>und verners begangen ze haben nit gestendig</Unicode>
                </TextEquiv>
            </TextLine>
            <TextLine id="r5l10" custom="readingOrder {index:9;}">
                <Coords points="1739,1085 1761,1079 1814,1022 1842,1019 1930,1060 1957,1038 1980,1037 1973,963 1957,963 1924,939 1901,948 1875,943 1835,977 1789,949 1727,984"/>
                <Baseline points="1740,1029 1765,1022 1791,1016 1816,1011 1842,1008 1867,1005 1893,1004 1918,1002 1944,1001 1970,999"/>
                <TextEquiv>
                    <Unicode>sye wöllen.</Unicode>
                </TextEquiv>
            </TextLine>
            <TextLine id="r5l11" custom="readingOrder {index:10;}">
                <Coords points="1701,1189 1805,1134 1950,1164 1995,1117 2164,1133 2245,1092 2385,1120 2759,1081 2825,1127 2880,1091 2863,988 2560,1052 2423,980 2239,1067 2142,1033 1946,1077 1853,1038 1694,1078"/>
                <Baseline points="1706,1151 1764,1141 1822,1132 1880,1124 1938,1118 1997,1112 2055,1106 2113,1102 2171,1098 2229,1094 2288,1091 2346,1089 2404,1086 2462,1084 2520,1082 2579,1079 2637,1077 2695,1074 2753,1071 2811,1068 2870,1064"/>
                <TextEquiv>
                    <Unicode>Ist deßweg uß hochgemelt er gn bevelch ein</Unicode>
                </TextEquiv>
            </TextLine>
            <TextLine id="r5l12" custom="readingOrder {index:11;}">
                <Coords points="1728,1224 1871,1189 1983,1243 2192,1169 2306,1170 2375,1232 2519,1217 2621,1156 2783,1132 2781,1087 2601,1113 2550,1087 2477,1125 2415,1098 2259,1144 2121,1108 1951,1163 1725,1167"/>
                <Baseline points="1734,1209 1786,1201 1838,1194 1890,1190 1942,1184 1994,1179 2046,1177 2099,1173 2151,1170 2203,1168 2255,1166 2307,1164 2359,1162 2411,1160 2464,1158 2516,1155 2568,1152 2620,1149 2672,1146 2724,1140 2777,1136"/>
                <TextEquiv>
                    <Unicode>monatcagg zus Schallenwerck geschmidet</Unicode>
                </TextEquiv>
            </TextLine>
            <TextLine id="r5l13" custom="readingOrder {index:12;}">
                <Coords points="1728,1336 1889,1314 1947,1260 2041,1318 2165,1293 2217,1244 2327,1295 2405,1282 2401,1181 2353,1204 2311,1173 2195,1204 2082,1189 1942,1239 1889,1200 1725,1246"/>
                <Baseline points="1734,1280 1767,1276 1800,1271 1833,1268 1866,1265 1899,1262 1932,1259 1966,1257 1999,1254 2032,1253 2065,1251 2098,1250 2131,1250 2164,1248 2198,1248 2231,1248 2264,1249 2297,1250 2330,1251 2363,1253 2397,1254"/>
                <TextEquiv>
                    <Unicode>worden der 81 dcto 1642</Unicode>
                </TextEquiv>
            </TextLine>
            <TextLine id="r5l14" custom="readingOrder {index:13;}">
                <Coords points="2120,1375 2138,1375 2148,1383 2170,1381 2170,1311 2161,1312 2151,1306 2148,1309 2139,1308 2135,1311 2132,1309 2128,1314 2120,1314"/>
                <Baseline points="2127,1365 2163,1365"/>
                <TextEquiv>
                    <Unicode></Unicode>
                </TextEquiv>
            </TextLine>
            <TextLine id="r5l15" custom="readingOrder {index:14;} person {offset:0; length:12;} person {offset:18; length:5; continued:true;}">
                <Coords points="1856,1513 2670,1503 2709,1490 2707,1434 2496,1385 2424,1409 2391,1382 2220,1462 2133,1413 2051,1447 1957,1385 1853,1431"/>
                <Baseline points="1863,1506 1907,1503 1951,1502 1995,1500 2039,1497 2083,1494 2127,1493 2172,1491 2216,1490 2260,1489 2304,1488 2348,1487 2392,1485 2437,1485 2481,1484 2525,1484 2569,1482 2613,1482 2657,1482 2702,1481"/>
                <TextEquiv>
                    <Unicode>Anna Braunen vndt Pater</Unicode>
                </TextEquiv>
            </TextLine>
            <TextLine id="r5l16" custom="readingOrder {index:15;} person {offset:0; length:6; continued:true;}">
                <Coords points="1929,1585 2119,1577 2164,1605 2244,1571 2300,1600 2363,1574 2419,1588 2452,1562 2509,1565 2564,1605 2644,1562 2643,1529 2547,1502 2460,1539 2363,1506 2277,1538 2161,1500 2125,1527 2095,1501 1928,1518"/>
                <Baseline points="1937,1575 1972,1575 2007,1575 2042,1574 2077,1574 2112,1572 2147,1571 2182,1570 2217,1569 2252,1568 2287,1566 2322,1566 2357,1565 2392,1565 2427,1563 2462,1563 2497,1563 2532,1563 2567,1563 2602,1563 2637,1563"/>
                <TextEquiv>
                    <Unicode>Betzet Ihr vnehrlicher Sohn</Unicode>
                </TextEquiv>
            </TextLine>
            <TextLine id="r5l17" custom="readingOrder {index:16;} place {offset:10; length:6;}">
                <Coords points="1994,1679 2056,1683 2141,1651 2227,1667 2254,1646 2313,1673 2359,1634 2411,1671 2586,1643 2585,1603 2499,1577 2405,1608 2257,1586 2206,1622 2136,1595 2102,1626 2053,1585 1992,1593"/>
                <Baseline points="2001,1650 2029,1649 2058,1647 2087,1647 2116,1646 2145,1644 2174,1644 2203,1643 2232,1643 2261,1642 2290,1641 2318,1641 2347,1640 2376,1640 2405,1638 2434,1638 2463,1637 2492,1637 2521,1635 2550,1634 2579,1634"/>
                <TextEquiv>
                    <Unicode>beyde von Ceschi dß dere</Unicode>
                </TextEquiv>
            </TextLine>
            <TextLine id="r5l18" custom="readingOrder {index:17;}">
                <Coords points="2159,1726 2191,1712 2230,1740 2325,1719 2362,1738 2392,1725 2425,1734 2427,1672 2414,1673 2367,1633 2318,1671 2300,1672 2286,1658 2243,1689 2231,1690 2196,1655 2161,1654"/>
                <Baseline points="2166,1706 2191,1708 2216,1710 2241,1711 2266,1712 2292,1712 2317,1712 2342,1713 2367,1713 2392,1715 2418,1718"/>
                <TextEquiv>
                    <Unicode>oberlandt.</Unicode>
                </TextEquiv>
            </TextLine>
            <TextLine id="r5l19" custom="readingOrder {index:18;}">
                <Coords points="1734,1888 1788,1914 1976,1884 2120,1939 2206,1887 2599,1883 2683,1928 2749,1901 2750,1854 2587,1806 2229,1821 2165,1787 2109,1821 1938,1769 1846,1811 1735,1796"/>
                <Baseline points="1742,1883 1792,1882 1842,1881 1892,1880 1942,1880 1992,1880 2042,1878 2092,1878 2142,1878 2192,1878 2242,1880 2292,1880 2342,1880 2392,1881 2442,1883 2492,1883 2542,1885 2592,1886 2642,1887 2692,1890 2742,1892"/>
                <TextEquiv>
                    <Unicode>Dißere zwo Persohnen Muter vnd Sohne</Unicode>
                </TextEquiv>
            </TextLine>
            <TextLine id="r5l20" custom="readingOrder {index:19;} person {offset:12; length:8;}">
                <Coords points="1710,1973 1832,1997 2021,1952 2071,1989 2290,1956 2460,2023 2602,1965 2645,1996 2820,1980 2791,1941 2413,1900 2280,1942 2011,1928 1947,1891 1711,1909"/>
                <Baseline points="1718,1964 1772,1962 1827,1961 1882,1961 1937,1961 1991,1959 2046,1959 2101,1961 2156,1961 2210,1961 2265,1962 2320,1962 2375,1964 2429,1965 2484,1967 2539,1968 2594,1969 2648,1971 2703,1972 2758,1973 2813,1974"/>
                <TextEquiv>
                    <Unicode>ädt für ime feneling ob etlichen gering</Unicode>
                </TextEquiv>
            </TextLine>
            <TextLine id="r5l21" custom="readingOrder {index:20;}">
                <Coords points="1693,2067 1900,2089 2081,2054 2207,2091 2381,2055 2577,2108 2664,2055 2806,2073 2807,1992 2585,1972 2463,2025 2373,1981 2211,2020 2023,1951 1854,2022 1773,1972 1694,2008"/>
                <Baseline points="1701,2049 1755,2049 1810,2049 1865,2049 1920,2049 1975,2049 2030,2049 2085,2049 2140,2049 2195,2051 2250,2051 2304,2052 2359,2052 2414,2054 2469,2055 2524,2057 2579,2058 2634,2060 2689,2061 2744,2063 2799,2066"/>
                <TextEquiv>
                    <Unicode>diebsthalen ergriffen, alsero geführt und</Unicode>
                </TextEquiv>
            </TextLine>
            <TextLine id="r5l22" custom="readingOrder {index:21;}">
                <Coords points="1695,2156 1866,2196 2043,2144 2284,2189 2360,2151 2409,2190 2490,2148 2739,2174 2775,2163 2777,2070 2571,2122 2312,2067 2063,2114 1696,2068"/>
                <Baseline points="1703,2135 1756,2136 1809,2136 1862,2137 1916,2138 1969,2138 2022,2138 2075,2138 2129,2139 2182,2139 2235,2139 2288,2141 2342,2141 2395,2142 2448,2144 2501,2145 2555,2148 2608,2150 2661,2153 2714,2155 2768,2160"/>
                <TextEquiv>
                    <Unicode>derselben weger Ir daß Schallerwerck</Unicode>
                </TextEquiv>
            </TextLine>
            <TextLine id="r5l23" custom="readingOrder {index:22;}">
                <Coords points="1698,2231 1762,2260 1851,2228 1963,2290 2182,2228 2514,2286 2559,2250 2755,2266 2757,2203 2632,2204 2548,2160 2433,2208 2362,2172 2177,2193 2037,2146 1861,2205 1699,2196"/>
                <Baseline points="1706,2222 1758,2222 1810,2222 1862,2223 1914,2223 1966,2223 2018,2225 2070,2226 2122,2226 2174,2228 2227,2229 2279,2231 2331,2232 2383,2235 2435,2237 2487,2238 2539,2241 2591,2245 2643,2247 2695,2251 2748,2255"/>
                <TextEquiv>
                    <Unicode>alhier geschmidet worden, das sy der by</Unicode>
                </TextEquiv>
            </TextLine>
            <TextLine id="r5l24" custom="readingOrder {index:23;}">
                <Coords points="1712,2366 2158,2331 2206,2372 2283,2328 2494,2387 2653,2341 2798,2374 2811,2258 2715,2311 2674,2276 2382,2303 2283,2235 2197,2282 2064,2259 1997,2297 1855,2233 1715,2277"/>
                <Baseline points="1721,2310 1775,2313 1829,2315 1883,2318 1937,2319 1991,2321 2045,2323 2099,2324 2153,2326 2207,2327 2261,2330 2315,2330 2369,2331 2423,2334 2477,2334 2531,2336 2585,2338 2639,2340 2693,2342 2747,2344 2801,2346"/>
                <TextEquiv>
                    <Unicode>ohegefahr funff Mohnath, gwwaltig gearbeitet</Unicode>
                </TextEquiv>
            </TextLine>
            <TextLine id="r5l25" custom="readingOrder {index:24;}">
                <Coords points="1708,2415 1847,2447 1990,2407 2136,2481 2266,2429 2788,2467 2789,2411 2638,2361 2395,2411 2270,2336 2213,2373 2156,2331 1925,2395 1857,2346 1711,2364"/>
                <Baseline points="1716,2399 1769,2402 1822,2406 1875,2408 1929,2411 1982,2412 2035,2415 2088,2417 2142,2420 2195,2421 2248,2423 2301,2426 2355,2427 2408,2429 2461,2431 2514,2433 2568,2436 2621,2438 2674,2441 2727,2444 2781,2447"/>
                <TextEquiv>
                    <Unicode>und deßweg uß erbreid und verhoffende</Unicode>
                </TextEquiv>
            </TextLine>
            <TextLine id="r5l26" custom="readingOrder {index:25;}">
                <Coords points="1710,2490 1880,2550 1952,2491 2127,2552 2310,2507 2542,2593 2666,2538 2850,2557 2855,2463 2764,2510 2702,2460 2632,2499 2426,2445 2134,2483 1713,2442"/>
                <Baseline points="1718,2486 1774,2490 1830,2493 1886,2496 1943,2498 1999,2501 2055,2503 2112,2505 2168,2508 2224,2510 2281,2513 2337,2514 2393,2517 2449,2519 2506,2523 2562,2526 2618,2529 2675,2535 2731,2539 2787,2544 2844,2549"/>
                <TextEquiv>
                    <Unicode>beßerung ledig gelaßen und ir ihr keinat</Unicode>
                </TextEquiv>
            </TextLine>
            <TextLine id="r5l27" custom="readingOrder {index:26;}">
                <Coords points="1709,2609 1763,2581 1824,2620 2016,2597 2355,2648 2495,2616 2810,2660 2814,2594 2740,2563 2492,2596 2413,2547 2273,2588 2027,2532 1952,2569 1850,2522 1713,2548"/>
                <Baseline points="1719,2571 1773,2576 1827,2579 1881,2583 1936,2586 1990,2589 2044,2593 2099,2597 2153,2598 2207,2601 2262,2604 2316,2607 2370,2609 2424,2612 2479,2615 2533,2618 2587,2621 2642,2624 2696,2628 2750,2631 2805,2636"/>
                <TextEquiv>
                    <Unicode>geisen worden, dahin sy zwar sich begeben</Unicode>
                </TextEquiv>
            </TextLine>
            <TextLine id="r5l28" custom="readingOrder {index:27;}">
                <Coords points="1700,2671 1958,2691 2019,2738 2091,2690 2208,2740 2329,2709 2385,2758 2498,2709 2638,2723 2838,2785 2867,2671 2678,2658 2598,2699 2498,2618 2332,2680 2123,2613 1911,2652 1703,2617"/>
                <Baseline points="1707,2661 1764,2667 1821,2671 1879,2675 1936,2678 1994,2683 2051,2686 2109,2689 2166,2693 2224,2696 2281,2699 2338,2702 2396,2705 2453,2709 2511,2711 2568,2715 2626,2718 2683,2723 2741,2726 2798,2731 2856,2735"/>
                <TextEquiv>
                    <Unicode>von ihrem bösen diebschen wesen aber nit anderst</Unicode>
                </TextEquiv>
            </TextLine>
            <TextLine id="r5l29" custom="readingOrder {index:28;}">
                <Coords points="1706,2803 1861,2767 2092,2782 2144,2824 2375,2788 2439,2839 2497,2801 2749,2853 2798,2828 2803,2757 2616,2781 2511,2715 2382,2767 2306,2714 2134,2743 2098,2705 1926,2740 1808,2679 1711,2717"/>
                <Baseline points="1716,2748 1769,2754 1823,2760 1877,2765 1931,2770 1985,2774 2038,2777 2092,2780 2146,2783 2200,2786 2254,2789 2307,2790 2361,2793 2415,2796 2469,2799 2523,2802 2576,2806 2630,2808 2684,2813 2738,2818 2792,2823"/>
                <TextEquiv>
                    <Unicode>abgestanden, der daß sy grad also bald, alß sy</Unicode>
                </TextEquiv>
            </TextLine>
            <TextLine id="r5l30" custom="readingOrder {index:29;}">
                <Coords points="1689,2888 1793,2850 1989,2901 2032,2874 2113,2921 2226,2877 2390,2925 2509,2894 2650,2911 2700,2963 2826,2914 2830,2853 2682,2834 2591,2875 2483,2801 2302,2847 2227,2795 2131,2833 2075,2796 1931,2836 1867,2780 1694,2813"/>
                <Baseline points="1700,2835 1758,2841 1817,2845 1876,2849 1935,2854 1994,2859 2053,2862 2112,2866 2171,2871 2230,2874 2288,2878 2347,2881 2406,2886 2465,2889 2524,2892 2583,2896 2642,2900 2701,2904 2760,2908 2819,2912"/>
                <TextEquiv>
                    <Unicode>hierff kommen zu heütig uß einem offenhuß</Unicode>
                </TextEquiv>
            </TextLine>
            <TextLine id="r5l31" custom="readingOrder {index:30;}">
                <Coords points="1690,2911 1966,2969 2095,2948 2155,2999 2203,2958 2376,2974 2439,3026 2527,2985 2608,3031 2675,2986 2796,3006 2799,2964 2743,2934 2636,2963 2452,2894 2378,2937 2227,2878 2119,2924 2033,2877 1876,2910 1817,2859 1692,2881"/>
                <Baseline points="1698,2909 1752,2914 1807,2918 1861,2923 1916,2927 1970,2931 2025,2937 2079,2942 2134,2946 2188,2949 2243,2954 2298,2958 2352,2963 2407,2966 2461,2971 2516,2975 2570,2978 2625,2982 2679,2987 2734,2991 2789,2994"/>
                <TextEquiv>
                    <Unicode>hätteli 8 pfanrer und 2 eelachen ent</Unicode>
                </TextEquiv>
            </TextLine>
            <TextLine id="r5l32" custom="readingOrder {index:31;}">
                <Coords points="1682,3014 1696,3023 1739,3002 1768,3020 1819,3006 1888,3028 1922,3027 1929,2965 1887,2952 1860,2974 1818,2946 1771,2941 1743,2952 1693,2911"/>
                <Baseline points="1691,2994 1716,2995 1741,2997 1766,2998 1791,3000 1816,3002 1841,3005 1866,3009 1891,3013 1916,3018"/>
                <TextEquiv>
                    <Unicode>feriebdet</Unicode>
                </TextEquiv>
            </TextLine>
            <TextLine id="r5l33" custom="readingOrder {index:32;}">
                <Coords points="1661,3116 1999,3124 2059,3172 2186,3133 2226,3178 2270,3153 2367,3202 2536,3156 2794,3187 2797,3109 2714,3128 2590,3087 2506,3130 2454,3081 2229,3087 2163,3032 1954,3093 1838,3008 1761,3040 1670,3012"/>
                <Baseline points="1671,3087 1726,3093 1782,3098 1838,3103 1894,3108 1950,3113 2005,3118 2061,3124 2117,3128 2173,3134 2229,3138 2284,3143 2340,3148 2396,3151 2452,3156 2508,3159 2563,3164 2619,3167 2675,3169 2731,3171 2787,3173"/>
                <TextEquiv>
                    <Unicode>Dem Nemner Moser daselbsten syen sy stachts</Unicode>
                </TextEquiv>
            </TextLine>
            <TextLine id="r5l34" custom="readingOrder {index:33;}">
                <Coords points="1663,3195 1882,3183 2005,3228 2098,3199 2387,3268 2497,3233 2727,3296 2767,3293 2773,3224 1670,3110"/>
                <Baseline points="1674,3158 1728,3164 1782,3170 1837,3176 1891,3181 1946,3186 2000,3191 2055,3195 2109,3201 2164,3205 2218,3209 2272,3214 2327,3218 2381,3222 2436,3227 2490,3232 2545,3236 2599,3240 2654,3245 2708,3251 2763,3255"/>
                <TextEquiv>
                    <Unicode>in ein stuben zum fenster hinzu gebrachen.</Unicode>
                </TextEquiv>
            </TextLine>
            <TextLine id="r5l35" custom="readingOrder {index:34;} person {offset:12; length:12;}">
                <Coords points="1660,3250 1829,3260 1890,3303 2017,3264 2213,3326 2618,3318 2657,3354 2813,3338 2817,3285 2443,3236 2355,3271 2128,3204 1995,3242 1664,3196"/>
                <Baseline points="1668,3237 1727,3244 1787,3250 1847,3255 1907,3262 1967,3267 2027,3272 2087,3277 2147,3281 2207,3286 2267,3290 2327,3293 2387,3298 2447,3302 2507,3307 2567,3310 2627,3314 2687,3319 2747,3323 2807,3327"/>
                <TextEquiv>
                    <Unicode>und daruß i juri Mußkorn ein schußlen voll</Unicode>
                </TextEquiv>
            </TextLine>
            <TextLine id="r5l36" custom="readingOrder {index:35;}">
                <Coords points="1672,3319 1717,3356 1815,3332 1967,3382 2015,3343 2127,3391 2177,3359 2425,3381 2475,3420 2587,3386 2706,3426 2766,3410 2770,3356 2658,3354 2625,3318 2055,3333 1992,3274 1891,3302 1676,3261"/>
                <Baseline points="1679,3318 1733,3323 1787,3328 1841,3333 1895,3337 1949,3341 2003,3346 2057,3349 2111,3354 2165,3358 2219,3362 2273,3366 2327,3370 2381,3373 2435,3377 2489,3380 2543,3384 2597,3387 2651,3389 2705,3393 2760,3395"/>
                <TextEquiv>
                    <Unicode>mahl eir maß ancke ein stucb schafffleisch.</Unicode>
                </TextEquiv>
            </TextLine>
            <TextLine id="r5l37" custom="readingOrder {index:36;}">
                <Coords points="1666,3394 2261,3487 2324,3449 2529,3503 2640,3477 2781,3532 2788,3434 2635,3442 2564,3396 2479,3421 2393,3389 2342,3423 2246,3382 2160,3417 2092,3362 1965,3382 1751,3341 1668,3380"/>
                <Baseline points="1673,3395 1728,3399 1783,3403 1838,3407 1894,3413 1949,3418 2004,3422 2059,3426 2115,3431 2170,3437 2225,3440 2280,3445 2336,3449 2391,3453 2446,3456 2501,3461 2557,3464 2612,3467 2667,3469 2722,3471 2778,3473"/>
                <TextEquiv>
                    <Unicode>enstuck käß und derglychen asige spyß entragen</Unicode>
                </TextEquiv>
            </TextLine>
            <TextLine id="r5l38" custom="readingOrder {index:37;}">
                <Coords points="1658,3496 1883,3495 1953,3530 2026,3501 2180,3566 2471,3540 2517,3579 2712,3593 2740,3519 2606,3480 2485,3510 2446,3469 2177,3488 2062,3429 1892,3458 1663,3425"/>
                <Baseline points="1668,3467 1721,3473 1774,3479 1827,3483 1880,3489 1933,3494 1986,3498 2039,3503 2092,3507 2145,3511 2199,3516 2252,3520 2305,3524 2358,3527 2411,3531 2464,3535 2517,3539 2570,3543 2623,3547 2676,3551 2730,3555"/>
                <TextEquiv>
                    <Unicode>theils habnit sy darg geßen, theils sie ihnen</Unicode>
                </TextEquiv>
            </TextLine>
            <TextLine id="r5l39" custom="readingOrder {index:38;}">
                <Coords points="1657,3547 2019,3590 2098,3643 2199,3599 2355,3649 2363,3572 2295,3535 2231,3568 1946,3523 1894,3536 1867,3511 1831,3533 1748,3501 1660,3516"/>
                <Baseline points="1665,3537 1699,3542 1733,3545 1768,3549 1802,3553 1836,3556 1871,3559 1905,3562 1939,3564 1974,3568 2008,3571 2042,3574 2077,3577 2111,3581 2145,3584 2180,3586 2214,3590 2248,3594 2283,3598 2317,3603 2352,3608"/>
                <TextEquiv>
                    <Unicode>widerumb abgenomen worden</Unicode>
                </TextEquiv>
            </TextLine>
            <TextLine id="r5l40" custom="readingOrder {index:39;}">
                <Coords points="2585,3679 2629,3696 2641,3691 2649,3700 2667,3690 2730,3704 2788,3701 2793,3627 2770,3612 2752,3612 2723,3588 2639,3642 2588,3635"/>
                <Baseline points="2592,3677 2619,3680 2646,3683 2673,3684 2700,3686 2727,3687 2754,3690 2781,3695"/>
                <TextEquiv>
                    <Unicode>waruff</Unicode>
                </TextEquiv>
            </TextLine>
            <TextEquiv>
                <Unicode>1648
deßwegen von Ir de, diener dem freyweibell
vom dert hiewegen und alhero da die hochen
gricht hin gehören gezogen und mit sampt der
nocedes gewarsamlich geschikt worden.
Daruff ir de hen andag von Graffenried und
mir ihne verners erstwortig inexaminires
bekohlen, so auch beschechen, er hatt aber anders
und verners begangen ze haben nit gestendig
sye wöllen.
Ist deßweg uß hochgemelt er gn bevelch ein
monatcagg zus Schallenwerck geschmidet
worden der 81 dcto 1642

Anna Braunen vndt Pater
Betzet Ihr vnehrlicher Sohn
beyde von Ceschi dß dere
oberlandt.
Dißere zwo Persohnen Muter vnd Sohne
ädt für ime feneling ob etlichen gering
diebsthalen ergriffen, alsero geführt und
derselben weger Ir daß Schallerwerck
alhier geschmidet worden, das sy der by
ohegefahr funff Mohnath, gwwaltig gearbeitet
und deßweg uß erbreid und verhoffende
beßerung ledig gelaßen und ir ihr keinat
geisen worden, dahin sy zwar sich begeben
von ihrem bösen diebschen wesen aber nit anderst
abgestanden, der daß sy grad also bald, alß sy
hierff kommen zu heütig uß einem offenhuß
hätteli 8 pfanrer und 2 eelachen ent
feriebdet
Dem Nemner Moser daselbsten syen sy stachts
in ein stuben zum fenster hinzu gebrachen.
und daruß i juri Mußkorn ein schußlen voll
mahl eir maß ancke ein stucb schafffleisch.
enstuck käß und derglychen asige spyß entragen
theils habnit sy darg geßen, theils sie ihnen
widerumb abgenomen worden
waruff</Unicode>
            </TextEquiv>
        </TextRegion>
        <TextRegion orientation="0.0" id="r6" custom="readingOrder {index:5;}">
            <Coords points="2910,45 2910,199 3003,199 3003,45"/>
            <TextLine id="r6l1" custom="readingOrder {index:0;}">
                <Coords points="2902,161 2926,165 2944,158 2957,165 2973,157 2989,161 2998,156 3009,158 3011,111 2985,112 2952,93 2946,97 2940,94 2934,100 2928,98 2910,111 2903,111"/>
                <Baseline points="2910,146 2941,145 2972,146 3003,149"/>
                <TextEquiv>
                    <Unicode>137.</Unicode>
                </TextEquiv>
            </TextLine>
            <TextEquiv>
                <Unicode>137.</Unicode>
            </TextEquiv>
        </TextRegion>
    </Page>
</PcGts>
