3024 4032
314 49 363 143 1
408 37 533 127 174
1014 146 1346 296 1.643.
593 150 1687 501 d n se en er
1634 365 1788 457 iis.
593 293 1638 562 Erwchne gnad, vnd dan sonderlich auch
615 377 1642 616 den zu kilchdorf gethanen widerrafft
630 493 1613 701 o wenig behertziget vnd ihme zur
613 531 1662 797 beßerung gerichen laßen, der daß er
627 640 1672 870 sich grad in vorigem schwaren fale
608 755 1658 966 vnd hochen verbrechen noch mehr versundige
627 838 1669 1058 und vertragt, in deme er in jungst ver
621 932 1663 1127 wihenen allienacht wuchen nachdem er mit
616 1025 1652 1220 inem vatter und muter zu Habstetter
614 1119 1635 1328 den strytigkeit und gebeück gerachten, st
607 1206 1673 1400 gottes deß hern wort und syner petur
627 1313 1660 1482 lichen pflicht und liebe, so er gegen syner
591 1398 1662 1566 eltern schuldig ware gsin, so vyt vergeßen,
607 1487 1672 1644 daß er in vngütliche, vngebarliche vnd
618 1574 1649 1710 grobe schend und schmachwort jeder syne
778 1652 878 1733 cu
626 1678 1656 1818 lide ußgebrochen. Vom großer frger
616 1748 1642 1929 nuß wegen unnohtweidig offentlich uß¬
595 1848 1359 1985 geprechen und zevermeld.
580 1957 1625 2108 In dem er zu dem vatter gesprochen, er
610 2052 1627 2193 habe ihn und syn muter wollen erwurden,
583 2131 1627 2265 er hette wohl verdient, daß man ihn ab
606 2217 1645 2357 hatte, er sye vor langen gahren ein keger
603 2294 1606 2438 meister gsie etc. Habe auch einei alten
600 2378 1598 2521 Schelmen, Andler und Lecker vnd mit
576 2472 1627 2608 anderen derglychen lesterlichen worten bei
596 2554 1283 2689 titlet und angeschrewen.
544 2606 1613 2786 Der muter aber fürgehalten, sy sye die
587 2717 1637 2878 alte d�schen, werde auch baßd müeßen die
614 2802 1513 2958 lasen under der herd stoßen etc.
586 2916 853 3041 und diewyl
576 2900 1608 3131 Wwohl nun er gouner dißer gegen
600 3008 1606 3210 gnen elteren ußgesometer leßterlichen
605 3079 1624 3299 chmach worten und flüchen nit durches
584 3155 1618 3421 gestendig syn wöllen, sondern nur etliche
594 3231 1625 3514 uß zerr und uff ihme gegebnen anlaß
587 3348 1628 3587 und doch mit vorbehalt geredt ze haben
679 3482 1666 3747 neben dem daß er volgende schware fluch mite
604 3548 1586 3861 gete nge and
641 3627 1585 3897 iie der Tuffell name oder der Konner vnd
629 3686 1582 3953 daß wätter (darvon gott jeder mag behüete,
669 3908 954 4041 ie schuße.
2136 170 2495 308 1643.
1790 172 2958 504 verment und sich hiemit selbsten uff knnt
1808 287 2995 608 schafft berufft, fruse ah dah demfelling
1791 359 2944 707 ente
1805 480 2936 769 alß haben hochvemelt myr sy hern und ober
1805 552 2957 833 für nochtweidig angesechen information und
1804 674 2919 905 kuntschafft darüber uffgenommen, wie dan
1799 791 2579 998 auf vß dero bekelch bescheschen
2027 854 2410 1029 oalso lachtet z
1798 939 2906 1172 uß eelichere dan sich heiter beschinen, daß
1819 1026 2944 1234 er der ußgeschlagnen schnach scheltmate
1807 1110 2878 1312 und fluech wider yne elteren schuldig und
1805 1178 2902 1373 durch die kuntschafft derselbig uberwisen
1816 1283 2837 1452 worden, dorden 4 erliche unparteyische manner.
1800 1414 2994 1556 Aso daß uff soliche syn deß bemelten gouners
2905 1505 3016 1590 gena
1802 1501 2906 1672 zum Theil bekentliche zum theil aber durch
2899 1556 3027 1624 kuntsch
1776 1569 2871 1739 berisene fluech iner elteren Ebrach und
1816 1677 2864 1821 übertrettung synes hieror geschwornen
1823 1774 2883 1900 eydts hochgenant Mg h und oberg, her
1819 1842 2929 1970 sch shat und Burger dißer freyen loplichen
1814 1918 2953 2074 statt Berg uff ihren eydt zu recht erkent,
1817 2021 2127 2124 und gesprochen.
1810 2109 2911 2275 daß er dem nachrichter solle befohlen werden.
1799 2232 2918 2342 der ihne obeneß uff die gewohnliche richt
1816 2287 2801 2429 statt führen, ihme daselbsten mit dem
1828 2376 2931 2503 schreit daß haupt abschlachen und also vom
1822 2444 2800 2602 aben zum Todt nach Beyserlichn Rechten
1837 2531 2253 2661 hierichten solle.
