3024 4032
226 163 367 265 56.
2707 36 2813 130 57.
1910 177 2284 380 164x
821 206 1128 365 1642.
1611 213 2779 573 erse
560 343 1387 543 Aangreth Hentz
1431 376 1610 543 Disebi.
1569 320 2681 665 en en
583 447 1035 613 von Mienißberg.
1569 386 2671 804 geen en
1526 490 2735 867 n s0
360 539 1491 848 Disere ist wegen begangnen dreiten fahlers luch
1611 591 2710 929 astaben
398 718 1495 931 Ihr Gnaden befelchs sub dato 122. Junuu
1593 698 2719 1029 desen dert ben
378 795 1489 962 1642 von ihr he statt und landt uff gnadt
1603 761 2679 1083 r srich de d
373 870 1495 1057 hin verwisen worden. Hat noch 4 tag platz mit
376 938 617 1050 dem Eÿdt
1603 894 2764 1184 hin vnd wider zu dienst legeben vnd gesomen,
1607 976 2689 1245 und sonderlich auch zu Mensiengen zur schlosen.
1603 1062 2758 1361 ein zuung, wan sy aber nit im dienst gsy
583 1107 1227 1292 Hanß Echantz
1614 1193 2744 1455 habe sy flachs gekaufft gesammen, vnd hernach
382 1269 1495 1442 st vor wegen sgues verhuerten Vnkeuschen
1613 1303 2729 1522 den rnden verkaafft, so wohl hie in der statt
414 1366 1504 1526 habens, mit dem endt von Statt und le
1613 1423 2663 1601 als andersteo Irer auch thüchli garn ge
399 1460 1500 1640 uff gnad herr der 2. febr 1642 verwisen
1610 1502 2739 1686 smmenmachen laßen und verkaufft, da
420 1550 1386 1719 worden. hatt nach 14 thag plat.
1609 1601 2703 1779 auß sy dan ey 24 l erlöß und sich hiemit
1605 1718 2216 1888 also durchbringen können.
549 1752 1446 1937 Cararen Gaßer
1593 1807 2677 1983 Waß aler daß seleig heder ihra gefunden
841 1885 1332 2029 vor Huttwyl.
1624 1935 2701 2085 geat betrefte, sye die sach also beschaffen, das
1599 2024 2683 2160 ihr eheman svon syner ersten frauwen etlich
382 2008 1465 2182 achdem disere, wegen vil schones
1541 2098 1609 2222 1
1593 2113 2690 2262 knder vnd von ihro auch eins, so zu Muesiegen
415 2140 1480 2296 gespiegleten gald und silbersonteg und
1598 2202 2682 2345 im schloß sye verlaßen, mit betlichere er vor
426 2228 1492 2393 daby und erloffner worten, daß sy gelt
1554 2257 2672 2433 und ehr es neggezogen sye gut getheilt, da
430 2288 1502 2484 gernch zeverzehren habe, Iu verdacht ko¬
1591 2349 2690 2531 dan ihra und ihrem kndt, für ihr erspart
439 2410 1482 2576 wo sy daßelbig, alß ein liederlich vnd
1587 2412 2688 2615 bett und erbtheil 800 lb worden, weliches
433 2483 1490 2686 Müesigengig mensch har haben möchte und
1595 2514 2656 2684 ihr stiefftochterman ihra, so wohl ihro eineer
424 2570 1478 2778 deßweger geferklich gezogen worden.
1580 2593 2703 2790 ndtschreifft alß galtbrieffen ußrichten söllen.
449 2657 1502 2862 sy doraff uff er sy wwelch den 11. flit
1602 2691 2692 2880 derselbig aber habe dee brieffen ihra hinder
428 2778 1478 2959 durch die eherenvesten etc. Hern übroham
1600 2798 2696 2992 rect verkauft und mit dem gelt uß der
427 2847 1498 3058 d dert deß kleüwe h andreß Herman
1602 2853 2671 3098 lant gezagen, also das sy ihne sicher nie, alßo
425 2946 1466 3147 deß großen Rchats, N. Sammel leeber
1595 2951 2719 3160 letstlich umb d halten thag verschinene jahrs
434 3020 1483 3248 Großweibels su bysy etlicher weible
1596 3038 2745 3277 zu ihn gesechen, dar sy ihn den arrestienes casen
439 3084 1492 3349 by der Streibi anfenglich mit worten opf
1596 3122 2714 3342 und iht zusprach geforderet, der habe ihra
442 3212 1482 3422 minirt, Herrascher aber mit anwendung
1580 3202 2816 3441 verechnung derselben 50 fl. zu godt geliferet
1571 3290 2686 3516 um ein handtschrifft ze geben versprochen, das er
437 3269 1483 3532 der marter, won sy mit solichem schonen gelt
1569 3356 2752 3609 ihro künffgei jehrs beiderumb so vil und hernach
436 3367 1486 3640 horkoumen und wie sy sich nun ein zi dahr
1586 3461 2739 3694 den uberrest nach und nach volkomenlich zahlen
432 3444 1484 3728 erhalten henge befragt worden, hatt sy syt
1588 3545 2743 3742 und abrichten wöle, daher und von dem jenige
399 3565 1358 3857 agende gefales trentes
1247 3652 1421 3831 daß
2603 3734 2749 3834 waß
