3024 4032
220 78 338 181 190.
754 156 1052 283 1643.
459 344 1494 581 Anna Siber von Scharnathal
467 541 1490 777 istere wybspersehe ist wegen deß
406 636 1462 825 vierten Burenfhälers und daß sy ein
421 720 1490 885 veethelich kidt dem vnrechten vatter zu¬
420 816 1531 1000 eignen wöllen, zwo sundt an deß halß
429 897 1478 1071 ysen gestelt und den 22. julii 1643
435 972 1483 1154 mit dem eidt von Statt und Landt¬
423 1064 920 1198 verwisen mirnd
602 1364 1500 1541 Garbara Reinhart Von
771 1497 1457 1650 Hochendannen im Bricht
946 1605 1238 1714 Offolter.
418 1803 1508 1982 Wyl dißere Barbara Reinhard (so
436 1914 1511 2080 zwar Eines gar schlechten zu borzaffen
421 2020 1538 2175 verstandts) sich mit viclanß Speinhatt
432 2118 1509 2274 ihres vatters bruders sohn, so by ihnen
405 2242 1552 2381 gedienet, in blutschand vergeßen und von
426 2330 1490 2486 ime geschwangeret worden. Ist sy in
426 2419 1560 2585 betrachtung ihrer einfalt und daß einen
448 2529 1529 2697 herr glaubwürdig fürkoumen, daß
452 2631 1546 2780 ihra die fründtschafft nit bekant gsin,
449 2709 1590 2873 zwo stundt an daß halßysen alhie gestelt
447 2839 1441 3007 und hernach ledig gelaßen worden.
443 2923 1418 3102 den 21. augusti 1693
1025 3009 1505 3202 din sei
2035 205 2290 317 1643
1706 274 2759 502 Jacob Wolff von Bärauw.
2040 390 2218 473 Vndt
1813 443 2744 585 Maria Maller von Attißwyl.
2035 553 2407 688 Ermentschl.
1660 674 2807 856 Alß dißere wrey ehementschen neben nach
1697 769 2755 899 seinem junges kapbe ihrer beide schwager
1691 829 2757 975 und bruder vor etwas wuchen zu Bugsi
1698 920 2776 1049 wegen etwas by sich getragnengeweidts
1679 996 2836 1147 verdächtig besud, ergrichten und gefertlich
1710 1064 2845 1221 ihneo gebracht worden, sidt sy uß ir de
1688 1148 2857 1316 Atelich mohntags den 8t aug 1648 j hsy
1705 1235 2848 1376 ehren und gegepeintigkeit der edlen ehrg
1713 1310 2873 1473 esten fr ff und n herr Gaberel von Waten
1706 1408 2831 1561 as deß kleinen Herr Jacob Walthern
1694 1487 2826 1644 deß großen shats herr abigem Sinners
1688 1580 2871 1729 Großweibals und etlichen anderen er sy denren
1690 1667 2857 1819 den reiblen, so wohl mit alß ohne marter ex
1695 1762 2332 1909 mit und befragt wolrdn.
1687 1865 2857 2032 und erstlich warmes sy alß junge starbe licht
1707 1993 2852 2136 also ohne einihe begangeenschafft Im Landt
1704 2066 2830 2217 hreueb streüffen. gaben sy zur antwort.
1703 2148 2847 2296 Hr Jacob Wock habe wegen friegs gefhan sich
1707 2253 2863 2396 uß Harn Hebnad in deß degerfelden be
1732 2335 2852 2476 geben, da habe er syn Jezuge frau aldort
1738 2435 2870 2584 gefndt ly einem Meister Jedienen, da habent
1748 2522 2939 2688 gkendtsame zusamen gemacht, daß sy einanderen
1718 2614 2941 2779 die er versprochen und sich hernach zu Finsidge
1718 2728 2855 2863 gehegebe laßen. Daruf hin habeit sy zu
1721 2820 2931 2981 deß mans benweren, so ein schnyder syeund alhie
1712 2877 2850 3090 Im landt arbeite gehen wollen, das seyen sy
1715 2988 2887 3169 zu Buchsi in verdacht kommen, alß ob g den
1720 3068 2906 3290 by sich gehopten reck und den par strumpf
1735 3169 2925 3379 eten entfrobdet haben und deßwegen alhei
1727 3243 2899 3456 geführt worden. Daß seye aber ganz nit, sondern
1720 3322 2912 3579 helnt den rode von zweyen knaben, by mutt
1740 3440 2844 3692 b ein s erkaufft und deß gelt von
1731 3516 2843 3746 her Muter vnd Schwiger neben noch etwas
1729 3611 2917 3882 nehr Ereebt, als zuglich auch die srumpf¬
2751 3865 2879 3955 also
2869 220 2959 308 191
