3024 4032
326 2303 434 2462 13
361 -20 462 51 88.
550 134 1621 406 Aneinem andern art us einem kig
565 226 1569 447 1 leibenbrost und ein kübli nit
561 299 1581 508 ankergenommen, dasy vnder der für
547 400 1375 576 Schweller hinyn gebrochen.
544 513 1567 743 Abermalen im fryburg gepiedt
567 624 1588 818 nit wyt von heitenrier mit hilf
563 691 1538 893 seiner gespanen fiendlins Caspars
551 792 1551 986 und Hanßlins tags uß einem trogen
551 875 1583 1068 den sy mit einem tragkiel gröffen
556 978 1581 1154 vor zwuchen 50 b genommen in krit
536 1043 1558 1220 diken batzen und jbz und sölches
549 1129 1565 1312 gebeilln, darvon zu Roggwyl ein
557 1214 1449 1388 schnyder 3t zu bezolen geben.
534 1325 1566 1511 zu düren roht uß einem sspyßgadt
538 1416 1543 1577 mit hilff Lorentzen Wolffen ein
529 1495 934 1596 ankenbollen.
522 1570 1528 1709 zu Minchenwyl er sye er mit
513 1647 1565 1790 kilff Grörgen uß dem Morgraffen
514 1734 1561 1882 land ieinspycher bim Tachhing
497 1810 1541 1943 gebrochen undd oselbsten a ellen huß
519 1906 1545 2036 tuch i wamnist 6 leiben brohtgenommen
523 1970 1553 2108 darob gagt worden das tuchstrrche
523 2053 1543 2169 zu Burwolff der koufft und 19 bz
527 2136 827 2269 bekommen.
514 2206 1517 2346 und by der müli by marben sy
490 2286 1549 2412 er mit hilff eines knäblins in ein
490 2364 1549 2498 cpycher yngebrochen 3 Henli 1gpr
493 2461 1522 2605 vnd ein betziechen genomen, das sy
498 2541 1528 2697 alles ime Stirchi umb2 bit konfft
494 2659 1497 2836 Alhie vor der Statthabeer vff
490 2755 1532 2921 einei Hoff ein leibenbroht ge¬
492 2897 793 2980 namen.
471 2901 1522 3074 Vff den Wyiigen höffen vß einem
492 2998 1511 3160 trag den sy mit einem schröttyse
469 3074 1489 3308 geöffnet e 14 gl und 2 bylachts
460 3206 1500 3381 und im ambtleütburg in eine
444 3243 1502 3478 Müli uß einem trag den sy mit
462 3327 1475 3536 einem biel uffgeschlagen by 14 l
450 3453 1479 3670 Auch nit wyt daselbsten uß einem
447 3500 1475 3739 trag abermalen mit hilffemel
448 3592 1451 3822 synes gespanen 4 lb genommen
1737 185 2872 449 zu Schöfftlen dan ihm mit
1692 257 2882 562 hilff syner gesellen Caspars und Hanßr
1735 341 2822 620 nachdem er uß dem schallen wark
1719 464 2795 678 kommen 20t gestolen uß einem trag,
1704 527 2841 782 den sy nnd einem byel uffgeschlagen.
1690 648 2845 882 zu Boffingen in der statt einer fieß
1719 744 2867 981 habsein gespan lorentz Iß dem Sekel
1702 844 2812 1060 1t genomen und ihme damit ers nit
1703 965 2454 1162 sage den halben teil geben
1730 1062 2830 1231 Im Boselbiet zu Nußboumen glyen
1658 1160 2785 1323 Vlochen 8 heil, vnd ein gippenent
1690 1239 2766 1412 fröndel, die syeinem dauwner
1691 1341 2850 1470 umb 3 gl berkoufft, darvon ihmme der
1687 1439 2246 1572 helbig teil worden.
1683 1552 2815 1664 In gleichem gebiett mit hilffhaußlin
1678 1613 2755 1735 und fredlins vorn wuchen uß einem
1681 1690 2318 1822 tröglin 14 t gestohren.
1666 1787 2745 1904 Nittwyt dadannen abermalen uß
1685 1870 2825 1990 einem trag den sy mit einem bielge
1680 1955 2764 2082 offnel mit hilff Matysen 8gl ent
1689 2003 2300 2129 rombdel und will.
1678 2090 2794 2243 abermalen in selbigem gebiett mit
1679 2164 2787 2297 hilff Beorgen lyßen und fridlus
1679 2257 2837 2374 uß einem spycherz müt korngenomen
1677 2305 2834 2455 dieselben vmb 10 gl. Bkoufft daruon
1669 2402 2483 2503 enden gten teil bekommen.
1654 2469 2800 2661 Ingleichem gepiett uß einem spycher
1664 2569 2751 2707 mit hilff obiger synergsellen 2 müt
1623 2626 2640 2798 Korn genomen, dieselben am 4t.
1633 2698 1834 2803 kaufft
1628 2774 2793 2982 und innern dadannen 2b uß einem trag.
1608 2851 2679 3079 und im Morgroffenland habe er
1621 2963 2732 3141 mit hilff Hanßlins und Friolins 2t
1600 3037 1821 3134 gestolen.
1607 3112 2694 3312 So habe er auch ußtrib seiner bößen
1602 3192 2699 3386 gewüßne erdurch mittel ihmme ynge
1596 3267 2741 3463 reicht en schrödysen dergefangenschafft
1756 3344 1808 3396 lhir
1592 3353 2779 3543 mahrn sich ledigmachen und ußhinbrachen
1587 3418 2707 3614 wollen, habe auch zn dem anschlagwie
1581 3485 2632 3652 vsamptlichen ußbrechen können
1573 3569 2638 3762 geholffen und die Imtenment gehabt.
2891 16 2969 113 89
