3024 4032
300 -90 406 43 120.
637 70 1166 277 HJannso Jagg
400 238 1530 505 Diser ist auch mit obigen 4 persohnen alher geknklich
411 321 1545 593 gebracht undt uffglychen tag durch obwolerelih
427 425 1558 655 mynen hochehrenden hrr shaatscherren von Werdt se
414 498 1561 737 thuns und laßens halber ernstwörtig befragt worden.
422 570 1364 749 Hat aber mit anders anzeigen wellen, de
399 666 1551 888 dann daß der hievor etwas jahren zu Solethern hinse
415 732 1543 946 richte stecken Peter syn vatter syn solle undt diser
433 819 1552 1003 obgedachte Hans Mischler syn stieffvatter, wie ihne
401 879 1527 1074 shyn mutter gesagt habe, Dan er es sonsten nit wüßen.
427 980 1553 1143 möge, vermeine aber er seye zu langenthab dahein
423 1054 1535 1211 sagt er seye mehren theils mit syner mutter umbher
414 1124 1539 1277 gezogen, biß daß er der etwas jahren in siedmant
416 1191 1527 1325 gezogen, Habe sich sonsten syn läbtag kheines bösen
996 1282 1169 1337 ngenommen
417 1284 1530 1414 handels noch wandels angenommen bfßen
429 1337 1531 1494 verspricht auch beßerung und sitet gottendt
430 1424 1394 1561 en g hoche oerkheit umb verzeichung.
448 1539 1489 1688 Dißer ist den 20. aug 1692 mit einer
454 1637 1537 1759 starcken censur zu ehrlicher handtarbeit er
448 1715 1537 1844 verahrt und uff freyen fuß gestelt worden
619 1852 1473 2039 Jacob Kurtz vndt Dieboldt
760 1974 1439 2121 Bachman von Bern
464 2079 1513 2227 Dißere zwen Schone Wechter, so abroham
454 2170 1536 2329 Haldi, den In der Insul verhafften Castlang
451 2256 1526 2383 verwachen, an ysen tlags und nachts laßen
454 2336 1557 2487 und niemants zu ihme kommen zelaßen gestaten
464 2393 1535 2582 söllen, haben ungeacht diß ihres bereicht vnd
463 2481 1539 2671 darzu geleisteten eydtsglüpt, ihne nit allein
454 2582 1562 2742 der banden thags und nachts, so meinants by ihm s
469 2667 1544 2829 ledig, sondern kasen genomen vnd syn fraut
472 2743 1525 2917 und gefennte heimlich zu ihm gelaßen, deß
485 2828 1546 3020 derlichen allem ervolget, daß alß er gesaht
471 2899 1537 3125 syne sach einen gefarlichen ußgang nemmen werde, w
480 2969 1540 3200 uff synen vortheil gesechen und ob dem nachtesten
476 3037 1544 3274 alß die zwey techter zu Tischsaßan und er dergt
470 3117 1539 3370 than, er wolle einen hund so in der thur gekrühet
474 3202 1529 3452 gehin laßen, hierß gang der Utzi zugeglt, sy
459 3261 1556 3521 Enner großen lach hieab gesprung, sich vortgwahe
477 3334 1560 3617 uff flyßiges nachschiken aber mirmerist den 6. ae
480 3409 1561 3674 widerumb erwütscht worden, sidt ermelte beid weche
1145 3486 1533 3635 se
1193 3627 1225 3675 l
485 3556 1164 3752 nit der hyt den h
482 3595 1463 3869 gnad von statt undwisen worden.
1552 280 1705 365 11715.
2138 133 2344 241 1642
1730 194 2783 509 de sie nselise
1872 353 2408 500 der Landtschafft Sanen.
1979 362 2612 556 Erniausis prlesis.
1765 508 2842 766 Cachtens Gegenwartiger Abrahanz
1675 628 2789 876 Kaldi von Sanen vor etwas jahren von mynen
1681 704 2812 926 gmagen kern und oberen zu einen faßtlanen
1682 776 2808 1000 der lantschafft daselbsten, errehlt und bestätiget
1687 814 2853 1067 worden, waren damahl selbige der ungezwyfenten
1686 924 2806 1145 hoffnung gewesen, er sich in synem ihme anbe
1686 1017 2792 1204 volchenen und vertrünten dienst ampt, synem
1687 1097 2766 1308 geschwornen eydt gemas verhalten, jeder
1700 1187 2786 1349 metigklich so mehl Rechen alß Armen,
1691 1258 2816 1446 glyhen gut unparteyisch recht administriren, des
1688 1341 2789 1522 rechthabenden tro syner gerechten sach handhaben
1680 1429 2768 1584 und sich ins gemein also halten und tragen
1689 1524 2767 1656 warde daß menigklich ein gut vernuegen
1694 1598 2771 1749 darob faßen und einiche klegten diß ohrts and
1683 1680 2725 1833 syner persohre halben nit fürfallen solten.
1656 1760 2796 1881 Deme aber allei zu rider und in währender
2067 1825 2475 1899 wgts verwaltung
1680 1851 2778 1972 gantzen zit syner regierung, hette er sich nit
1682 1912 2801 2046 alein In verfuhrung Gricht vnd Rechts gantz
1669 2012 2828 2130 varbeyisch und vortheilig verhalten, die liebe
1663 2081 2779 2207 iustitiam und deß nebenteenschen auch nit allein
1671 2160 2845 2311 scplechtlich beobachtet, sondern denselben mit hohe
1672 2248 2739 2367 ubermeßigen und großen lußen betrengt,
1684 2314 2766 2457 extorquat und durch allerhand andere ge¬
1682 2404 2789 2558 schrindigkeiten vnd subtiliteten, vnder dem sehgn
1681 2469 2786 2629 deß Rechten vnd sonsten Zevbernemen gesucht:
1654 2529 2804 2709 dergstalten und maßen, daß ir gn geliepte
1660 2645 2787 2790 underthanen selbigen ohrts nach so vil ußgestan
1660 2703 2775 2883 vnehorten betreugnußen, den laß derselben
1653 2799 2801 2970 unertraglich befunden, dahero ursach und anlaß
1653 2884 2794 3026 genomen, soliche ihr hoch angelegenliche be¬
1667 2951 2775 3146 schworden und wrangsalen ihrer cnedigen hochen.
1653 3040 2743 3227 obrigkeit alßo ihren vatteren und beschimeren
1644 3120 2782 3289 deß algemeinen lieben Vatterlants, klagswys,
1663 3204 2767 3375 wie beschechen fur vnd anzebringen. die dan
1650 3281 2803 3452 zu gnediger handtpietung und ihrer sublenation
1653 3365 2771 3534 ehr geliepte mittraht alß die ehrerovesten hoch
2643 3495 2779 3601 und
2880 59 2981 156 121
