3024 4032
1033 -9 1284 114 1642
715 -1 1613 247 bargschafft und deßen statthalters erlenht
609 52 1499 295 hedig worden und er Guldi
582 160 1524 436 iher ic vemnt i
1513 227 1632 367 des
581 268 1484 530 vnd ihr sach in gheim Terblykh
1524 341 1620 453 I
765 534 1620 915 aud  1
761 794 1615 1047 Wlgeslag der ach et i hen
987 917 1222 1049 enburg
540 1012 1542 1239 I den 5. aprilis 1642 wegen synes
480 1133 1628 1310 begangnen f�hlers von ihr gn stattt undt la
547 1205 1613 1417 mit eydt biß uff gnad hin verwisen worden.
515 1273 1019 1435 hat zihl bey 6 tagen
721 1395 1113 1576 elchen den
544 1589 1628 1727 und habe sy sich nit alleye hiemit icht
539 1672 1626 1806 daß sechste gepotht gottes hechlich versennet
551 1756 1637 1876 sonders auch daß sibender ueßfleischlihe
543 1828 1623 1972 willen zum anderen mahl abertretten, i
547 1920 1613 2050 deme sy mit Marx Besrirt und Jesep
502 1999 1609 2142 Rychenbach von Sanen, sich in unkescher let
526 2091 1542 2236 m fleisflichen verprischung vergeßen.
498 2211 1584 2384 uff weliche ihr der Maria Jingri gefaßen,
506 2330 1584 2477 grusame vnd vebarrhertige gedanckn vn
522 2413 1587 2543 daruber ervolgete Anmerschliche vnd d
521 2489 1595 2633 vater und khristerlichen liebe zu widerste
519 2567 1584 2722 bose thaten und unküscher fhäler habente
530 2627 1593 2790 h. siht berbät und Burgen dißer freyen log
524 2724 1571 2889 statt Berg uff ihrer eidt zu recht erkent,
506 2848 926 2962 und gesprochen.
479 2906 1580 3073 daß sy dero nachrichter soller betohlen werden.
498 2950 1570 3158 hja obentß zu gewohnicher richtstete
888 3039 1530 3155 das gempt abschlachen und also
608 3101 700 3163 ihra
472 3113 1456 3221 und  aldort mit dem schwart
450 3114 1566 3336 zum todt nach bleiserlichen rechten hierichen
453 3300 657 3410 solle.
451 3333 1525 3541 Dißere ertheil ist den 23. apr 1642 an ihr
465 3477 907 3634 erstattet worden.
2164 36 2451 190 164 2
1771 130 2855 398 Lienhardt iuum Vore Veren Balme.
1682 232 1755 366 .
1803 260 2446 448 ch ed welten shet
1695 387 2895 663 Ihr ist den 77. aprilis 1672 uß befelch myhren
1722 493 2862 708 sndt oberen durch mynen kochehrenden hrn Bur
1719 564 2893 792 huren Haller luth abg an ihre abgangnen kgaatt
1671 651 2820 853 bedels sen osweyb Beter wyß des großen
1727 724 2913 947 ghatts hen Gro�weybell Lerber he Gichth
1670 849 1718 913 esen
1702 794 2864 996 buchr und etlich ihr g orüer gegewart alß
1713 857 2868 1077 in verdächtige persohn examnrert undt befragt
1701 1009 1851 1152 wrd
1697 1035 2895 1195 daerdan uff fürgehaltene frag, worumb undt us was
1708 1096 2825 1274 ursacht er habe die dreben verhaffte tryts persohn
1703 1162 2861 1359 entledigen helffen wellen, wer ihre darzu bewagt und
1687 1247 2831 1428 wie die sach sich verleffen, anders mit andt
1705 1368 2111 1483 horten wollen, dann
1667 1432 2831 1585 daß die selbige wybspersohn uß anstifftung eines ge-
1689 1528 2779 1637 kandt Halters, die mit einandren fort zu zrëchen, sich
1683 1586 2810 1726 entschloßen ußhin sollen gebracht und entlediget werden.
1683 1669 2779 1767 darzu er zwar auch helffen und mit ihren, wan sy
1688 1745 2799 1882 entlediget wurden fort ziechten wollen, hierzu habe
1683 1830 2784 1961 auch geholffen ein gewüster Gerber zu Lauppl yetz
1689 1898 2770 2034 aberwohnhafft zu Blapheye, uffwelches ende sy
1671 1995 2790 2110 mit etlichen instrumenten ein loch in die mirchen
1668 2077 2836 2169 gemacht vndt die fr dardauf vßfingebracht, die
1677 2136 2783 2242 getter zerbrachen und dardurch ußbrecheng wollen
1665 2183 2828 2308 umb die diebs insfrument, so ihme forgewisser endt in der
1665 2249 2785 2393 gefangenschafft heider ihne gefunden worden, will er
1664 2347 2824 2486 mit wüßen undt nit bekhandtlich syn, daß er dieselbigen
1651 2403 2571 2583 Ihm noch gemahlen gebrucht habe.
1639 2490 2777 2675 Ist einmahl lar 2 mahl mit dem khensten undt das
1654 2570 2763 2764 migl mit den nach großen sten uffgezogen worden.
1636 2665 2740 2884 4 Ist habnnt zwar etliche persohnen ihme
1642 2776 2778 2971 muthin bleyder und anders zugebracht
1651 2878 2832 3021 der ihren hels abkanfft und thels vereidret
1631 2911 2338 3111 anderis togh masen.
1636 3004 2881 3226 Murch hatt er vß der gfangenschafft durch den weibel
1625 3085 2917 3298 halben er habe vergeßen anzu zeigen, wie daß er mit
1621 3173 2855 3370 nachgegmlts Jacob Bube hilff im Fryburg biet etlich
1623 3210 2413 3387 rokt hab helffen untfrombden
1585 3249 2833 3566 Dißer ist den 20. aor 1693 mit verten geschen aist,
1612 3402 2657 3634 geseichnet und mit dem eydt verwisen worden.
1856 3512 2156 3618 perge fol. 81.
2944 -3 2986 41 1
