3024 4032
268 174 382 253 28.
902 220 1084 312 1641
736 285 1351 451 Derena Müller.
419 305 1521 575 Deß ußgerißnen schullmeister Bendicht Greite
387 412 1505 625 ehefrow pürtig von Wißwyl ist vor erwas tand
363 464 1515 703 Bnrchtorff nachher alhar in gfangenschafft gebracht,
379 552 1519 758 hernach uß mahl unnd oberen fenelch durch die ehren
368 606 1477 799 H Daniol Hderber uer kleinen hr Peter wyßen
396 685 1509 866 großen rahts hr samuel Lerbers großweibels
1482 764 1523 820 d
237 702 1507 935 iesen und anhoren etlicher weiblen hochermelth
237 834 371 912 11641
400 834 1533 1018 dieneren ernstwortlich zwar examiniert worden .
393 886 1522 1064 hund und laßens auch verübten handels und wandel
387 958 1534 1127 halben sonderlich aber, wie sy sich mit ihrem byermelte
346 1014 1531 1204 ihren eheman erzilet und überige deßelben khinder
368 1088 1529 1275 halten thuge, es hat aber dieselbige ungracht a sy zu
385 1157 1521 1329 anderen mahl lahr vezogen worden anders nact
375 1228 1518 1362 khenmen wöllen, wan das nach dem gesagter ir ehemen
394 1286 1519 1438 der sonst by 8 winteren zuo Ruggisperg alldaere
382 1355 1529 1519 ein sye schull gehalten und syn geehrlichet, syend sy sihn
351 1420 1516 1553 Im land bald hie bald dort umbher gezogen, der man
378 1486 1533 1630 gar selben by wra und den kinden gebliben habe sich als
385 1559 1522 1697 wyl gind, so sich Larentz namse und wyß rein zwilchnis
220 1553 379 1654 sambt
229 1623 1514 1764 onar mit kleinen fellden an ein schwartz bärtli und ein schwert
231 1680 1514 1816 brunen fruw by sich habe, welche synem fürgeben nach 500l
225 1731 350 1823 gasag
383 1755 1516 1889 bold yngneyt er aber 2 füstlig by sich trage und i
330 1820 1520 1918 vollmahlen zur Hantzcken und vilbringen zur Ziechin
346 1892 1528 2003 und den einßi der sich lümper hand nemme angenommen mit
361 1952 1514 2072 denselben umbhert geloffen, biß wylen sya widerumb
360 2009 1524 2137 trotfen, ihra allweg ein batz 10 oder 6 das sy dien khete
357 2079 1513 2205 brocht habe kauffen mögen, bedichen, sy habe zwar besere
364 2142 1515 2268 er by diser gsellschafft nit vill guts schaffen werde
309 2214 1520 2328 Wegen imme solliches sonderlich, das er sich villmal mit i
351 2278 1529 2389 mechteg ubernammen offt fürgehalten, darob aber auch
362 2342 1525 2450 mtzde alls schleg unnd sereich erholet jedoch, das er
348 2401 1514 2519 stäben umbgange nützit gründlichs gewüßt unzit6
366 2473 1518 2597 10 wuchen vor ihrer kindbehtei, welche sy in hans wyß
347 2537 1510 2668 huß zuo Bumptitz, dohin ir manzen yne gespanen s
357 2601 1517 2727 mahld kommen gehabt, dan er ihro ußert einem schaffs
333 2650 1504 2810 sy in selbiger hyn zu Bumpfitz genoßen nitmalt
336 2721 1502 2853 etwas zubracht, abe auch sy sich ußert dem darbby
319 2779 1518 2911 Rud einem müllerkarer von Hoffingen ein unehelichte
331 2849 1501 2990 erzilet, darumb aber abbüßt weder mit stölen
326 2893 1507 3048 anderen bösen stuken vertrabt, wie sy sich en wagse
293 2973 1496 3134 widerumb der banden ledig worden möge darumb
287 3013 1508 3230 Ihr diarn zäglych got den herren und selbige fleien
289 3075 1492 3290 mb verzyihung petet mit ihrer handarbeit auch d
287 3176 1478 3348 unnd ehren heerhalten gantz gsinnet und vorhohnge
259 3224 1493 3516 Ist glychsfahls zur beßerung zwrd lebend mu
276 3324 1519 3546 licher arbeit und in ir heimat gwisen worden.
275 3457 886 3659 Den 26. oatbis 1691.
2071 221 2234 318 1646
2312 289 2490 375 1x
1762 224 2537 513 Ae eslen
1588 307 2780 649 Alls disere verschinner tagen wegen etwas argweniget
1591 359 2806 746 nn an
1594 442 2796 786 hernach den 24. novembris 1641 durch hr sammel Lerber
1560 505 2801 830 Großweibel usinghr und oberen benelch ernstlich deß
1539 601 2671 919 und uberigen ured lebwesend halb befragt worden.
1572 669 2726 991 Ist sy bekantlich das sy vor etwas jahren mit einem
1589 728 2821 1042 gsellen uß tem lucermer gebiet in Hurdwyß revennete
1595 815 2791 1081 gemellden umbter gezogen, darumb ihr gnader syn im
1596 868 2777 1164 schallen werkh gezüchtiget, Sidhar aber habe sy sich mit
1574 945 2767 1234 Hnd Bertschi uß Solothuuner gebiet, verehrlichet und
1595 1036 2790 1274 mit temme den jetzund zuo sant urban diene zno Fryburg
1593 1101 2791 1345 kilchenrecht verrichtet, das zug dan anlangend habe
1590 1182 2819 1376 Ire einfrow uß murtner gebiet biß nach Bumpfig he
1589 1226 2796 1447 fragen ufgeben und dauon 4 lzg ze geben versprochen anders
1535 1312 2790 1525 Wüstehy utzit ze bekennen, bitet got und vrg umb
1557 1394 2705 1584 verzychung und erpietet sich schynbarer beßerung.
1570 1481 2795 1687 Ist auh uff ein gute sanur siberiert und zum vor
1583 1586 2798 1754 beßerung, auch ehr ihm arbeit gwisen worden,
1578 1678 2045 1800 Den 26. novembris 1641.
1764 1860 2666 2005 Vereria Brunner Von Land
1936 1962 2690 2097 Wyl Bolothumer gebiete
1594 2043 2835 2192 Demnach auch disere verschinnen Martini merits weg
1554 2109 2826 2254 wegen eines arg wenig by ira erfundenen käses gfendt
1602 2210 2814 2308 lich angnommen und uff obgesetztem tag uß mahr undt
1608 2290 2811 2395 oberen gheiß, hierüber und wa sy sollech fost bekommen
1603 2333 2790 2445 ernstlich fred gestelt worden, hat sy geandtwortet, das
1606 2393 2811 2531 ein ihre unbekante frow berürten kuß biß zum underen
1599 2461 2799 2605 thor hinob betragen geben und darfür 1 h heentrichtel
1581 2524 2808 2664 verheißen hans habe sy mit Caspar wyß einem këßler
1612 2580 2796 2754 so voretwas hyuf gestorben im Rügarscheh als ihrem
1592 2643 2797 2820 eheman gewonet und sy sidlar by einem monat sich by
1570 2694 2833 2873 ihrer schwester selbiger enden zu zogen hunpon ynher gen
1605 2783 2856 2951 nommen wormit und anderer ehrlicher arbeit sy sich noch
1589 2824 2849 3028 gallen fürhebrung anpietet und v g umb g liberaon
1589 2909 1991 3014 trungenlich pitet.
1591 2973 2824 3222 Auch dise ist den 26.novembris 1641 uff ein con
1601 3097 2821 3297 mm sich ehrlicher hanndarkeit ze begeheen und under
1606 3164 2839 3389 terffenn, ledig glaßen und ebenmeßig in Jo hey
1612 3244 2252 3386 mat gewisen worden.
2785 71 2870 188 29
