3024 4032
388 49 494 135 210.
890 143 1239 291 1644
672 242 1480 479 Barbare Bolsector
1581 342 1702 477 Jan
938 403 1377 541 heevorgemelt.
524 413 1593 696 Eß haben zwar vr gn nechtemahls in
562 569 1653 776 ablesung Barbara Hofstetter vergicht.
562 651 1666 856 vermeint und uß allen umbstend abnemen
527 714 1654 937 mögen, das sy ihr gerz nit volkommen geruut
552 810 1660 1024 und die warheit angezeigt habe, deßwegen
566 875 1571 1055 bekolchen, sy fahls sy nit schwanger
554 954 1692 1171 an das seil ze schlachn, shals sy aber schwanger
549 1035 1619 1219 ware, mit dem Dumysen wartern und
544 1144 1637 1300 examinires gelaßen, weliches gestrig thags
542 1214 1603 1375 den 1. diß in bysys eignes hochshreid
566 1298 1663 1495 h kirchen verichtet und sy wyb sich befaden
562 1374 1655 1542 das sy Schwangeri lybs Eye mit dem dingsen
557 1472 1615 1635 zimlich hart gemacteret und ernstlich
569 1559 1102 1668 exammert worden.
532 1632 1627 1771 ungeacht glychmol deßen hatt sy anders
556 1729 1655 1866 mit dan nieshevor versehen vnd bekenen
553 1806 731 1925 wollen.
510 1852 1626 2003 Insonderheit aber alß so befragt worden.
540 1957 1651 2070 wo sy mit ihrene hußraht allein harbommen
548 2022 1615 2132 sie und denselben überkommen habe hatt
522 2110 1597 2249 sy hoch betharet, daß sy denselben allen
553 2195 1625 2336 mit rechtmeßigem tital uberkommen
550 2300 699 2387 habe.
534 2336 1561 2483 der kheiner hatten haben sy kauft vnd
568 2439 1600 2575 zahlt, das wüße s hauptman Fischers
570 2518 1057 2643 frauw selbs wohl.
581 2536 1629 2729 zing blatten und das Capferbeki und
533 2632 577 2707 2
569 2679 1555 2815 die zinige fläschen, hab ihr man vor
581 2729 1634 2891 Mülhusen gebracht, und hab de h haust
569 2807 1650 2970 wars ihm die flaschen etlichmahl abfanhen
564 2890 1630 3052 wollen, also das waro seche daß sy nit etwas
562 3012 872 3148 so ghin sge.
519 3040 1615 3208 Vmb allen vbrig ihre haßraht wolle, sy auch
559 3158 1261 3286 guten bscheid geben konnen.
514 3230 1607 3396 andere unthaten und diebställ ueßert den
516 3288 1612 3494 gebruch ir h rycheners guß) könne sy nit
518 3361 1551 3549 bekennen, sye ihre aber von herzen leyd
509 3392 1661 3632 pette vmb grad vnd Erlaßung, mit Erpietung
507 3526 1605 3704 sich ins künftig erlich und redlich mit ihren
505 3640 997 3767 kidern zu erhalten.
472 3681 1649 3880 Ist mit einer starken cancior ledig geleßen
486 3765 1400 3924 und uff freyen fuß gestelt worden.
2132 226 2441 371 1644.
1728 363 1802 449 1
1850 313 2755 521 lseter Stollers vnd Verenar
1897 446 2827 594 Im beng Trmmipalscher process.
1743 557 2959 742 heßte vor Ehwas abgeloffener zeit mgnge
1771 663 2965 828 hashend hern den sherrichtern ein gewüßer
1780 749 2888 917 buf ohne underschrifft uff daß shorhnß
1798 837 2949 1004 geschleift und ubeelferet worden, in welchem
1779 924 2925 1069 vermeldet war, wie daß Barttome Rubi
1790 1011 2929 1143 der statthalter im Grindellwald vfrenan
1783 1089 2945 1245 Ier seng syn dienstmagt vor ohegfar zweyen
1776 1187 2926 1327 jehrer, nachts iu ihrer beschloßenen same
1774 1261 2923 1395 hammer, gwaltthätiger wyß sye kommen
1792 1350 2936 1486 tzuzweng und umb ihr jungfrauwsch afft
1798 1426 2893 1561 nit gwalt und violens gebringen, haben
1776 1498 2901 1639 gemelte myne hochen herrn schuldiger ampts
1773 1589 2929 1724 gluicht halben nit für konmen, den daß sy einer
1783 1675 2929 1816 solicher besen, schandtlich vnd Gottes deß
1884 1746 1984 1812 gort
1779 1750 2977 1890 hern und aller christlichen ordnung zuwider
1777 1834 2928 1974 lanfeden sundt, alleß ernstlychen yffers nach.
1780 1936 2987 2041 seben und die fhalhaffte persohnen darumb
1780 1989 2935 2135 zur Straf halten kommndt, deßwegen nachdem
1746 2077 2944 2233 sy sich draben vor den he predicanten Ir
1773 2160 2897 2295 geheun, beschaffenheit der sachen berichtett
1786 2248 2959 2381 und ihrer der parteres bäbens und wandels
1794 2333 2924 2467 salben verstendiget worden, haben sy die hern
1791 2409 2937 2533 hreichter nit allein ihnen Rubi, sondern auch
1791 2493 2947 2626 sater Stoller alß bystand ermelte Verenar
1788 2581 2912 2721 Iezeng deßweger alhero bescheiden,
1779 2661 2918 2780 vnd sy alle den, mit beteourung der
1779 2741 2957 2895 exaninst und befragt, Da dan
1766 2806 2920 2967 Ermelte Verepa Ihme Seng vff ihrer vor¬
1758 2930 2987 3107 gehenden vor shorgricht gethagen arklegt gentzlich
1766 3018 2949 3196 verlliben und daruf zu laben und sterben hoch
1771 3098 2944 3264 bethwrät. Dargegen aber auch gemelten Rubi
1759 3171 2971 3385 von gney furschuldigung nit stechen mollen.
1783 3282 2936 3424 anderen hoch und ihm bezüget, das ihme hierin
1770 3373 2988 3568 groß gewolt und uusrecht beschechen sye, in
1771 3462 2979 3656 dem ser bewysen und wahrnrachen wolle, daß
1780 3513 2960 3734 hetes stelle ihr bystand, ein gar ergerlich und
1769 3616 2987 3822 beschafft leben mit ihra verebt und ihne ir
1775 3688 3002 3947 ufgelegenheit zebring, wol sanbeid mit einandern
1755 3783 2428 3962 sich undererdt habent.
2628 3905 2789 4005 Verte
