3024 4032
319 113 383 187 1
465 102 574 189 106.
1042 208 1384 385 1644.
636 323 1718 570 Do aber hatt nach langem und ernstlich
1663 394 1803 530 Insit
639 382 1720 642 anmahnen und trofeung der marter Aket
630 442 1729 739 daß in obgesagter Stoller vor und ehrs
639 561 1710 774 sich mit gemeltem statthalter Rubi ir dn
655 627 1708 860 küscher aten vertraft, by ihre beohnnng
635 731 1732 920 ghan habe, zwar habe er ihro die ehevi
660 801 1718 997 sprochen und sy nit anders gemeint, des
648 885 1719 1070 daß er ihr ehefan sye, in solicher meinen
670 935 1735 1125 seyern wohl zwen mohnat zuvor, ehe daß den
658 1005 1732 1210 statthalter mit ihra zethun ghan, zu ihro
668 1095 1739 1285 komen, und ihra in fleischlicher gemei
663 1210 1717 1347 schafft gewoßen, alß war sy sweie er ihro
655 1271 1578 1417 versprochen) syn ehewyb gsen ware.
626 1338 1710 1514 daß sy aber eemelten statthalter Rebi
642 1449 1711 1595 deß Nohtzwangs vnd Violation ihrer
629 1529 1735 1660 jungframeschafft angeklagt, sye ihro leyd
642 1608 1490 1759 habe sich leider nit beser bedacht
629 1714 1725 1831 Sye aber zum theil darzu (wie sy erst
645 1795 1724 1913 Imo hineßgahn by der thuren bekent) von
651 1871 1700 1991 ihme Steller darzu angewisen worden,
633 1931 1725 2067 sy solle ihne deßen beklagen und nit ablaßen
663 2025 1735 2153 sonder bestendig syn, biß daß sy seche, daß
669 2112 1738 2228 es ihro etwan gar vbell gahr solte, als
662 2184 1373 2339 dar solle sy ihr entschlachen.
641 2262 1706 2421 Bätten allersyts ihrer begangnen fhalen
668 2343 1704 2502 halben Gott vnd ihr Gnedige Obigtfe
667 2439 1478 2592 viel gnad und verzyhung.
635 2629 1714 2795 Bartlome Sanbi der statthalter, hott
663 2725 1700 2912 für den aünfaltigen fhäler de khorheß
680 2786 1732 3001 abgebüest, wyle er aber deß nohtzweegs
662 2838 1743 3060 halben unschuldig, ist er mit abtrag kostent
671 2977 1320 3136 ledig erkent worden.
2140 181 2431 331 1694.
1841 273 2774 620 nd enden Vone
2102 366 2819 613 vneg zebargenelt
1781 483 2988 810 lachdem rzn. dißer zweyen ppersohnen
1796 586 2934 880 vergiht und bekantnuß neben statthalter
1804 656 2948 937 Rebis Entschuldigung deß verinfen Noht-
1799 769 2967 1056 zeangt halben, gestrigen thags fürgetragen.
1806 853 2933 1097 und abgelesen worden, haben zwar u sy ver
1816 921 3000 1198 inde, daß sy den geklagten nohtzmang wider
1809 1041 2892 1266 rufft und bekent hatt ihme Rubi diß
1810 1144 2938 1344 hals vnrecht gethan zah vnd ihne allei
1812 1240 2930 1415 uß uffreysung und anstifftung kmelts
1822 1331 2942 1516 vollers falschlich angeklagt ze haben, Wyl
1821 1430 2982 1600 in hochfemrelt sg daruß schließen mögen.
1814 1512 2889 1671 daß noch etwas wyters hinder der sach
1825 1597 2941 1778 echen mochte und die warheit noch nit
1816 1697 2946 1852 in thäg gebracht worden syhe, sonderlich
1815 1783 2932 1920 wol er Stoller dißer andrsungen halben
2480 1869 2512 1921 a
1815 1884 3003 2015 nach nüt befragt worden. deßweg bewohlen
1817 1957 3027 2104 s nochmahls beide mit scherpfe der Varter
1830 2056 2898 2184 zu kunder bekantnuß der warheit
1840 2129 2962 2283 gehalten, weliches dan mitwuchens den
1845 2222 2971 2366 a diß dorch mynen hochgeherten zr alt
1836 2321 2960 2433 Buehern Haller vom kleinen h here
1851 2396 3015 2534 mamn Grnner vom großen Rhat, Ire bysen
1864 2478 2997 2633 s Großweibell Sumers vnd etlichen Erg
1860 2569 2972 2714 dienern der weiblen, abermahl Verrich
1853 2637 2083 2743 ket worden.
1833 2710 2992 2918 Und ist zwar anfangs Ietwedire Persohn
1850 2849 2906 2993 absonderlich nachwahl alleß ernsts zu
1835 2907 2976 3091 entekung der warheit vermant worden.
1840 2996 2958 3133 da ist sy die Berena Ine Seng zwar Nach¬
1850 3103 2981 3250 mahl by ihrer vorgehede meinung verbliben
1836 3157 2918 3302 der statthalter habe sich zwar mit ihro
1848 3230 2976 3386 In unkuskheit vertrapt, daß er sy aber
1857 3322 3003 3475 nohtzwengt, gescheche ihro vnrecht, sye ihro
1850 3395 2981 3558 leyd und habe soliches allemn uß Stollers
1862 3474 2988 3625 und meinants anderen anstifftnug gethag
2775 3606 2952 3731 Wyl
2952 21 3026 102 10
