3024 4032
361 87 395 167 1
507 71 624 181 202
1120 210 1404 351 1644
885 280 1721 546 antones Rae Suesees
884 420 1558 580 Im Grindelwall.
902 488 1592 696 Verena Im Sing. Vnd
892 616 1715 831 Peter Stohler vor Bohningen
953 711 1632 908 sonst genant Jaggeler
639 785 1743 1072 Ole ich dem Viter Gn: der khorgrichtliche
670 922 1717 1119 bericht, deß vermeinten nohbzerangs
663 993 1758 1228 deßen Berena Im Seng, Bartlome Rebi
676 1092 1772 1273 den Statthalter im Grindelwald an ihre
694 1171 1749 1356 mit protation ihrer jungfrauwschafft gwalt
681 1270 1767 1438 hätiger weyß begangen zehalen, angeklagt,
668 1343 1735 1500 durch mene hochEhrende her die Goerichter
676 1414 1740 1622 uberschikt worden und s gn. daruß fesechen
667 1519 1734 1673 daß sy ganz widerwertiger meinung und
671 1607 1745 1760 einandern der klag und antwort by apten
673 1694 1744 1839 nit gestendig syen, alß haben deßwegn ge
688 1791 1746 1919 nohtwendig syn erachtet, sy noch verners
678 1862 1741 2001 mit mehrerem Ernst zu bekantnes der
692 1945 1736 2077 warheit zubringen und by betroüwung der
688 2027 1739 2126 Marter examinires ze laßen, selbigen betelch
697 2108 1726 2235 hiemit an eynen hochfhreiden h glt Burger
693 2189 1702 2297 Haller abgahn laßen, der dan denselbigen
702 2266 1710 2383 der 15 diß in bysyn hern Anman Belter
709 2353 1704 2454 erstattet und eestlich sy die gedachte vo
705 2420 1705 2543 rena seng, alleß eensts die warheit zu
705 2494 1725 2622 offentaren ermant ungeacht aber scharpfe
701 2583 1713 2715 zusprechens hatt sy vor ihrer vorgeheden,
697 2620 1735 2807 vor ehorgricht wider ihne statthalte rebe
691 2732 1709 2901 geführten klegt nit stehen wollen, sonderen
670 2797 1715 2968 nochmahls daruf beharret, daß er sy in
673 2853 1734 3060 Ihrem Rnebett, by beschloßner, so er geofet
695 2935 1719 3128 sye kommen ubergweltigen und umb ihr gney
676 3023 1720 3230 frauschafft zebring, wie sy sich dan wytloufige
667 3106 1703 3298 und uebstendtlicher vor chorgricht eelüderet,
672 3158 1718 3365 darby sy es gentzlich wolle verblyben lasen
679 3259 1571 3440 geb wie es den weyters gahn solte.
663 3334 1705 3551 Und alßo sy daruf gefragt worden, wan sy als
647 3433 1703 3640 unschuldig sye, worumb sy den ußgerißen ge
651 3481 1717 3729 und nit erwartet habe, biß ihre sach ein usgang
1644 3610 1726 3696 de
646 3552 1719 3818 genemen. hatt sy geantwortet. Es hab Eine
1706 370 1795 510 Ien
2219 179 2513 335 1644
1953 210 3009 534 eehen gere en
1801 399 1887 515 .
1859 309 2993 612 eie beief an ihren landtschrybet zu Interlackh
1840 438 1952 558 der
1860 400 2947 681 zebeesorten geben, wylen sy aber keine anderer
1869 460 3005 735 eetschafft nit ghan und auch by sich selbs be
1846 545 3000 841 fude, das sy nit gelts genüg mehr by sich haben,
1856 641 3027 879 alß hab nit, sy by sich selbst die rechnung gemachetn
1852 732 2943 961 s w�llen selbst obsich reisen, mehr gelt holen
1863 789 3015 1014 den brief selbs versorgen vnd widerumb hieab
1864 856 3023 1072 keinen, der Meinung zygen sy nun verreiset
1864 974 2978 1152 und uß keiner anderen ursach nit, vil
1865 1059 2930 1216 feniger uß sorg oder bößer gewüßee
1869 1108 2995 1319 dan sy auch freyens willens fer sich selbst
1860 1227 2997 1375 widermab hwab kommen und sich gestelt, den
1871 1298 2624 1479 ghgang ihrer sach zubewarten.
1843 1386 2899 1563 dm Beinden brief belangendt, habe sy
1866 1486 3005 1632 iemahl gewust war derselbigen gescheiben
1861 1581 2999 1711 biß uff der gestrigen thag. Da habe seter
1849 1645 3006 1773 Stoller ihro gesagt, daß seter Buman den
1864 1730 3005 1864 selbiger geschriben, ob ihme Jemants denselben
1853 1812 2983 1921 angeben, wüße, sy nit, dermeine aber, alß
1845 1886 2992 2005 sy die sach deß statthalters mutter erzehlt
1858 1969 2957 2101 Er möchte damahl gelost und von der sach
1861 2053 2153 2153 gehört haben.
1792 2144 2960 2289 Daß sy aber um verdacht sye mit steter
1854 2221 2983 2375 Stoller ein kegerlich läben, verzbt ze haben
1844 2294 2954 2427 s sye im Grindelwald oder in Wallist
1851 2374 2973 2511 da sye nit minder den daß er und erschiden
1834 2442 2994 2597 ich in ihra konmen und sy der ehe angesprochen
1840 2496 2984 2686 s y ihne auch zugesagt, daß sye aber erst
1838 2600 2614 2724 nah dißer gwalthatt geschechn
1834 2653 2943 2849 Bieruf nun ist gedachter Steter Staller
1839 2784 2961 2927 auch verhört und die warheit anzuzeigen
1832 2822 2978 3008 gerahet worden, der sagt nun, er sye suem
1844 2917 2959 3062 schnyderhandtwerk nachgezogen, und wyl er
1839 3004 2970 3136 da hermeb kein herberg gehapt, sye er mitthin
1825 3052 2997 3245 in ihren huß gelegen, da habe man ihn neben
1839 3158 2947 3282 anderen gesteh in daß gemach gelegt, wo sy
1820 3225 2930 3361 gelegen, da sye nit minder der daß er
1825 3285 2992 3433 zu ihre zun bett gangen vnd mit ihra geredt
1824 3353 2961 3507 Sy habe aber glych gefragt ir waß memung
1826 3426 3018 3606 er zu ihra komme, habe er geantwortet, in ehren
1842 3479 2932 3621 und begerte ihra zur ehe, ob sy nit wolte
1829 3570 2925 3712 sn ehewyb hins hab sy grantwortet. ja
2813 3692 2943 3764 Da
