3024 4032
208 3444 318 3571 4.
299 1955 368 2040 3.
938 49 1207 183 1642
481 142 1505 463 ag gehe eh ag aben
484 253 1468 499 daß er den eydt, so er zum gricht gethan
1493 368 1589 471 woll
492 323 1502 616 sechen und hiemeit meyneydig worden sye
1485 447 1587 538 aber
489 379 1561 665 zwar erschinen und sich entschuldigen wöllen, alß
1514 525 1567 603 r
474 503 1580 772 da wohl gewüst, daß er ohne erhabliche zesach
478 556 1575 818 Niemahll von gricht ußgeblichen besonders
488 653 1567 891 aber deß finten mahls, da ihme vom richter
467 746 1587 971 gepotten worden, syge er am Gestade von Freb
467 817 1556 1044 lachten von Oesch, da er ehererhalben nit vor
459 896 1576 1130 ihnen kommen können, uber synen willen uff
453 1010 1560 1191 gehalten worden, weyli ihme aber mit trölen
464 1072 1590 1276 und rechtiger nit wohl und er von anderliche
464 1147 1587 1361 mit ihme baldin, wan er nit in großere e
445 1254 1567 1445 gelegenheit keunen wolle, abzeschaffen ermahnt
449 1336 1574 1537 worden, habe er ihme von dißer sachwegen und
432 1419 1566 1590 daß er im Wytenberg, etwas fenig, so nit
448 1503 1566 1685 verpotten, sondern gemein gsien geschwente
428 1572 1534 1763 Eüchundert fronen und zechenthalbe das
465 1685 1168 1836 conen entrichten müeßen.
453 1837 1496 2026 Verners alß Anna Rychenbach by ihremm
436 1951 1566 2094 Vetteren weyn holen wöllen, vnd der Niemann
424 2017 1536 2177 daheim gsin, sy aber deß neges bedürftig
440 2127 1541 2270 gsin und ohngferd die kellerthur offen gefanen
442 2201 1569 2357 hab sy sein oder iwo maß ußgemeßen
430 2300 1528 2422 heurgetragen und mornerist kommen, item
423 2377 1513 2509 vattern selbiges anzeigk und der weys zahlt,
436 2455 1527 2595 also daß ser wohl zefriden gsin, habe doch ke
413 2555 1512 2702 sy rechtlich fürgendmmen und mit vil ctire
413 2645 1510 2785 vnd Trounen Ir solicher schrecken gebracht
401 2709 1495 2870 daß ihr vatter ihme von deßenwegen send
377 2774 1521 2958 daß er synem tochterman ein halb Rinders a
399 2904 1518 3049 vff hn beilen gehauwen, ihme aber selbs abge¬
375 2948 1502 3106 beylet und damit eben so wenig verfahlt
399 3002 1539 3200 zehaben vermeint, alß die da beidersyts desel
396 3130 1498 3288 wohl zefrden gsie) geschwohl zweyhundert
369 3190 1498 3381 kronen und sir dublonen bezahlen, muese
383 3316 1516 3502 Daniethin habe er under dem schye under
403 3397 1528 3604 schidenlicher bußen, Peter rußin in Louring
392 3471 1503 3677 obwohl er derselbigen nit gestendig hyn wollen
1313 3568 1464 3676 zwar
1598 2515 1628 2571 9.
1616 1140 1667 1215 5.
2092 167 2354 293 1642.
1591 285 1752 404 Jember.
1690 216 2883 515 Zaor enfangs funhundert fronen abgeforde
1696 321 2889 560 geit, dgry Marit Kobli aber syn reßis vogt
1708 385 2866 633 sich geführen laßen, daß er ihme 350 l entlich
1694 473 2879 690 Ungeacht der hr Predicant ihme undermants
1707 563 2822 782 verhalten, daß es wider recht und billichkein
1718 615 2935 868 sy und er selbs bekennen müßen, daß es zu veil
1718 710 2879 920 se, in dem er anfangs nit mehr alß einhen
1702 811 2848 1001 dert fron gharschen abgenomen und in
1712 933 2264 1071 sner handen bezag.
1716 1016 2890 1196 Wyters habe er deris wursten im Grnedt
1717 1130 2819 1301 unschuldiger wyß angeklagt, er habe ihme
1723 1221 2848 1357 dra hones genommen, er aber soliches mit
1715 1304 2816 1467 glauten wollen, sondern gesagt wer soliches
1688 1378 2844 1520 frede, der rede die unwarheit, als daß vog
1706 1471 2853 1604 dißer worten und klegt wegen er Baldi nach
1707 1552 2873 1693 herter an ihn gesetzt und er uff der grichtseßen
1689 1642 2851 1781 Ganmahnung sich ir frent
1684 1718 2833 1872 liche verglychung gegeleßen und deßwegen
1681 1799 2853 1962 alß auch, daß alß er am rechten einen, so
1678 1892 2875 2034 ihme ein rudersweydt zugeteschet, zu haltung
1675 1966 2855 2126 deß kuschstryben wöllen und ihme aber daß
1685 2047 2791 2193 wort durch synen versprechen, latz und also
1681 2117 2809 2240 dargethan worden. Der ander habe ihm daß
1677 2213 2842 2355 hönige vertuschetn, ihne Haldi uff versproche
1693 2284 2835 2463 ee aber nit gehaltene eherberarnuß, ein
1682 2372 2561 2514 hundert keonen Erleggen vüesen.
1683 2475 2776 2655 Item Jacob Walkern, so wegen etwas vi
1670 2587 2789 2772 Aryenberg entstandener vnrichtigkeit, Ei
1667 2673 2781 2859 halb Rindersreydt yegeschoßen und daß er
1670 2742 2810 2934 söliches von keines Thälers wegen gethan, sondern
1656 2802 2813 3019 zu erhaltung fridts und guter einigkeit gee
1657 2904 2743 3105 meinen bergsgmnosen seerehret voe ihnen
1621 2982 2826 3176 deßwegen schrifftlichen schyn und zugnuß erlanget
1647 3078 2730 3262 habe doch ungeacht deßen er Baldi so baider
1635 3149 2785 3335 hans ampt gelanget, ihme hynen brieff von hand
1633 3254 2763 3411 genomen vnd nach vilfaltigem trouwen vnd
1626 3329 2771 3520 gegesagtem schrecken, ihne alß ein alten man
1642 3390 2754 3556 so sich deß trölens nit underfachen wöllen, dahin
1648 3482 2833 3651 gebracht, daß er ihme deßwegen dryßig Spainisch
1628 3537 2323 3686 Dublonen entrichten müesen.
2514 3651 2752 3775 Verners
2930 88 3032 155 125
