3024 4032
261 28 387 147 114.
310 1655 393 1733 Nonh
287 1722 394 1840 gen
759 80 1093 221 1642.
405 106 1530 425 befunden worden, haben zwar wohlehrmeltes
424 278 1506 488 heren examin aorer hochnohtwendig befunden
432 349 1512 564 sy dißers und anderer artinten halben, nach
445 452 1527 645 genamper und mit fortsezung der mortse
441 549 1529 721 examinali ze laßen, wyln sy aber die marter
446 636 1517 807 nit uberwiden und ihro albereit daran fhr
453 730 1539 899 nechtig worden, Sy auch hernach sich feliter
448 811 1514 997 daß wan een derig der helffer zzu schee
457 896 1533 1063 mit sampt den drichtschryber fauen geden
458 995 1531 1147 wolle sy alleß, waß ihre nach versers In
452 1063 1530 1224 waßen, syn möchte entdeckh und solterberen
456 1167 1519 1314 alß haben der h exemnatores sich damahl
455 1254 1544 1413 ihreß entschlußes ehesettiget und verhoffet
438 1343 1538 1506 ghatn, sy alßan ihr gemat und heden
442 1456 1534 1600 und die warheit an thag geben werde, w
454 1529 1540 1679 der uff, solich fudt hrergemelter h gor
454 1622 1556 1756 sich zu ihre begeben und sy deß gottesge
431 1713 1552 1840 und anderen grunden, zu bekantnuß der
439 1802 1540 1949 heit ermahnt und sy glychwahl ungrachte
455 1893 1542 2061 solicher wareuag, bire weüigisten nat o
439 1976 1537 2128 zeig wöllen undt doch gnugsim uß ihre
448 2072 1532 2229 schraymüntigkät abzeneeen gsin, da sy ihre
429 2168 1552 2324 hers nit tockauren gerint, alß hab da
438 2257 1549 2420 ist sy daraff frytags den 29. diß abemehl
419 2351 1539 2514 ihn bysyn wohl ehrengedachts e Steälers un
442 2411 1553 2570 kleinen h Jacob Garbers vom grosen rhiten
429 2494 1538 2689 H. Sampel Beeber Großweibelß und etliche
429 2598 1558 2788 anden weblen, examnirt und zweynehl
431 2679 1537 2888 lahr uffzegen worden, da sy doch anders
442 2755 1541 2990 alß waß sy hievor bekent, gethan ze haben
420 2914 1144 3073 mit der marter Erhalth.
398 2995 1562 3231 uff weliche ihr der gemelten Katri Kolmer vnd
427 3073 1537 3319 faltige diebstchahl und andere geküsche thate
420 3140 1543 3389 und misthandlung haben hochgemelt my z
1426 3287 1542 3438 E
420 3255 1515 3531 oberen h sch shärt und Burger uff ihre
1984 132 2311 283 1642
1600 176 2631 436 Rydt zu recht erkent und gesprochen
1546 286 1652 394 s
1637 243 2798 570 aß sy dem nachrichter helle bekohleg werden, der
1636 364 2775 643 ja abentß f gewohnliche rtichtstant führen,
1600 425 2766 699 Ihra aldort ihr seuftbsphlachen und also mit
1631 499 2781 756 dem schreet von leben zum todtmachn keyer
1608 656 2316 860 hihen rlechten hierichten solle.
1616 715 2690 993 uff nochmahl verhoffende beßerung haben
1643 839 2795 1071 Mer sa s shät und Burger dißer wybsper
1643 900 2736 1127 sehn, daß laben geschenckt und von ihrer
1640 997 2802 1201 schwemütigkeit wegen einfeltig ohne andere
1642 1083 2734 1291 traff mit dem eydt und enem schryben
1633 1163 2742 1343 an die ehrborkeit uff sy geflißenlich
1632 1245 2749 1417 zeachten, Har Attißwyl in ihr Heinrat
1646 1334 2545 1490 gweisen worden den 8. aug 1642.
1774 1599 2759 1800 Joseph Aleinan und Magda
2043 1716 2699 1845 lina Predi von Besch.
1640 1830 2820 1966 achdem s de von mynen hochshrend en krien
1660 1922 2878 2061 den eherrichtern, die zwüschen Joseph Alleman
1669 2012 2867 2139 und Magdalena Brede von Sesch entstande.
1668 2092 2803 2220 ne ehorgrichtliche procedur uberschikt worden.
1679 2154 2822 2316 und hochgemelt ur gn gesechen, daß eintwe
1662 2266 2820 2397 dere dißer partyen, so widerwertigen und
1679 2338 2748 2489 contradierlihen fergebens glychwohl sindt
2547 2423 2789 2491 ie warheit.
1671 2416 2789 2572 hartneckiger und einthöniger wyß verschlachen
1683 2516 2831 2680 und undertracen und namlichen sy mag
1672 2599 2812 2743 dalena Bredo by ihrem Endt bestätigen will,
1656 2665 2802 2838 daß er alleman ihra nit allem die ehe veren
1664 2766 2794 2908 sprochen, sondern auch eheliche bywohnung zum
1653 2858 2795 2989 anderen mahl by ihre gehaht, dahero sy ge
1644 2908 2881 3086 hwangeret worden und eines kidts so ihme gehöre,
1642 3018 2723 3158 geuehen he. Dargegen aber er Allemar
1647 3096 2787 3256 ebenmeßig durch prastation deß Eidts daß
1664 3158 2801 3326 iderhil sich zu erhalten erbütet Alß haben
1659 3255 2825 3398 Na hierüber nochtgendig syn befuden, daß
1636 3326 2766 3480 Ermelte beide partzen, s betrouwung
2635 3471 2755 3567 der
2812 52 2926 154 115.
