3024 4032
391 -3 519 73 138.
891 76 1149 238 1644
769 283 1611 557 v tlin Ver lgng
1041 429 1205 562 Vnd
765 464 1534 695 Balenes Rebo uß den
934 614 1278 763 Sudsang
516 822 1653 1036 Sisere beide persohnen vnd absonderlich,
534 904 1589 1111 Jedeß deß Krieter huresefhalers halben
545 1023 1669 1194 beklagt, bekentlich gemacht und die dambe
544 1141 1651 1314 verdiente strall leßzestehen zu Myuer sy hrn
561 1221 1693 1370 und obern erkentnuß heimbegest worden, de
556 1316 1670 1483 dan erkent, das sy beiderschts mit dem
547 1408 1664 1585 ydt von ir y soprt und lindt verrisen
555 1544 1673 1662 werden sollent, so auch an ihnen erstattet
552 1613 1483 1794 worden den 19 junii 1644
760 1871 1624 2066 Agria 6antuseyer.
955 2016 1557 2136 von farrhangen.
532 2118 1709 2291 Neichder Maria Bartmeyer von Haerung
758 2246 872 2316 arsch.
573 2241 1644 2383 Ein Megel von ohngefahr 18 Jahren vor
583 2295 1710 2462 einem Jahr, von diebsthahlen wegen, by de
578 2347 1712 2567 BapytMäli durch die provosen ergreffen und
593 2454 1743 2656 gegenklich alhero gebracht worden, ist es domahl
601 2548 1693 2733 aller Noturfft nach examinirt, vnd vbeiger
612 2612 1719 2838 anthaten und diebstahlen halben befragt worden,
619 2682 1725 2905 da es dan bekent, das es alhie hern Vinwenh
608 2744 1754 3037 Spating vnd dem hosenlißeer an der Brun¬
594 2873 1711 3127 gasen vnderschidenliche sachen, auch dem herr
604 2926 1754 3178 von Bumplis, zwen Stock, ein Rohtwulsenli
611 3020 1729 3282 vnd ein Silbernen gertel, so aber widergeben
615 3107 1739 3359 worden) entfrombdet, dateo es zu thue, in
616 3153 1778 3447 e de hensen
1702 3388 1764 3465 ali
629 3442 1734 3738 Anreohenenhabe, ist es nachmahlt den 8
664 3492 1758 3795 1693 mit ruhten ußgeschesengt und mit dem
668 3504 1805 3878 einemo
683 3639 1631 3894 verners und wegters nit bekennen wollen etc.
1588 263 1725 435 Jup
2133 184 2431 299 1644
1749 242 2899 464 lydt i fr gn statt und land twwisen
1746 333 2910 516 wworden, denselbigen hnen Eyd aber hatte
1764 409 2893 574 er beyder nit anderst bestrachtet, den daß es
1768 464 2906 657 Ißt kinfalt und unerkantnuß waß der lydt
1770 571 2894 728 uff sich tragt) denselben abermahl ubersechen
1771 630 2944 800 vnd Im land hin vnd wider gedient, hernach
1762 702 2970 869 einer gewäßen Mans persohn die sich liechert
1774 791 2914 934 Namse und zu bbeeburg gedienet habe, die
1774 874 2855 1053 er versprochen, wegen derselbig aber inem
1760 939 2929 1087 Manracht nach gezogen und nit widerkommen
1775 1036 2961 1157 seye es auch also, wol es kein dienst gesol
1761 1108 2881 1278 Im land welhes Jagl und dienst gesacht
1777 1156 2981 1319 hetlich aber widerumb alhero nach wen komen
1784 1272 2960 1424 und ußmangell labensmittlen, wyl es kein
1778 1362 2946 1498 dis finden konnen, In diser bößen willen
1774 1456 2941 1597 gerahten, aß es abermahl deno gedachten
1763 1526 2991 1671 sosenlißmer an der Beunagasen underschiden.
1767 1616 2970 1768 auhe kleider, hußraht und andere sachen ent-
1778 1702 2905 1847 zgueldet, und selbige fortfloiken wollen
1782 1787 2941 1927 wol es aber am stalden darob ergriffen
1788 1883 2974 2031 und in gefangenschafft gesezt worden. Ist
1778 1973 3029 2120 es damahls aler Noturfft nach so mohl mötlich
1788 2071 2936 2216 obpenlich exammirt worden, da es dan
1778 2150 2930 2299 bige Ine begangene diebstahl freywillig
1785 2255 2940 2417 vnd vnnd bekent, vnd terners nit begangen
1811 2339 2912 2487 aben mit der marter erhalten, wegen abes
1794 2411 2923 2583 sey besorget ghan, deß nach vernere unthaten
1794 2493 2959 2679 heider ihm stalken mochten vnd es aber damahl
1789 2604 2917 2792 zugeben schwangern lybs zu sye, alß haben
1809 2690 3011 2904 erkent, daß es durch die Bebamen besichtiget
1790 2802 2908 2982 wenden solle, ob den also seye oder nit, vnd nun
1798 2891 2956 3091 selige bericht gegeben, ds alles anfechen darzu
1802 2970 2937 3181 er, aß solle es einmahl Ins Schallenwerk
1805 3049 2974 3315 geschendet werden, nachdem es sich antzwüschen.
1813 3133 2945 3383 salten und fragen werde, werd nit hochbemelt
1814 3188 3023 3495 ntehlent, derlse
1834 3286 2974 3610 beforscheg oder aber es ledig zu laßen. Wyls
1840 3389 2981 3672 in ihren ein gute zaht angestanden und sich nun
1835 3442 2982 3783 eegn gee tehten
2803 3738 2945 3882 e
2956 76 3006 143 2.
