3024 4032
208 118 323 200 34
835 164 1102 297 1641
396 200 1488 502 und etwas silbers obwohlen er wir serrach
1435 364 1594 462 p.
408 338 1476 552 ehören nit selbs daby, sondern damahls ab
415 414 1484 666 dem reistgelt zu Interlacten gsin) zu
409 518 785 653 theil worden.
385 620 1501 851 Im goobt zu Stein habe er mit vilange
399 731 1501 933 regter hilff mit einem schrottmeistelle
401 821 1476 1000 einen keller vffgebrochen, vnd Iß der¬
404 885 1479 1072 selbigen etwas Anken vnd korns ent¬
412 997 874 1143 strager helffen.
387 1144 1504 1336 zu Baßli by Riggiperg mit glycherha
408 1282 1484 1412 auch einen Spycher mit einem genen stab
416 1349 1463 1491 owornen kein gin, uffgebrochen und
400 1423 1490 1574 daruß ein großen bacher schwymer und
406 1529 1482 1670 ein reinen Rindtfleisch entzuckt und den
412 1628 1478 1760 bacher wyl der thag gebrochere, In einem
402 1698 1445 1839 Zun versteckt, herwacher aber abgeholt
394 1793 809 1915 und verkaufft.
1004 1961 1116 2023 vier
355 1946 1477 2094 derners habe er mit hilff anhrer syner ge
351 2054 1442 2163 sponen, de der einte von Hilterfingen ist synes
329 2148 1426 2250 Namens Peter sonst aber Haseler genandt lti
358 2211 1447 2324 Eschantzen so sich anHabberen ynducht vnd zweyer
356 2283 1463 2406 andr vor ohngefahr 1 tagen mit etlichen jestra
358 2351 1456 2487 menten, so by zu underseiren uß der sagi und
343 2440 1478 2551 M�li genommen, nachts umb eilff uhren über das
334 2508 1463 2638 das gwelb, wo das reyfgelt zu Interlacken ge
336 2587 1473 2717 legen, oben hin yn gebrochen, vndt die Steinen vffge¬
346 2666 1428 2791 wogen undt das gelt heruß genommen, selbiges
335 2737 1456 2882 haufflinßwys in funff theil getheilt, Da dem
351 2800 1469 2965 yne gespanen mit ihrentheilen sich alßo balt
674 2904 852 2970 enach
342 2893 1443 3031 nacher Brientzsen wolen sich über den brüng inß
333 2958 1437 3094 Underwaldner landt zu begeben. Er aber habe synen
315 3048 1442 3216 theil uff den undersewer veld nechst bey einen
337 3118 1447 3277 au�baum under drey steinen, so er uffgehaben,
309 3180 1465 3360 begraben, dan er besorget, man dem gelt nach forschen
324 3303 1163 3433 undt es bey ihne finden möchte
283 3337 1470 3563 So sich doch nit befundetn, dan er syn g hoche oberkheit in
297 3404 1477 3650 gespotet, selbige in lösten undt die so darmit beschäfftn
303 3508 1453 3716 gi in gro�e unglegenzeit gebracht, undt entlich an
307 3568 1454 3808 geigt, er habe das gält syner erbn geben, wo sy mit
293 3701 1019 3917 getheren see eisterent
318 3745 1389 3987 4 obglychwahl man ihne gewarsimlich uff den
535 3893 1009 4017 selbst fh�ren laßen.
2069 154 2269 283 1641.
1575 132 2787 510 in delien
1578 265 2721 590 junchen manß von ohngefahr 20 jahren mit einem
1571 322 2780 650 thenen satzbartli in schwartze hußeuchmen kleideren
1575 381 2780 721 habeer in adelboben gleichfahlß umb mitnacht
1557 453 2747 767 ber daß daselbst gelegne geysigelt brachten helffen,
1550 531 2785 862 Da sy mit einem Biel Benthacken Bitell und
1575 675 2718 919 Banwesan den Eiken des Gewelbß vffgebrochen,
1582 720 2767 984 undt uß der darn geweßen histen, das Reyschalt
1582 814 2745 1060 hiaußgenommen vndt mit einandren getheilt,
1544 911 2774 1143 Da dan ihme für synen antheil bey 100f, vndt einer
1576 1008 2658 1242 zsachen dren dmrath gen theil worden, so er
1596 1071 2794 1301 mit sich heimgenommen, syne gespanen aber sigendt
1595 1182 2576 1392 mit ihrem theil nach mulinen gegangen.
1588 1338 2696 1510 Vndt Etstlicher daß alß der Lurien Sohn vndt
1577 1423 2762 1576 das Schwartz Elßi beide albereit higerichtet mit
1599 1496 2801 1658 ambt einem, der sich der niderlautsch Gälli namset
1594 1578 2750 1747 ein diker kuetzer gsell mit einem kleinen halben
1797 1692 1958 1751 hantnat
1586 1662 2828 1816 B�rtli schri Frischig ( syn gelt entfrembdet, habent
1580 1743 2838 1898 sy daselbig hinaus in syn berborg getragen, daselbsten
1598 1830 2748 1979 getheilt undt ihme bey 15 Goldtßstucken zwifach
1578 1913 2742 2041 dublohnen undt diate worden laßen, das
1590 1998 2702 2118 übrig habeit sy hinweg gebragt, die ermelte
1585 2072 2751 2212 stuk sygendt under den galt gsin, das man hinder
1582 2157 2103 2301 Ihme fundA
1587 2241 2707 2416 Schließlicher dan, daß zaer gue geppanen
1596 2349 2736 2480 die beid vßgerißene vnd noch ein anderer
1599 2424 2766 2570 der Schwarz Schumacher Jaggi genant gar vil
1605 2519 2772 2648 diebsthäl verebt habent, by denen er, wyl er
1607 2606 2781 2740 niemahls wohl zu fuß geen, nit, wie er aber
1593 2675 2766 2845 rcht hette wollen, heige syn konnen; y habend
1579 2751 2774 2905 ihme aber jeberzyt etwas von der butt gelaßen
1515 2840 2790 3019 vnd daß vbeige zuer frauwen zeverkauffen gebn
1581 2887 2677 3078 und ihr belahnung davon werde laßen sete
1579 2966 2725 3186 ufffeeliche yeermelts dieestenen, schwere
1603 3057 2743 3241 erichtige und dem ganzen botterland schad
1607 3147 2743 3327 lich und einpfictliche mit und ohne marter
1612 3222 2742 3397 bekent und erhaltene diebsthel und miß
1603 3283 2769 3478 handlunger habent myr g hern und ober
1616 3347 2765 3594 8. Sch schatt und Barger dißer gregen
1594 3436 2730 3663 erplicher statt dern ubf ihrere eydt zu
1607 3540 2423 3740 recht erkent undgesprochen.
2484 3733 2711 3871 daß.
2767 -2 2849 106 35.
