3024 4032
210 87 305 164 88.
764 167 1075 331 1648.
341 232 434 355 wa
430 255 1507 569 reitegnmnt entein e
324 347 1474 597 kome daßgelt, so mar hünser ihrer gefuden
257 496 1485 756 est sy aber auch unküscher thaten halben dere
320 610 1475 816 sy verdechtig zu redt gestelt worden, hatten
350 693 1490 922 bekent, daß sy sich das leder wider gottde
356 783 1496 973 hren und hu gepott, dr selbigen thal vbellen
346 876 677 1016 vergeßen
317 980 1469 1171 ie dene sy sich uff verschinen Martini mit
330 1092 936 1241 einem steinhaurer:
322 1180 1348 1365 n uff Caciae mit Bartlome klein.
306 1267 1495 1469 und zu Müesinger an letst gehaltenem hoch
321 1361 1477 1549 zit ir der alten hoffmanen theim mit
319 1466 1482 1611 Jueckern sigmendts von Wattenwyl knecht
333 1550 1493 1715 mit fleischlicher vermischung vertragt, alß
331 1654 1482 1807 auch mit noch einem so mahtyst heister ein
343 1755 1461 1891 naber uß dem Elsaß, der habe ihra aber
340 1835 860 1986 die ehe versprochen.
287 1935 1467 2107 Waß aber daß gelt belange, so hinder dem
336 2050 1490 2196 wirt zu Cappelen ligge und die zwifache
340 2127 1462 2289 dablonen, so sy Bartlome Klein Im lech
347 2225 1489 2375 solle gegeben haben, habe sy kein gelt zu laßn
356 2317 1487 2454 pelen und syy auch niemahl dort gsin, sonder
344 2380 1478 2540 es ge gedachts Bartlome Reins, der es von
350 2489 1467 2632 einer schuld vor Cagerburg har bezogen
343 2566 1466 2739 habe. Die zwifache duklonen dan, habe sy
358 2664 1458 2829 ihr enthlent und er ihro selbige wider
341 2777 913 2927 ze geben versprochen.
315 2868 1469 3064 Anders syn ihra nit in wüßen, waß sy aber
338 2960 1465 3136 jetzt verschen und bekent, daß syn ihra vor
342 3056 1466 3239 grindt ihres hertzens leid, pette gott der
337 3098 1475 3311 Brey und ihr sy liebe obrigkeit umb gea v
340 3280 686 3424 verzychung.
542 3302 1407 3482 Ist 2 mahl lau uffzagen wordn
251 3447 1424 3655 Disere ist den 14. febr 1691 mit dem eidt von
1118 3588 1181 3697 s
252 3592 1094 3769 statt und landt verrisen worden.
1228 3652 1427 3780 alß
1977 200 2296 360 1642.
1535 208 2769 578 giseente en i
1586 358 2735 642 deß zu Kappelen hinder dem wirt daselbsten
1590 435 2760 768 ligenden gelts halben befragt vnd exummert
1553 506 2788 849 worden hatt er hanzengt, wie daß er ie franckt
1582 651 2841 932 soch einem jungen wunderlich von Nuerburg
1586 720 2883 997 wie gegöße sem gelts enttlich eelichen und selbige
1579 861 2790 1098 nach syner heimkunfft aldert vor gner vatter
1595 930 2777 1207 abgeforderet, der eben domahl nit by gelt
1582 1058 2754 1244 sen ihmselbiges zu erleggen, also das abschero
1590 1113 2750 1335 der 8. suberator ihme erlaugt hatte, für
1596 1233 2780 1459 syy sum etwas scheten ze laßen, sye er doch mit
1608 1336 2825 1521 gner bantschrifft eimahl wider zuruk gangen
1591 1455 2775 1597 und uf sein zyt zu Keppellen mit dem wirt
1590 1531 2768 1696 davon zu redt worden, welicher dan wylen er
1589 1620 2806 1781 von dannen azu erhandtet, ihne die hadtsheirt
1586 1724 2748 1871 abkaufft, 30 f. daron par bezahlt vnd daß
1584 1816 2782 1963 Abrige ihme noch davon schuldig sye vnd hiemit
1578 1903 1996 2049 shinder ihm ligge.
1563 2019 2793 2191 Eo habe aber der kandtschrifften noch mahn uff
1581 2112 2692 2248 etliche persohnen, denen er ir franrydh
1584 2208 2677 2358 gelt fürgestreckt und hiemit fürgelegt
1555 2287 2650 2479 eine uff Peter Gempeler von Windis
1570 2391 1957 2509 umb 30 f und
1544 2482 2716 2713 hir uff Bendicht Laderach von Hochstetten
1572 2560 1830 2700 umb 20 l
1519 2662 2675 2873 Daß zu nun der bericht, den er dißers
1560 2774 2192 2932 gelts halben geben könne.
1717 2897 2677 3107 Keter Schenck vndt seter dan
1803 3046 2468 3188 solr vos Langnamt.
1560 3111 2763 3307 iste zwer buben, wylg sy mutwilliger boß
1548 3197 2743 3371 atiger wyß, einer deß anderen fraue Ber
1541 3238 2744 3431 shalt und sich derselben offentlich berühet, nun uff
1550 3333 2736 3533 daß Endt sche, damit sy derselben abkoumen vnd
1539 3410 2728 3592 dren ihnen gescheiden worden konnnet, sinds ulf des
1550 3472 2765 3692 16. debri 1692 mit deme eydt von Statt und landt
1538 3542 1976 3729 bresen werden.
2813 87 2896 174 59
