3024 4032
1445 255 2562 567 Ehirisbucdh angefangen
1778 347 2436 581 ndr tgt be
1489 514 2633 850 renas enslen
1543 586 2669 889 ust der landtvagten Trachsellwollt, weylen er hyn
1536 658 2624 979 er e shres h
1575 713 2720 1051 agen enenene
1589 794 2691 1083 hernacher aber daßelbige weiderumb besucht, mit
1562 882 2720 1178 dem Eidt von Ir Braden Landen vndt gepieten,
1595 1089 1991 1251 verbihren wirden
1746 1105 2598 1333 Hanß Loäw von nynigen.
1568 1248 2706 1469 Wyllen er hievor zu Verena Hortstetterin Hum
1591 1288 2680 1517 fenster hinyn nachgestigen, den byschlaff mit
1600 1362 2733 1602 ihra gehagt und sy gottstetterin ihn deßwegen
1610 1441 2731 1642 der eheversprechung halber angeklagt und er
1615 1505 2754 1703 daruff eu glubt uffgenommen worden, daß er sy
1631 1582 2724 1772 fürderlich ist zu kilcher fhüren und ehelich mit
1622 1669 2725 1880 ihren hußhalten wolle, Hingracht deßen aber
1631 1762 2795 1925 er komne sich gerßeret und hernach so wohl durch
1657 1833 2763 2015 snen vatter und verwante alß auch er selbst
1650 1922 2776 2077 umb nidertsesuug obiger glabt angehalten.
1638 1990 2745 2155 haben deg wardene sy von einem ehrsamen
1649 2064 2779 2213 Hhorgricht der sach halben verstendiget worden
1656 2137 2761 2303 erkent, das er eintweder voranzogne be
1663 2229 2798 2367 schlaffne Hoctstetterin z' kilchen führen oder
1668 2313 2744 2432 aber ir h landt myden solle, Alß er nun
1666 2398 2835 2530 ehe deß landts verwisen werden, alß die eronan
1664 2477 2761 2608 beststerterin ehelichen. Ist ihme daruff der
1666 2562 2794 2692 eydt von er h statt und kandtgegebh worden,
1674 2635 2300 2761 Den 17. augusti 1641.
1848 2829 2777 3010 Anna Werlin von Ruttingen
1656 2967 2886 3196 hatt uff 5 augusti 1641 von deß deitten
1691 3079 2795 3229 begangenen Herenfhsälers wegen, der
1671 3144 2813 3359 eydt von er h statt und leidt zagehen
1698 3235 2056 3398 empfangen.
1859 3374 2626 3554 Bendicht Schadeli vor Ober.
2067 3504 2872 3633 Lindach und Christeg heeren.
1667 3569 2825 3753 Wagdem disere zu währender zyt der hievor
1717 3626 2786 3846 entstandenei serschen uffrahr wider allen
2606 3801 2825 3901 geundt
