3024 4032
799 -59 978 66 d
1018 -2 1444 157 ell vßen
561 6 1685 251 einem jahr zu Trachsewald gefangen gsin und 5l 3 diß
581 55 1558 259 thäl bekent und in daes schallenaerk geschendet und
613 113 1165 219 wehben, da hat nun zu by
1532 190 1607 244 155
528 88 1639 391 Dan sem gegenwultigen Jacob Bubz
1199 205 1665 312 Adi srhoren als un
539 199 1610 445 eter ohngefahr zweyen jahren alhar gesencklich
533 290 1690 544 bracht undt doch mahlen wegen verhoffter beserunge
529 387 1653 608 rumb ledig gelaßen worden Hat solche leugloßen
509 474 1667 705 sorel nit a ihne anderst gefruchtet, den daer
523 550 1659 783 hievor und unlang est gn Crachselwald gesemklich
520 647 1664 863 yngezogen und alhar gefuert worden, da das
506 732 1660 960 g gut befunden ihne wegen syinen vilfaltigen diebsih
530 800 1654 1026 examinieren zu laßen, undt ufft solich endt mee
493 875 1649 1084 Bochehrend son Luwheeren Haller luth an ihre
503 966 1634 1172 abgangeen schnatts zedels befolchen, solich geschefft
501 1042 1623 1211 übersich zennemen, welches den 17. apr 1642 i
491 1103 1624 1296 beysyn hrr seeber wysen des groffen vhaats, sein
495 1198 1635 1367 Großweybel Lerbers hir Grichtschryber Buser
499 1286 1627 1451 undt etlichen ihr ge diewren beschrchen, der hat
493 1376 1632 1549 nun theils mit und theils ohne marter bekhendt
486 1433 820 1551 wie volget.
486 1525 1631 1694 erstlichen habe er mit hilff Lienhart darins lore
495 1611 1615 1777 Freyen Müri Hansi undt Georgl ußen Morg
449 1683 1594 1835 grafen landt, im feyburg gepiet vor 4 wuchen
474 1783 1610 1916 uß einem spycher bey 10 pock 2 ßar Hohen undt
593 1830 709 1909 Nyw,
557 1833 606 1900 1
473 1867 1615 2016 bey d ynlachen enttrembdet. Die sy zu empenen
465 1941 1559 2074 getheilt undt ihme zu synem theil en e worden.
475 2013 1601 2153 Habins es zu Anwolff einem genandt Sterhi
474 2081 1609 2236 verkhaufft, der wol gewüßt, daß sy es gestolen se
471 2159 1588 2289 auch ihren verbeyßen, daß er alles was sy ankhön
470 2220 1495 2363 undt ihne bringen werdent abnemmen welle.
437 2349 1582 2495 zu Murth bey der mitleven Müli mit hilff enesge
457 2428 1586 2561 eandt Geörgen etlich rökt und hembs genommen
456 2540 1583 2640 undt bey 6 leiben brodt genommen, daß sr auch isre
441 2576 1589 2712 sprrchi zugebrachte deßglychen auch nb
437 2656 1572 2788 Hußbuch. So sy alles ihme Sterchi zugebracht, der
435 2734 1370 2866 ihnen einmahl 5 lb daruff gegeben.
419 2818 1563 2981 Im Leüwenberg bey merten vor ohngefahr 3 wuchen us
430 2917 1563 3047 einem gehaldt mit hilff seines genandt wrank
411 2972 1559 3116 Goorgen undt hansen, da sy das geter uffgesperen
410 3039 1552 3171 bey 2 kublmen ancken entfermbdet, so sy zu
409 3130 1526 3273 Bempenen verkhaufft undt ihne für sein theil
425 3221 728 3354 t worden.
403 3253 1544 3449 Abermahlen im Fryburger gepiet, mit hilff syner ge
407 3321 1541 3497 panen o lynlacht genommen, die sy etlichen landts
400 3406 1531 3585 bätleren verkhaufft, darvon habe ihne zu syne ihr
503 3548 786 3657 1 gezogen.
390 3528 1535 3776 ab der bleibin by mauten mit obgedrchts b
386 3586 628 3700 nddar
444 3672 1259 3827 holff 60 ellen sugtich tuch
1725 77 2868 351 widrumb in glychen gepiet mit hilffobiger
1748 166 2879 418 geer gespanen uß einem Kaller 5 leiben brot gan
1726 323 2906 589 un Murten kepiet uß einem Kaller mit hilff eines
1739 409 2921 638 vns gespanen wrentzen 4 sythen spack vndt 1 halben
1742 526 2528 719 übel vellen ancken an.
1713 648 2797 806 den Fräscheltz uß einem Kaller durch ein ynge
1717 724 2812 877 brochene thur ich mit hilff syner gespanen e.
2829 801 2870 856 1
1722 781 2834 960 habel vollen ancken, 2 käsen 2 leiben brodt ge¬
1721 865 2698 1033 nommeno ihnen aber abgelagt worden.
1708 959 2860 1138 Weters im Feyburger gepietß habe er mit hoff
1713 1057 2866 1198 syner gespanen vor 5 wuchln, vß einem Spycher, den
1704 1119 2872 1293 Wans syn Hespan mit einem dietrich uffgethan und
1700 1200 2876 1359 Borg uß dem Elsas 6 Röck 6 heimbldi 8 syn,
1709 1299 2818 1427 lahl 2 gippen, nachts vmb 12 Vhr genomen,
1690 1364 2863 1506 und obgedachten Sterchi verkhaufft stälenhelffe
1683 1487 2793 1619 Am neüwenburger see in einem dorff uff einer
1688 1596 2872 1708 suichi ußemem zuber 68 strangen gar garn genommen,
1691 1651 2981 1791 u da sy zu Fröscheltz bey 38 strangen verkhaufft umb
1653 1732 2889 1875 gundt er zu synen theil 4 g bekhommen. Die übrigen
1695 1806 2603 1954 so aber habe syn corenen frae behalten.
1676 1897 2823 2066 by Bascheltz uß dem haller, da sy die thuren uff
1674 2007 2866 2157 geregen d leiben brodt undt i Rübli ziger
1656 2107 2822 2297 Im Feyberger Biet haben sy abermahlen in ein Kaller
1678 2201 2832 2358 prechen wollen, der bur syge sy aber innen worden, herns
1684 2294 2748 2456 kommen und er uß gheys syner gefeßgesellen mit
1673 2335 2292 2507 seinen nach Ihme geworffen.
1656 2460 2775 2655 ben trumen in ammenthaal seye er und syne ge
1667 2525 2802 2738 sollen durch ein gätter so sy gebrochen, hingegeschloffen.
1646 2599 2760 2822 und daselbsten, ancken bällen fus und wleibl
1652 2663 2327 2850 brot entzucktend genommen.
2229 2825 2403 2911 habe er
1634 2774 2780 3016 Im urgouw vor einem jahr uß enem trag in einem
1623 2853 2585 3070 dorff bey armer 12 g entfrembdet.
1619 2944 2811 3213 Im Lentzburger Ampt vß einem Spycher, da sy obl
1631 3072 2776 3304 Synhin gebrochen e nit korn gestolen, darus sy
1633 3133 1885 3279 erißen.
1608 3233 2727 3468 zu Bentzicken in argouw seyeer mit hilff syner
1611 3368 2743 3555 wrentz Wolffen und des obgedachten Hansen zum
1605 3385 2724 3625 sachhinyngebrochen undt e nit korngenommen,
1590 3460 2147 3659 Denßh ge erlst
2944 22 2992 104 7
