3024 4032
249 82 384 205 194
837 140 1075 286 643
539 334 1496 543 Hichael Rosfer ab
716 461 1469 663 dem mooß by Mulidorff.
468 598 1572 807 Diser Michell Kohler, so zwar ein gute
413 711 1572 908 Zeit, daher einen schlechten nsahmen gehabt)
406 810 1558 1015 Ist zwar hievor albereit alhe gefangen
431 929 1616 1098 gelegen und nüt anders bekennen wollen alß
430 1010 1586 1169 daß er seinen nachpanren die schey zun uß
440 1088 1596 1276 geristen und heimgetragen, ihnnen daß graß
437 1195 1596 1349 abgeraupft vnd seiner Thu henebgebracht,
435 1283 1590 1439 destwegen er domahl ledig gelaßen worden.
433 1379 1620 1533 Wyl er aber jezund widerumb verdachtig
434 1471 1624 1625 worden knem gewäßen landtwan In Einen
433 1571 1610 1711 Wirtchaus etlich stangen eisen, so er verlahren
444 1666 1619 1815 entfroubdet zehaben, deßwegen wi ermeb
455 1755 1594 1909 gefenklich knzogen worden. Weil aber
465 1824 1624 2010 nüt anders beß ihme gebracht werden megen
458 1929 1628 2112 Ist er all ein ernsthaffte und starke Canr
453 2005 1603 2184 wider der gefangenschafft Erlaßen vnd
417 2139 1623 2289 nach abtrag kostens heimgewisen worden,
571 2313 1582 2556 Johannes dieb der Huß¬
814 2463 1532 2596 Weirt znn Barbern alhie.
453 2597 1600 2836 Weiln er freyens willens vnd von sich
501 2718 1600 2897 selbsten den drieten Burerfhaler angeben
503 2774 1626 2962 und sich deselben erkent, ist er uß nyne
475 2870 1633 3059 gnedig hern und oberen bekelch uff zinstag
470 2968 1613 3153 den 24 Novembris 1693 von dero Statt
485 3031 1603 3251 und landt, jedoch uff gnadhin, eydtlich
474 3217 1007 3360 verwisen wordn.
2091 211 2416 333 1643
1842 330 2545 546 Hans Gnyder.
1658 461 2810 676 Welig dißer uff dem Martini Marckh
1709 574 2857 794 aufgespacht worden, daß er mit einem hner
1713 670 2875 850 gepanen mithin die Faurist vnd Myntell
1709 738 2808 897 beerechlet vnd der Kramern zu nach zu
1716 829 2815 1013 ihnen wahren schehen wollen, also das Einer
1691 905 2834 1106 derselben albereit etlich par steumpf ver¬
1729 995 2891 1164 lohren, und alß mar dißen schnyde iere Zwyfell
1732 1094 2863 1258 haben wöllen und er daruf alsobald flüchtigen
1733 1187 2863 1349 huß seyen w�llen. Ist er daruf ergrihten, ge-
1749 1269 2894 1396 benklich gezegen und exammirt worden, das
1745 1354 2913 1498 i den zwar anfangs nit bekonnen wollen,
1757 1447 2822 1598 nach ußgestandener langer vnd hatter
2855 1553 2917 1632 ds
1735 1536 2785 1686 gefangenschafft aber bekantlich worden
1734 1613 2834 1771 er Jo dißere stuk strumpf entfrobdet
1742 1715 2848 1873 habe, Er habe aber dieselbig nit hinder
1740 1804 2874 1952 ihm, sondern zweyen wegbern geben, so by
1731 1895 2929 2057 ihm gsin, pette vns gnad vnd verzgehung.
1719 1979 2909 2153 Wil nun er anders mit bekeunen wollen
1743 2098 2803 2229 ist er nach abtragn kostens mit einer
1753 2162 2890 2285 terben Cencuo zu beßerung synes Labens
1744 2274 2662 2418 gewisen und sedig geloßen worden
1843 2525 2768 2698 5 Jaria Rämi Vor
2119 2667 2501 2794 Degningn
1711 2722 2947 2951 It vff 14 Decembris 1643 wegen deß
1737 2859 2882 3054 dritten bekantlichen und abgebüeßten
1737 2963 2901 3169 Burenfalers wegen mit dem eydt z
1737 3035 2842 3277 Ide. Statt vnd Landt verwisen
1705 3122 1919 3254 worden
2878 214 2975 312 195
