3024 4032
272 -2 355 63 112.
275 2381 407 2495 t dise
305 2478 404 2538 post
266 2509 426 2592 geüff
829 62 1114 192 1642.
382 96 1512 414 Zu Bader habe sch zweyen anderschidenlche
389 235 1519 494 kramen uf dem statthaff, etwas getts ent
410 344 1493 571 verebdet, dahero ey deselbst gefenflich
401 441 1516 663 guzegen und mit dem eydt verwisen wrden.
396 558 1539 805 zu Arfalteren habe, sy ist einer stuben hin
409 676 1532 911 frauwen, ein bennen rock mit siben körderen
423 759 1543 963 der ehegfahr 3 wuchen genommen, sge aber darin
413 862 1540 1023 ergricten und nach beberg iu gefenkliche
401 932 1543 1102 verhafftung geführt wolden, da sy aber uff
427 1025 1533 1191 ihren vortheil gesechen und in dem mag, die
433 1114 1537 1273 keffithubethun wöllen, sy derhinder gewartet
431 1215 1513 1348 und gachden sy geoffnet worden ußgwisen
393 1307 1541 1508 By Solothari habe sy einer frauwen ein sille
440 1432 1524 1598 ne bestelke meßer entzuckt und zu Feybung
427 1506 985 1621 vmb 4 f verkaufft.
388 1629 1543 1770 zu Burgdorff deß er Predicanten von Jegister
418 1725 1520 1874 tochter, da sy genagt, ein jsenen göttel.
424 1825 1549 1997 Frauw Vnneri Zeischiegenen hab si in si
436 1948 1527 2065 kannen und uß ihrem beffet darzu y der
451 2015 1525 2154 schlußel bekonmen, krallen, söller hibe
439 2089 1509 2242 Rüchli ein bütell und sglychen sachen eit
440 2212 729 2349 freübdet.
389 2282 1519 2440 Der alter frauw Stigerin, hab sy uß einem
440 2363 1534 2548 tag, daran sy der schlüßelle gelaßen by 30 l
424 2448 1539 2644 gelts genomen vnd nach vnd nach verbrucht
413 2565 1544 2766 hr. Catri Reiger hab sy ab dere buffet, zre
398 2666 1533 2866 galdene brrebender verrütscht und einen
436 2732 1528 2935 freübl silberkramer, so allie gegen den mi
431 2837 1434 3042 uber feil ghan umb 6 l verkauft
395 2938 1534 3158 By Rychenbach hab sy uß einer stelen, ei
423 3104 1040 3235 anckenballen entragen.
416 3135 1545 3363 herrn obervagt Berset hab sy uf ein zyt, a
414 3225 1541 3473 sy dört genagt, die fraue den schlüßelbs
441 3301 1543 3558 einem schäfftlig gelaßen und uß der stulh gat
428 3376 1512 3637 drüber gahn wollen, die fraue syge aber zu
435 3466 1499 3731 feüe wider hieger komnen und sy hiemit
443 3665 691 3816 versagt.
1565 1680 1609 1754 e
1565 1742 1609 1794 und1
2025 110 2301 239 1692.
1576 168 2755 434 Einem augstaler kauffman, mit deme hu
1631 259 2736 491 by 14 ghagen, Ckev In hertwyß herumb
1642 317 2795 578 gezogen, habe sr nachts by 19 lb gelts uß
1595 420 2763 692 dem Sack errntscht vnd sich darmit darvog
1645 500 2739 736 gemacht, der syge ihre ober nachgevolget
2084 633 2130 687 d
1626 645 2419 812 und ihre daß gelt abgenomen.
2303 638 2685 784 vir ohngeg fhalen
1604 701 2792 924 Sonster habe sy sich leyder auch zum andern
2501 801 2711 918 vakuhen
1629 795 2619 978 mahl wider gsaches deß Hern gepott
1640 881 2788 1058 mehl alhie alß zu Solothurn mit sfleischlicher
1635 973 2517 1141 verm�hhung und shuren vertrapt.
1613 1080 2674 1261 Vnd dan habe auch ein Schuyderknacht zum
1644 1178 2768 1324 altern mahl mit ihro fleischliche vermrischung
1638 1255 2790 1426 ghan, der habe aber ihra die ehe versprochen
1628 1374 2268 1502 und zelegsth im seinen ghan.
1622 1407 2761 1615 alß sy hieruff befragt worden, wo so mit der
1646 1550 2799 1723 fucht shukommen mit deren sfeendrigen jahes
1656 1632 2734 1793 wie sy fürgeben) schwanger gangen, hatt sy
1632 1716 2738 1860 geanhwertet, es Hae zwar muter Elßbeht
1627 1798 2761 1928 die Hebauwen ihro glych zuvor also sy gefang
1637 1895 2767 2024 worden anzeigt sy gange mit dem kidt, syge
1651 1969 2762 2109 aber nit gsin, sondern sy hab es ner da¬
1649 2049 2752 2192 rmb gezeige, damit sy nit an die marter
1635 2121 2764 2289 geschlagen worde und hab nie kein kindt ghann.
1641 2235 2741 2398 Letstlich habe sy zu Iegistorff alwo sy im
1648 2346 2762 2506 fargang getrunffen, uß einem schäfftlin
1667 2428 2747 2564 org gestanden by 16f gelts entrag
1651 2522 2746 2672 und in einem derwacher versteckt, Man
1643 2589 2722 2766 sye ihre aber alsbald nachgeylt, ihro daß
1642 2701 2773 2865 gelt widergenomen vnd alhero Im gefan¬
1595 2776 2181 2918 genschafft gheren laßen.
1595 2830 2772 3034 Dißere abgemelte diebsthäl und unthathen, hatt sy
1627 2975 2782 3103 mit der marter, da sy zum anderer mahl lähr
1617 3024 2797 3195 uftzagen worden bekent und erhalten, anders aber
1619 3096 2060 3250 nit verschen wöllen.
1606 3178 2728 3351 Sb wohl nun zwar ihr vorantwortung ganz
1614 3287 2793 3428 meckelmetig und insonderheit, daß sy villicht
1612 3350 2787 3520 ihr frendrigen jahrs nach ihrem fürgebrgn, getrag
1617 3429 2807 3601 er lybsfrucht machte verderbt haben, aegeronsch
1582 3522 2193 3693 4 so sy aber jez laugnet etc.
2691 3600 2813 3686 be
2829 8 2935 93 113.
