3024 4032
436 5 529 93 16.
930 117 1186 248 1644
589 152 1674 456 albereit by sich selbsten berichtschlaget, deß
590 246 1625 501 man sy seichen werd, das es ihme ubell gohen
594 301 1646 598 solte, so wöltnit sy ihne ehee entschlagen.
563 432 1646 730 uffweliche ihre, gottes deß herr wort
573 572 1685 814 und aller Christlichen liebe zu uide strabende
578 673 1704 905 böße thaten und vervbte anschleg, haben hoch
571 763 1686 971 genant myn gerhern und ober h schelthe
589 851 1639 1039 Rhät und Buege dißer freyen loblichen
586 926 1674 1114 Statt Bern vff ihren Eydt zu recht erfent
596 1009 1026 1140 und gesprochen.
618 1202 1676 1395 aß sy dem nachrichter sollind vbergeben
588 1300 1687 1483 werden, der sy mich richten zue statt hieß
614 1406 1632 1544 ehmeiten und sy also von er  statt
597 1487 1629 1631 vnd kandt Vatt dem Eidt berwisen
612 1580 1685 1699 werden sollent. so an ihnen auch er¬
626 1655 1090 1791 stattet worden.
2125 195 2397 320 1644
1863 302 2728 470 Baria Hartmeyerin
2017 401 2532 523 pynlichen Examen
1764 523 2912 691 weises mentsch ist uff mittwuchen den 14. feb
1755 530 1805 682 E
1788 614 2925 750 ht durch meinen hochehrenden herren thatsherren
1784 670 2906 814 Berren Marthi unnd herren grosweib ell süinet
1783 737 2892 895 betelch mahr unndt oberen luth Rhat zedel
1956 793 2199 865 we un
1782 791 2911 962 enliches gefragt worden, das hatt nun beckendt
1769 958 2917 1092 gamlicen, das nachdem es verschinen Jahes im
1775 1028 2922 1152 julio alsier in der gefangenschafft gewesen, vnndt
1786 1099 2926 1229 u oberkeitliche gnad den 8. selbigen monats
1779 1157 2949 1273 ihr g statt vnndt landt mit dem eidt verwisen
2726 1223 2882 1280 wider
1785 1221 2923 1336 sich mit ruthen usgeschmeitzt worden. habe selbige
1777 1291 3029 1417 wornung andriso nit an ihrengefruchtet, den das sy es
1789 1359 2930 1454 wyder im sosen leben umbhergetzogen, unndt dem
1797 1425 3017 1526 it den geschworen, gleich darnach widrumb uß ein
1794 1506 3001 1606 vertretten, In dem das von solothurn allwo sey es
1789 1570 2934 1678 widerumb gewenet ghan, aberwegen bösen argwohne
1773 1626 2882 1739 widerumb weg geschaffet worden, sich nacher wangen
1782 1690 2983 1814 bgeben, aliro es ein ander mentschangetroffen, wel
1768 1759 2944 1869 des ihme ein Füntell zug so dem vermeinen nach auch
1770 1819 3014 1961 gestolen gsin seye uffgeben vnnd ins gebetten, seldiges
1767 1898 2940 2037 nicher Basell, weylen es doch ohne die auch das elbsthin
1780 1972 3005 2085 zugehe willens seye, betragen, sars zu thunversproch
1782 2038 2887 2147 wie es aber zur statt hinauswollen gehen
1789 2117 2919 2223 habe man disem meyelin nachgeylt unndt in
1779 2188 2979 2310 weybe man das zeug gekendt, vnndt es etwas da von
1782 2257 2901 2404 angetragen uffgehalten in gfangenschafft gelegt
1790 2335 2842 2479 aberglleich widerumb ledig gelasen worden
1788 2474 2925 2639 dandann alsonn landt umbhergehoat, vnndt
2674 2608 2797 2674 nd
1791 2557 3008 2723 glich darauff einem so sich Liensimamse zu dann
1784 2627 2982 2802 in esas anhennisch seye, unndt zu Doerburg by
1783 2668 2967 2878 vlthurn gedienet habe, die eheversprochen, mit
1787 2740 2911 2932 seies vff Jetzige farnacht in Crslingen zur
1791 2801 2924 3016 solchen gehen wollen, Wersei er aber daseloseen
1788 2867 2915 3117 bekandt gewesen, habe er nach seinem henmat
1777 2945 2935 3189 eßen müsen seynes verhaltens einen schyn
2108 3062 2203 3114 ses
1785 3040 2954 3289 Bebringen, da  dann in zwüschen also umbher
1777 3157 2036 3283 se konnen.
1781 3099 2948 3364 gezogen, bis  endtlichen widrumb allsier in die
1816 3239 1948 3316 es
1965 3271 2060 3348 9
1784 3268 2904 3534 rann alle tag herberg besucht, vnndt dem
1771 3311 3004 3642 uriner an der Brunngasen, dem sy schon hienor
1780 3399 2967 3731 sechetliche sachen endtwendt, widerumb vor vngefahr
1780 3456 3021 3784 eisen zu abendts yngebrochen unndt ihme endtwand
1772 3490 2856 3837 n dee
1775 3580 2765 3897 en a
2942 163 3028 261 217
