3024 4032
225 8 328 100 104.
773 68 1070 215 1642.
501 251 1430 452 Hanx Spengler von Oba¬
760 380 1327 553 Brubnen by Straßbung
383 464 1478 693 Alß dißer zu Schwerzenburg ob diebschälen
447 592 1498 769 gricten und von dem landtvagt deselbsten
420 675 1520 874 alhero geschikt und uß er sy betelch den 26te
423 771 1495 952 durch mynen hoche h landaur ih bgsyhen
450 871 1512 1052 Großweibel Lerbers zum Schüzen mit ernstg
456 949 1383 1078 worten exarinert und befragt worden.
1397 1022 1514 1121 hatt
465 1027 1169 1165 er anzeigt und vermeldet.
411 1123 1493 1294 Er habe vor wienacht zu Niderab nit im hr
442 1233 1451 1358 derner piet by Jacob Bur ein Par lang
439 1310 1506 1430 gedienet, darnach aber dem salmasen noch
439 1392 1499 1552 gezogen, in der letst gehaltenen landtsg
445 1468 1509 1628 aber ergriffen nach ihun und von danac
458 1556 1439 1724 alhero Ins Schallenwerk geschikt worden.
439 1652 1515 1824 Alß aler syg ihne und andere ledig glß
445 1756 1521 1895 und h Hanß Rudolff gueknden In denctia
465 1840 1498 2005 nischen dienst vbergeben, zu ser mit ihne
446 1943 1530 2095 dorthin zereiften gesumet gsin und albere
476 2038 1513 2167 mit anderen ine anhug gser, Sy habeit aber
439 2104 1525 2284 Im Krauhthal zwer Hern gefunde, so da ge
455 2206 1495 2359 trunken, die habnit sy gefragt, wo man sy
454 2291 1495 2462 hinthären wolle und sy geantwortet nach
447 2366 1523 2572 dinedig, habeit die herrn ihnen gesagt, daß
442 2474 1537 2660 sy dort ihnn wöllen, man werde sy doch alsald
455 2566 1517 2739 uffs meher bruchen, daher er gernwen worden.
449 2688 1082 2833 und hiemit ußgerißen.
447 2770 1511 2966 Im Runenthal hab er mit hilff eines gnet
449 2838 1532 3068 gesprnen vß einem olten ein leib brott
424 2928 1538 3136 vnd an Einem anderen ohet zwen löffel
463 3110 801 3263 genomen.
419 3073 1545 3412 du sgeneen an enete
429 3227 1550 3534 sye aber wohl uff der nacht gestanden, al
1412 3313 1473 3485 6
1510 268 1567 359 1
2014 58 2311 197 1642.
1585 134 2671 462 hendan he sednag
1611 225 2639 509 wellen, da er die ergriffen und alhero
1590 356 2355 580 lnderboß geschikt worden.
1570 419 2688 642 Veeners und veyters habe er nit begangen
1585 583 1896 755 sech verecht.
1575 572 2713 884 Dißer ist in daß Schallenwerk geschreidet
1621 843 1747 946 wordn.
1713 934 2528 1157 Bathani Waber von Sanli.
1566 1146 2706 1353 Hachdem Anthani Wäber uß se sy befelch
1597 1230 2877 1413 durch Neües hochtheenden Biei zugher zehender
1623 1330 2749 1535 deß erster mahl den 26. maii und deß
1632 1431 2660 1605 anderer mahl den 1. junii zum schuzers
2437 1501 2677 1584 Den 4. jun
2101 1516 2328 1597 latslich
1632 1517 2708 1715 enstw�rtig gestaigen, hab aber syn den
1606 1638 2807 1809 ihrer mit angereüter Marter ernsthafftig
1630 1701 2760 1907 und srengexammat worden, so wohl daß
1641 1819 2738 1987 er gerren Schwaher (wie zu hmngerichtete
1641 1938 2759 2079 faut ihne angebegn) einen vergifeten
1627 2015 2749 2179 dauh gegeben habe, alß daß er drobh zu
1642 2120 2734 2272 san aus leest gehaltenem uffeltt, deß
1633 2220 2704 2358 Jesisen hrr landtvogts deß entstandenen
1619 2291 2698 2444 sumnts ein Vrheber gsin syge vnd die
1668 2378 2700 2517 nehr hale gelagen heißen, hatter doch
1663 2479 2779 2618 derselben keines gegs bekentlich sn wollen
1660 2557 2797 2713 und sich volgender gestalten verentwortet.
1623 2636 2837 2853 erstlich daß syn fr  ihne beklagt und angebh
1641 2781 2788 2927 habe, alß hette er ihra getroüt, ihra und
1644 2872 2787 3040 demnach ihrem vatter ein bizlin zegeben
1647 2953 2893 3126 damit er ihr leider sts abkomme und glychwohl
1651 3055 2827 3235 ihr gutihm werde, gescheche ihme hierin groß
1652 3153 2807 3319 gwalt und unracht, sind habe syn fraue ihne
1651 3247 2760 3399 allein uß syd undhaß, das sy syederzyl zu
2650 3397 2793 3481 ihme
2729 -83 2878 48 1
