3024 4032
893 10 1160 168 1642
673 102 1546 386 Jacob Bite o onffi
855 278 1479 440 Brimmalischer process
482 309 1591 614 bacht zwar gegeswürtiger Jacob Bit
567 468 1580 686 uß dem Elsaß partug verschien jahr
566 543 1586 785 albereit zu Trachselwald gefangen gelegen
553 649 1576 859 und by anderhalb hündert, wer gern
527 709 1578 943 diebsthalen vnd gebruchen bekantlich ne
525 840 1588 1032 vnd damahls schor Mas gnedig hern vnd a
542 925 1575 1141 mehr den genugsame Vrsach vnd guleß
533 1033 1563 1199 ghare hettent ihne syrein verdnenen nach
538 1123 1584 1308 Am leben allzestraffen, so habent sy das
538 1209 1560 1400 betrachtung syner Jagent ihme ans leben
512 1317 1570 1479 verschonet und zu ermnerung syner rch
529 1415 1563 1586 verdienten straff, ihne alhie zu deß schallen
537 1505 1584 1667 werk schmid laßen. der hoffnung erselten.
511 1591 1560 1765 ihme zur beßtnung wurde gerichten laßen
519 1694 1526 1833 So hatt doch soliches alles nüzit an ihme
524 1778 1550 1930 frichten mögen, der daß er vngeacht solches
505 1859 1506 2009 gnedigk güchtigung, In hynem vorigen
478 1945 1552 2103 diebsches wasen, glych nach syner krledigen
508 2042 1553 2191 biß anherren fürgefahren und im meßigeng
507 2131 1492 2257 hin vnd her fur Landt hermeb gezogen
490 2201 1547 2361 tmaßen, daß er zu cletst angestelte l
426 2297 1544 2448 Jag by Arberg alß ein Perdachtige s
487 2386 1538 2554 sohn abermahls ergriffen, alhero gefeetlich
480 2485 1538 2625 gebracht und volgents dß hochgedacht a
463 2577 1534 2737 s hen undß bebrich, durch die eherentesten
469 2667 1512 2828 wohlgeachten frower, fersichtigen ehesame
474 2761 1523 2917 und wysen Berg herr Johaneres Habter
471 2838 1523 3023 geweßnen Bueheen von kleinen Herrn Bete
464 2942 1506 3131 wyßere vder Großen Rhatt, zn bysyn her
449 3036 1517 3198 Sanonel Cerbers Großweibels und ellcher
417 3106 1515 3339 Ir z. dienern der weiblen mehr, der Notih
456 3209 1511 3386 nach examinert und befragt worden, hatt e
453 3261 1521 3475 aber vorige zu Trachseweld albeeit bekat
1388 3365 1524 3488 des
1616 793 1651 897 1
1988 90 2263 213 1642
1658 123 2787 425 Detsthal, noch nachvolgende sither begangen
1673 223 2870 514 zehath mit und ohne marter verjähnn, bekent
1673 383 2321 591 et e vegt
1780 433 2926 719 enstlich habe er mithilff Lienharh darines
1704 549 2777 791 Corenb freyen Muri Hanß und Grörg
1694 642 2770 895 Ihrm Margroffen and im Feybunger
1707 737 2780 967 gbett vor4 wochenaß einemsycher
1672 807 2778 1004 sy 10 röken 2 hoßen und by  unwen
1683 904 2853 1110 Eynlachen endtfröndet, die sy zugempenen
1680 976 2708 1204 geteilt und ihne zu seinem teikn
1686 1067 2836 1245 worden, habindt es zu kurwolffeinem
1691 1159 2786 1343 genanten Sterchi veil zingkkoufft, der wol
1666 1259 2786 1438 gewißt, das sy es gestolen habind auh innen
1692 1347 2752 1499 venheißen, ds er alles was sÿ ankommen,
1695 1435 2763 1570 und ime bringen werdind obnemmen
1683 1521 2079 1633 wolle.
1669 1595 2791 1739 Su Murken by der nichlegen mäli mit
1691 1688 2711 1821 hiff eines genante Georgen etliche
1696 1764 2723 1876 Rökend hembd und 6 leibenbrocht
1689 1838 2693 1977 genommen, des gleichen auch 12 ellen
1681 1910 2703 2058 hußtuch. So sy alles ihmme Sterchi
1691 2007 2736 2147 zugebracht, der ihnnen einmal 5 fl
1695 2103 2044 2240 daruff geben.
1640 2193 2793 2345 Im leüwenberg sy murler vorohnge
1701 2262 2737 2432 fahr3 wochen p einem gehaldt mit
1702 2334 2738 2511 huff seines genanten Torenz, Georg
1692 2423 2723 2581 und Hansen), da sy das gatter uffgesperhn
1664 2489 2721 2695 by 2 kübli ankenentfrömbdel, so sy
1667 2571 2703 2750 zu Gempenen Bkopfft, vnd Imegar
1676 2669 2711 2872 sein theil ein e worden ob der Briki
1662 2721 2670 2913 by Murkenmit obgracht Liens
1660 2836 2565 3030 hilff 60 Ellenrystinthach.
1660 2917 2787 3118 Abermahlen Im fryburg gepierteit
1639 3030 2712 3214 hilff seiner gespanen s Eynlochen
1648 3135 2735 3294 genommen, die sy etlichen Landsbättleren
1661 3177 2697 3386 koufft darvon habe Ime zu synem
1659 3251 2393 3431 veil ein gude gezogen.
1641 3348 2694 3567 widerumb ingleichem gebiett mit
1633 3445 2701 3637 holff obiger einen gespanen vß einen
1635 3538 2475 3711 soller s leiben soroht.
2851 -98 2946 51 83.
