1890 2752
137 106 862 277 Item vff den andern anfehm
162 168 865 348 fur gesalttnnn artickel namlich
168 262 875 398 das er sol gredt haben das eier
145 326 900 463 us der statt so einz fournemen iisz
246 392 857 499 vnnd noch nit gefangen were
131 444 880 556 unnd wader in stat noch land wegen
134 492 845 624 vnnd das min g herken desselben
152 568 827 663 uechttg erttunkert wärend
118 619 868 744 vnnd das des Fertzon Ertschafft
106 662 828 807 in wilen derseelben desselbig
146 733 814 857 itf vnd fandet eronen gesen
137 804 874 908 tarte unnd wran ir furrein
138 877 906 969 an fürgang hat meger
244 928 824 1038 iin so hatte er ee
218 981 824 1108 amen in dfronengeben
92 1034 826 1144 huft er furgelen das im nit in
161 1112 811 1207 ssen sie daer sollichs gredt
112 1172 862 1269 Eaber hab zu Vatterlingen zun
342 1220 551 1266 vorse
172 1218 863 1318 sse kruß, so der wurtin gfrundt
113 1272 861 1371 gwästen gha der zumgfraget, (welchs
100 1337 855 1447 . mit Ehrmues dern des Ewen
108 1379 808 1485 von Wattenwyl san zuͦ Bezi
117 1444 835 1535 ssin wer dem er geantwurt
118 1500 868 1595 wüßets nit, welcher wiher gsage.
124 1559 848 1649 Wan er schon alda gsin were dso
133 1614 873 1713 wurde er sich doch nit langcsumpt
145 1681 889 1763 hafen dan er war ein hompt
159 1727 903 1831 ind unnd hattind ein pundt gmach
134 1799 802 1887 Erater hath nit predt von
191 1846 895 1942 den furgkrn v Ryl von eis
147 1904 859 2000 firmenen hus zuͦ Bern wars und
140 1963 298 2031 anckens
191 2046 901 2178 vff den driten artiekel betreffend
156 2120 889 2228 d Er sredt er war des erberners
166 2164 822 2284 buecht unnd das er im wolle zu
175 2243 909 2359 hrnens zwy rosz bzouffen ist bbhantlih
159 2290 868 2404 dier srede er wir des hes brnners
172 2361 872 2467 krnecht Er Eas aber wollen sachen das
146 2399 877 2532 Er dy eErn notten knecht gwässen ✳ der
150 2454 844 2578 Es e iner verstegn z sein zwäse
165 2505 881 2642 deßhalb Er zu anzgen v da tt
1023 91 1700 243 gesagt, wie er willens were gan
961 142 1695 324 Zixall zu so mochter woldes
970 211 1681 383 tags nach gan montzgweyen kehl
973 266 1678 437 mund da er geantwent well deß
988 377 1646 486 mals nit wytffer hab gun
985 411 1652 573 gevrsaehet das In bin segend
1046 473 1663 619 agt so ouch alda gwesen sole
988 558 1058 643 8
994 556 1725 670 int wyfffer gan was ersenwellen
1001 627 1703 737 unnd d truncken gwäsen
1027 702 1698 802 und nit wytferganmogen
1016 757 1666 869 ouch diesesb trunffenheyt zu
969 828 1721 961 zu solchen unrutzen recdh tugen
957 994 1670 1108 Item den diertten arteffe
998 1068 1708 1162 fermend dazs er gredt drobge
987 1114 1714 1232 melf gfangnen wideru anzo
977 1210 1696 1302 und gendi nachtmal gmeldet
976 1266 1731 1352 man ebfnkert wernamlich
1027 1337 1726 1440 Es wir des in schultheissen
993 1414 1722 1514 abon wytt zwyl inn der im
1009 1477 1700 1591 firgund wonette, welchem der
979 1543 1745 1654 kinng us hispasunn ein gros guͦtt
1012 1626 1724 1724 giten gutte welcher ein grosser
957 1681 1701 1794 Bapstler were vnd dweyl Er nit
1001 1760 1755 1867 Eeangelist sen welle were derselbe
997 1833 1721 1943 einer g tern finden Ottester
996 1900 1743 2000 furtkndt unnd daz sollick mitz
1029 1968 1161 2011 Sern
1029 1966 1688 2066 aufftomen warind und das sen
984 2035 1712 2137 mutter frund vd se verwandte
985 2096 1764 2205 desselbn groß bffeninbernns zuged
996 2171 1706 2273 hatt er widerum anzeigts
993 2238 1766 2338 Er sollichs gredt haben möy odr
1010 2298 1738 2400 nit vnd so solthichs bschachen sie
1003 2369 1744 2455 es zu voller wyß sschäch, tauf
997 2419 1685 2516 hab mit gsagt den wesman
1012 2484 1770 2572 anzigen und tndn im puswdit nach
1012 2532 1695 2623 dem andern us dem mund Joge
1015 2594 1703 2674 srsti ouch so vol gse das brurmogen
1066 2652 1190 2686 an
