1856 2708
174 141 895 310 uff Donstag vj febtnari
119 234 876 363 1561. Sptntibus zu unrent
121 305 869 433 Sachselpeffers des thats Jacob
149 385 825 505 ouffmans der Burgern
102 457 899 575 vnnd Ludwig archeis großwyte
129 525 785 630 uch ettlicher der weyblen
158 591 634 695 ainer 8 herren
122 725 884 884 hatt Michelschmid zu Marselli
138 795 826 928 anzegt Erstlich das dem
151 888 869 1002 also sye wie er hieuor ekhent
118 975 837 1083 namlich das er vor ettlichen
129 1033 840 1142 Jaren glausentochtter vß dem
133 1106 859 1203 glütschenthal zu der eegnommen
139 1164 866 1275 unnd den wochen lang mit jra
120 1241 835 1345 Husghaltten darnach von Ira
138 1303 865 1398 zufriegzogen, vnd das si bruder
138 1371 841 1481 Hans dieselbige gericht vnd sy
131 1431 839 1540 Iusis vatters gus gfurt da
102 1492 825 1601 Er sich gfunden alls widerum
147 1566 820 1664 anhemmst worden unnd als sy
136 1621 845 1737 sich uus mit sein volck nit lidig
141 1696 783 1792 mogen henweg zogen unnd
140 1760 863 1869 mit eiem zuerig huszghaltt
150 1821 825 1934 und als er und obgenanter sen
147 1875 827 1999 Eruder sy kufsicht vnd dzs
150 1939 843 2070 sy wider dieselb sie erste freme
148 2019 786 2124 abzuber, das er sy das esy mit
144 2095 785 2196 ziu heimzuchen und widerum
145 2154 846 2261 mit im hushalten solt ankhert, da
150 2210 796 2315 sy sich desselbig gewidrigen vnd
144 2279 821 2386 ut mit jiuen widtrung senn gan
150 2327 337 2407 wellen
1636 81 1701 145 30
992 124 1738 256 Iem das er sich darnach mit
1032 197 1724 302 Emer wieterronden vnnes
1050 261 1741 370 veroffelichet vnd vorachttag
995 340 1646 444 mit ire zkilchen gerngen
1016 435 1662 568 Item das er vnd darso
1036 517 1693 619 er gstollen ghert zu v
1057 590 1512 706 gestrafft word unn
988 703 1742 821 Denne hatt er wyther ansege
1040 771 1737 873 das er allein die nach oege¬
1024 837 1740 929 schribner Emmfangeerstraff
1020 900 1740 1005 die Estecke messer zwo achsen
931 962 1764 1058 ein tader tock und ein varhosten
1032 1019 1672 1120 gnomen unnd vondesselben
1033 1086 1681 1199 wegen zu Hasole zupleyt
1030 1152 1740 1267 wordenn unnd das er von keinen
1019 1223 1716 1336 andern vrsach wegen ußbrochen
1023 1286 1698 1385 dan das Er die obgedrichte
1029 1348 1689 1451 stuckl entfrombdet gheyt
970 1464 1729 1579 Item Er sye vs der gfencknuns
1006 1535 1718 1645 zu Srssle Rroch₎ vor und e
977 1579 1740 1705 er zu vi gfangen worden
1003 1662 1679 1758 doch habe Er Innen sollichs
999 1738 1211 1832 anzeigt
1002 1827 1756 1948 Ittem er habe sonst nie mißghade
986 1901 1731 1990 dan wie er anzeiet, d renlut
973 1961 1693 2058 gedienet, mit nammen zu Faßle by
977 2017 1677 2106 denner anginstin selbgn 4 jar
960 2054 1732 2159 unnd zu zu gutten thaumen 1 jar
988 2128 1633 2208 vnd an andern orthen meer
979 2172 1713 2300 lar demnach mit dem kleinen stein
997 2250 1701 2337 darnach der mit dem grossern
972 2310 1730 2400 stein uffzogen, dannothin zm noch
971 2361 1734 2460 ein grossen anbunden, wil nit wytth
973 2408 1718 2505 bkhonnen biitet ui verziching
948 2477 1723 2569 uch sich erbott wan er wideling
961 2525 1741 2612 ledig werd sich fromeklich zehalttn
953 2581 1453 2651 vnd Pedlich gveriht
