1896 2575
178 80 956 266 gnommen sye desse funffthar
172 192 913 318 Eronnen vnnd zwen kern die
185 256 925 392 die sy ent aber vorhin singsin
173 330 903 484 dh sy das geltgnommen
231 451 959 638 draher hat er anzeigt erfi
171 565 955 703 disen summer zuͦ Brrmenstorff
159 650 921 762 Inn zurych piett die schwin
169 714 890 825 gehutter unnd dasebst vier
172 788 916 922 Fronen vferkhomen. das er
156 870 938 1000 demnach mit ime ganzerzach
170 931 837 1035 tragn vnnd alda ein fram¬
161 1001 938 1110 schlechtten zug als guffen und
166 1066 951 1186 karttennspil ouch nun der Kleinfug
158 1139 932 1241 ding inn ein truckt gnommen
166 1198 948 1312 unnd also hin unnd wider zogenn
154 1267 944 1390 dasselbig widerum zeuerkeouffn
142 1340 849 1445 unnd syr die aruck noch zuͦ
139 1402 922 1501 Lurernn by einem Kramer name
161 1461 926 1574 sich wilkelm syt nit wytt von
166 1541 919 1639 unnser frouwen capftlen, wenn
161 1600 887 1704 man zu Lurernn inn spitell.
169 1666 934 1757 wil gsessenn. Da man die trecke
171 1728 908 1830 sampt dem kram find werde
167 1785 923 1892 denn er sy uff dissmal branck
162 1855 905 1974 heytt halber nit tragen mögen
155 1980 912 2133 Isst ouch bkhaundtlich ds erd
176 2080 920 2197 gelm an sin menlich geid namlich
183 2145 922 2263 nun diekpfenung gebundt hab
185 2200 881 2320 vnnd di vß der Vrsach Es man
165 2269 867 2382 Ine des gelts halber ersuch
180 2325 905 2441 wurdennen sy nin vermneinen han
1705 85 1778 150 85
1023 141 1789 260 das er das gelt dahin eehaltten
1030 237 1843 339 vnnd verforgen hatte woll wycher
1017 293 1580 421 nir ehaundlich sin.
1034 481 1729 608 ist j jar demnach mit
1027 539 1753 660 den elensen unnd mitlist
1034 629 1666 742 stein uffzogt wordenn.
1051 835 1771 957 Auff menntag dem 25.
1060 932 1728 1015 tag augusti im 156hars
1058 995 1742 1083 presenes herr fetters von
1059 1045 1815 1140 graffenriedes des thatts. unnd
1050 1127 1747 1204 der weyflen einer g herren.
1063 1165 1769 1259 sieinlich ist auff allen
984 1216 1736 1323 us darg inn der effen gfragtt
987 1280 1121 1332 Adelbod
1074 1298 1334 1389 wordenn
1032 1369 1789 1512 thatt an alle martter anzeigtter
1015 1464 1728 1542 unnd sin bruder kommt vam
1027 1519 1747 1610 er lach sin vatter habe inne so
1032 1583 1762 1667 ruc₎ ghalttenn. das er hinwag
1024 1644 1264 1737 gflochen sye,
1022 1708 1745 1830 Wryther anzeigtt wie er vnnd sie
1024 1801 1714 1873 Bruder eristen allen bach dem
1033 1854 1746 1951 Hanns allan bach von hallen buch
1022 1911 1708 1999 Im adelden Irei frund nachtts
1026 1967 1729 2055 ein spich drfftrochenn denn sy
1029 2013 1757 2123 mit einem nepper zwoy loch inn
1019 2070 1739 2181 die Auren horen, demnach vff
1018 2127 1714 2236 gehawen vnnd mit der Hannd
1015 2187 1764 2300 hin inn griffenn unnd also die ther
1023 2254 1783 2350 uffthann. da sye ein kleine eiste
1020 2310 1740 2418 gstannden daran ein Elei itot
