1892 2722
204 112 917 307 Item das er sol gredt Jaf
185 198 918 352 ds nitz gnfin fomen warind
146 248 920 424 das sech by ei a den linder vs
177 341 891 483 selt zu wifer bleidern vnnd
233 419 942 548 n ouch sieh vm glaris klagrn
132 473 891 596 vnd gen vil schadens gupfigen
144 543 934 678 eeten vnd daselbst ein predi
157 599 243 690 soll
309 634 869 736 spangen haben den sti
324 685 897 802 pferdt an secwantzad
315 752 897 894 so Jamerlich geschleipfft
332 828 922 949 dt Haff ouch dz dis Zinicher
332 926 917 1023 weien nit zu hilff eezohen
324 973 880 1097 En deßwillen das sy den
172 1035 892 1186 ih zugnemen sye frous
120 1127 844 1239 nit zugedenck d Er solliges
256 1198 854 1307 dt dan wan er ettwas
314 1280 830 1381 habe so habind sy im
343 1348 915 1438 Ean trunett daruff gete
353 1429 819 1502 inalwigen wyther
321 1481 870 1578 n vnnd Maffesh
172 1552 918 1651 cluns gredt zate ers uff daz ii
174 1622 853 1720 predt das im ein lettler so
179 1689 906 1797 ii uff by der wilven srmni be
174 1782 887 1845 segnet alls er von bremfurt
166 1829 869 1934 von sotzlosz khoren nàch dem unnd
170 1901 883 1999 alder tröschn ghept vnnd ium
177 1951 867 2057 gsagt die von Glarig welttind
184 2018 847 2114 eenangeliste werden und das
180 2063 863 2178 dleder sy bekrrgen weltt
177 2139 513 2228 vnderstundind
152 2227 896 2326 Item Er ist nit bbtandtlich das
177 2294 897 2397 Er gredt der schwäbsch lachsen.
172 2357 938 2451 meyster alhe hatt ächt heinlich tuffel
162 2402 889 2506 und das dieselben al wich ein scchaff essind
164 2467 887 2585 und das ein theeren berzallind  d
175 2511 650 2606 er eetterne zun nit
1674 74 1730 143 16
1028 125 1691 303 Tin E Ist des sebenden
1076 161 1744 338 etih on e ui effandtlich
1033 243 1739 416 dar teg oenam schuh
1012 343 1737 488 muster sol gehirt borken d mag
1020 393 1765 549 wellen Lenselfire Inmen vnd
1066 488 1787 625 sie mit sin firg vndt gawor
1038 550 1697 691 mah das sin g eyurtein ein
1026 625 1741 760 gutten platz hatt und wurden
1019 688 1758 814 verlieben, day Er Er h
1021 768 1761 905 denstel Ruhstin meyster intand
1007 834 1809 948 dise ouch mit sein wüssen vergent
1028 926 1251 1034 zingerede
1004 1019 1793 1150 Item der acft antefe
1047 1097 1746 1211 knaff von ern sollind grich
1021 1171 1795 1265 worden sin ist er nit anede
1040 1242 1357 1347 sollichs gredt
1024 1381 1748 1495 Item des Mudten arteekells
1088 1454 1804 1556 sol gredt haben das meen
1046 1521 1790 1623 S. Eiws hfundtsan worden
1081 1585 1813 1692 ware Es wärind vier gsplschoff
1039 1661 1788 1767 des jertzeg von Taffey deren
1034 1729 1720 1819 der von Lülins Heuptman
1050 1777 1743 1888 war fur geuff khowen vnd
1038 1850 1765 1944 dieselbigen glich abzogen warind
1020 1905 1789 1980 desse sich die Zeuffer verwundert
1054 1965 1725 2068 hasind habe er sollichs
1022 2037 1765 2125 mt gredt sonder die zu Milden
1033 2095 1715 2191 so Inen Ey im gwäßen sollichs
1088 2164 1740 2239 wedt, vnd der venner gesagt
1038 2208 1777 2303 de Zeuffer welttind dfrantzosen
1053 2278 1560 2369 us der statttun ✳
1150 2341 1762 2455 dem Zechenden artiesel ds
1021 2381 1782 2518 Er sol gredt haben es laget
1048 2457 1799 2575 zu Wier vil volchs mirfnam
1078 2509 1780 2636 xx gnan vandsant zu Shalen
