1846 2596
380 122 889 235 ff Frytag dem
231 196 853 310 22 tag degnsti im
204 269 885 386 5 s 2 jar Bresenntgg
199 342 900 462 b dachselhoffers des tpar
169 415 902 538 Barthlom mey dr burgenn
202 711 854 812 att Melher dem vonn
140 782 872 883 Coupfenn vff die artickelt so
157 833 897 952 ime fürghalttenn. De zeig
159 905 869 1016 wie er zu Fryburg ein halb
142 974 886 1082 Jarzur Eronnen gedienet dem
153 1046 886 1157 nach disen summer gshint und
155 1112 889 1212 uss demselbigen gelt sich bisshar
161 1181 847 1284 daruß enthalttenn, vnnd ernert
153 1241 880 1357 Demnach habt es sich begeben, das
156 1313 873 1427 er kurtzuerenckten Zytt zu sinem
151 1377 848 1474 gsellenn willelm margnet zu
153 1445 861 1548 sikingen thomen ✳ unnd also
161 1518 911 1629 mit einanderen hin vnnd wider zoge
152 1586 870 1681 unnd ob signouw zu einem eingen
147 1651 875 1747 Hoff khomen. da Junn der Landt¬
140 1711 879 1822 mann guessen geben, dem sy demnach
140 1777 865 1880 als sy den seich offen gsechen ein
139 1850 888 1939 achs gnommen unnd mit der sebbig
136 1923 903 2009 achs ein trog im sacher uffgwegn
137 1983 797 2076 vnnd ime uss einem seckell
144 2043 847 2143 fùnffthalbe kronen gnommen
140 2104 872 2212 darfur er ebachtr wuste nit nit
148 2167 846 2274 Ob es mer dann wie er anzeitt
156 2231 418 2326 habe gsin.
128 2341 847 2478 Aat. di wensebe, so er anhat
165 2415 865 2550 hatter anzugung geben er habe
1648 71 1732 147 84
989 150 1753 271 dasselbig zu Basel kkoufft unnd
989 211 1747 346 das gelt darus ers khonfft zu
990 302 1654 419 Solothern auch Basell dare
991 396 1483 490 gewerchett gwinnen
1016 524 1717 641 Ittem gfragtt wordenn, ob er
1015 596 1726 723 iie gholffenn spich vffbrechenn
999 673 1677 783 ist im bkhanntlich ds er me
1014 722 1756 845 gholffenn noch mi im sein eheht
1017 802 1649 926 Sye ime leid das er sich alß
1001 862 1747 981 liederlich mit oban gezogen dies
1018 945 1739 1044 stal begangen haft ✳ will
1020 1011 1764 1118 sonnst mit wythers ekhandrlich
1008 1084 1102 1166 sin
957 1195 1712 1305 Ist Ler demnach mit dem
1009 1258 1680 1368 kleinen vnnd mittlisten Stein
991 1333 1418 1446 uffzogen wordenn.
1159 1510 1631 1651 Soden Proßneitus
1185 1625 1568 1708 Gott supta ✳
964 1719 1657 1817 Wilhelm Marandt vß der
1014 1781 1662 1885 hersthafft walid ist ouch zu
1002 1840 1748 1955 Marseli gfragt wordenn, wo er
1005 1904 1663 2007 zu sinem gsellen sye khon
999 1972 1708 2080 Annzeigt syennt zu Subigen
994 2050 1714 2153 zesamen khomen. nnd
995 2079 1733 2217 des gelts halb anzeigt wie sin
991 2166 1726 2277 gsell hievor nalich sy habindts
989 2224 1713 2355 zu signouw inn einem frog den
1000 2294 1656 2410 sy mit einer achs vffbrochen
