1847 2624
106 2216 174 2279 2
199 84 855 241 Uff mentag dem 25.
171 163 845 292 tag Nouembris im 1560
184 227 836 354 jar presentibus der ersamen
172 271 797 397 wyssen, Ludwig Archers
188 332 835 448 grossweybels, Petter Laped
192 394 856 525 burgeren, und miner gnädigen herren
229 472 875 578 wyblen, ist Catrin Müntzer
210 513 885 642 inn der frouwen keffi gfragt
224 580 414 656 worden.
235 638 865 732 Hatt anzeigt wie es den rock so
224 699 871 787 der zieglern durch Bendichten
220 746 854 843 Wickin umb 2 pfund versetzt worden
217 796 887 902 Dichtlin Wäber umb 6 pfund alkhon
219 861 801 958 und den bezalt, darnach
226 919 810 1003 hin es sich geschickt, das es
209 962 859 1052 demselbigen rock umb 1 kronen
110 1017 849 1123 Hans Solothurnmans frouwen versetzt
242 1085 849 1166 und alls es widerumb uss üwer
355 1123 810 1215 miner gnädigen herren gfängkhnüs
354 1166 786 1254 glassen sye es zuo meister
257 1211 774 1318 Dauids huss khommen und
258 1285 838 1385 sin jungfrouw so sin bassen ist
254 1337 844 1446 gebäten söllich rock ime zelösen
258 1383 780 1475 das es getahn, und vermeint
259 1438 833 1531 es wurde denselbigen ir lassen
253 1503 815 1571 das es aber nit gethan den
265 1553 753 1633 es inne sunst pfund sye
265 1589 854 1691 schuldig gsin, die es von siner
265 1655 753 1735 wegen der wickhinen geben
271 1683 802 1800 müssen by dero sy hand gleit
264 1745 766 1838 näyerin, über das sye es
264 1795 816 1915 gangen, und den rock zu sinen
259 1872 823 1972 handen gnommen, und den versetzen
273 1902 802 1998 lassen wie obstat, darmit es
263 1949 790 2061 gelt überkhon möchte, zu essen
159 1997 829 2124 zekhouffen den es in zweyenn
222 2066 692 2158 tagen nutzit gessen.
222 2133 789 2249 Die gänss aber, so Cristen
252 2195 769 2300 Nussboum verloren, habe
323 2244 401 2282 alle
250 2248 811 2349 die wickhinen genommen.
1002 95 1682 198 Item es habe hwuhe inn
999 159 1649 271 Gilgen Hermans huss zinin
1033 220 1585 340 schusslen gnommen und
1319 272 1470 324 einem
991 266 1706 388 dieselbige Marti Keller umb
1008 322 1655 450 zwen plt verkhoufft werts
1011 365 1723 490 zinine schüssli Petter Berchtolds
1012 446 1695 561 zeichen gehept und sye derselbigen
1012 505 1665 624 gschirs mit Berchtolds zeichen
1016 562 1422 656 noch mer im huss.
994 642 1552 759 Denne so habe es von der
1005 675 1710 819 der zweyen pfunden sine gspilen gelt
1016 764 1731 855 Bendichtli Wickin, 1 dickpfennig
990 817 1734 915 und 1 betzen entlent sint von
1008 885 1682 997 habe us by Marti Jenner
1013 940 1654 1041 an der Houplitzgassen die inn
1006 990 1691 1094 wo es ettwas über khumpt
1000 1042 1728 1163 söllichs helffen essen und vertrinken.
1180 1186 1396 1259 Eodem
1013 1244 1552 1360 Presentibus wie obstat
1012 1320 1684 1417 ist Bendichtli Wickin gfragt
983 1367 1686 1463 hatt anzeigt wie Catrin Müntzer
1003 1433 1689 1519 zuo ime khommen, und den rock
1007 1488 1695 1576 tragen, unnd in angsprochen, ob es
1009 1530 1747 1635 ime wölle gelt daruff ventlenen
1015 1596 1694 1680 und als es den rock gesächen, habe
1018 1650 1694 1748 es wol gwüsst, das er sin sye, der
1004 1703 1667 1796 es inn habe gesechen khouffen und
1009 1752 1703 1843 bezalen, habe es gsprochen ja wer
1025 1812 1735 1893 und hiemit das gelt wie obluet
977 1862 1689 1948 daruff entlent mit habe es
1013 1905 1721 2009 im nie nützit helffen nemmen noch
990 1967 1304 2063 darzuo gholffen.
