1923 2706
377 138 826 273 Jesar Ley
182 219 968 433 ff Zinstag 15 februarii 181
142 331 867 471 prestntibus Ehn stetters von
156 409 946 579 groffenrinde des thats Lunderrn
153 489 898 625 wehers großweyferts vnd der
153 575 647 701 Weyffen . g h.
193 732 916 895 att zu Marsilli der Johan
117 846 889 997 wis von warnel by werden
174 906 946 1055 lag ingeigt das Erstlich gu
130 998 950 1128 füsch land khemen als ing ferren
120 1067 960 1213 des land zugnomen, vnd vßsonen
129 1144 952 1271 landzogen von wigen das nit
154 1227 889 1352 ser fruchtbar und dem disn
142 1312 959 1421 land nachzogen und das man der
148 1382 912 1496 werde luh allermest vm gotts
203 1465 962 1570 villengibt, wie dan solliche der
174 1532 592 1631 bättleren bruch
166 1651 909 1752 ittem nit ehandtlich das er
174 1724 945 1836 den Fiebold var ektmit noch
180 1795 956 1903 das Er mit Ime geseinschafft gherte
191 1866 947 1988 vnd mit demstlben Eosts ghandlet
195 1943 897 2050 habe er sye sonst wol 1 vil
190 2008 982 2109 dem lüt gwandtet, aber mit keinem
187 2079 792 2184 vbels noch selbs, volbracht,
175 2172 926 2294 Ittem er zu solothun vor ettwas
233 2254 965 2366 yts pfangen gwäsen umd deßwille
198 2310 950 2419 das sin jetige frouw in ainem dorff
198 2380 915 2486 Hins ehinds ffrüe gnäsen unnd
214 2440 888 2536 zwolff im huß alls bandaruon
211 2508 897 2605 uns und erallein darfy gsin
1699 76 1774 140 14
1082 113 1797 282 uff sollichs einen iu gefrag.
1074 203 1812 353 wie sich solliche gutzag hirben
1069 287 1810 434 altr gelich wind keinden uglassen
1095 397 1299 495 rden
1096 498 1714 652 Item zu Barlun syn
1093 590 1780 734 Er auch gfangen gesun
1068 679 1745 822 Etenwigen das ehr als
1087 757 1806 914 en daßelbst dße auh ußsey
1127 842 1776 1003 sit vnd das Er sich des so
1117 929 1810 1073 zn worden nit veringen stnde
1097 1027 1674 1169 Fust darzu geheishen
1122 1149 1744 1256 It m vershundtlich de E
1159 1216 1644 1340 vnß schendlenhate
1157 1319 1756 1413 lar dariuh mir
1166 1388 1787 1504 vin Ehey stein uffzot
1109 1474 1802 1567 wis iir wythers beherten
1122 1548 1690 1677 ist lredig usglassn
1137 1618 1611 1709 arte dem 201 aag
1127 1683 1735 1796 horunngs im 1561 jar
