4032 3024
994 932 1959 1074 Vnd auß dem Jenigen Geldt Namblichen
995 1015 2023 1121 4. Dubl. welche Er zu vor von seinem Vetteren
992 1079 2002 1188 Michel Mavion enthleut gehabt, bezahlt.
968 1173 1999 1293 Ohngeacht nun Er Cheriae von Muchhl. Exami¬
1000 1240 2012 1349 ratoren krefftig ermahnt worden, die Wahrheit
998 1295 2018 1415 dieser sach, welche albereit auß underschidelicher
983 1360 1948 1467 Gezeugen Außsaag und denen vor augew
989 1419 1963 1530 ligenden silbernen sachen, so heiter am Tag
992 1479 2014 1584 seye gnetigklich zu bekennen, so hat dennoch
986 1526 1965 1654 derselbe Hantz und gar nichts gestehen wollen
970 1601 1975 1714 sonderen gäntzlichen darauff beharret, daß
973 1676 1959 1786 Er Min lhl. Brigadier Stürler niemahlen
981 1723 1462 1820 nichts entwendet habe
973 1793 1926 1914 Weßtwegen dann Mihhl. Examinator
980 1860 1936 1976 Weilen Er hierbey nichts Weiters thun
974 1921 1937 2034 können so bey die sem Examen für diß
970 1994 1980 2100 mahlen bewenden laßen. Actum 27. Octob.
1785 2081 1922 2165 72.
930 899 976 953 26
2264 1042 3310 1143 Dieweilen Hypolitte Gerin von Ber¬
2261 1116 3291 1209 in hievorigem den 27: Octob mit Ihme ge¬
2250 1162 3301 1264 haltenen Eocamine, ohngnacht der in Wallis
2245 1233 3310 1318 Eydtlich vernomenen Klundtschafften Außsaag
2254 1275 3290 1366 und vor Augen gelegdten entwendten silber
2260 1326 3302 1419 nen sachen, dennoch den von Hrn Brigadies
2251 1379 3301 1477 Sturler geklagdten Diebstahl nit bekandt
2257 1449 3253 1529 lich seyn wollen, Habend Ihr Grrl.
2255 1503 3289 1613 durch einen früschen befelch Muchhere Baun
2246 1571 3259 1653 Herren Lerber aufgetragen diesen Cheris
2260 1617 3251 1710 mit Vorstell- und confrontierung der von
2245 1660 3283 1773 Hrn Brigadies Sturler alhar bescheidenen
2246 1716 3234 1823 HaußLeuthen von vivis, als Gezeugen
2243 1783 3244 1877 nochmahlen ernstlichen zu examinieren
2239 1836 3240 1955 Welchen zu volg MrHh. Examinator
2241 1903 3265 2008 Den 11t Decemb sich widrumb in die ge
2237 1967 3240 2079 fangenschafft begeben und in Abermahli
2246 2043 3277 2137 ger Gegenwahrt E.r Gl. dieneren des
2240 2114 3260 2205 Hrn Großweibels und des Grichtschreibers
2234 2168 3130 2261 WWie auch Hun Brigadier Sturlers Er
3116 2186 3259 2273 Gul
2239 2216 3213 2323 ernstliche intention mit beweglichen
2970 2302 3208 2405 zusprechen
2162 937 2233 1021 27
