4032 3024
855 1705 863 1706 ex
974 960 1913 1087 Reßihme aber befohlen worden auff
985 1044 1746 1137 der Marter baus zusizen.
983 1101 1896 1232 Sagte Er, er besinne sich, daß Ervor
905 1130 959 1231 E
956 1195 1890 1303 ohngefehrd 12. Jahren dem Stiffel
972 1250 1854 1364 nacher Hauß Lermann habe
952 1320 1923 1417 geholffen an Einem Bazenstempfel
962 1379 1898 1482 nachen, auch habe Er demselben Lee¬
959 1440 1931 1538 man etwas auß einem Rüchlin abge¬
944 1507 1889 1605 schriben, welches ihme den Jacob In¬
953 1566 1923 1676 gald geben so von Kupfer weiß zumachen
938 1651 1059 1738 pech
960 1688 1828 1795 Vas Er an demselbigen Bazen
966 1754 1461 1859 tampfel gemacht
935 1818 1892 1921 R. Er habe den Ring darumb gestohen,
957 1911 1812 2003 Ob Er sonsten nichts weiters daran
959 1970 1296 2054 gemacht habe
937 2027 1314 2121 Nein gar nicht
970 2075 1889 2182 Man habe ihne so offt auff der unwahr
934 2142 1877 2230 heit befunden, daß man ihme nicht
936 2195 1860 2301 könne glauben zustellen, es könne
937 2259 1801 2347 nit andern seyn, alß daß Er noch
946 2313 1866 2408 andere sempfel mehr, alß aber mun
1728 2369 1860 2446 den
832 952 896 1066 02
851 1705 929 1811 ex
876 1938 918 2009 2
867 2031 925 2108 R
797 2101 927 2201 Repl
852 1825 936 1925 R. Er habe den Ring darumb gestohen,
2020 979 3048 1095 203 den Zuger stempfel und ganz baze
2116 1025 3075 1152 stempfel muße gemacht haben, dan
2103 1083 3070 1218 sonsten Er nit hätte wurden 30. R.
2121 1130 3044 1264 bidrumb 31. Ihlr geben, daß man
2133 1230 2826 1334 ihme selbiges verschweige
2134 1249 3025 1403 Mehrere Stampfel alß dise zwei¬
2131 1331 3102 1475 die Er schon vor 14 Jahren, vnd Zwag¬
2128 1384 3099 1529 beyde in einem Jahr verfertiget
2128 1441 3148 1576 habe er Einmahl nicht gemacht Es trge
2133 1506 3099 1650 auch nicht minder, dan daß Er dises
2130 1578 3090 1707 gelt dem Büechler geben allein Er
2144 1640 3129 1762 habe Ihn mächtig bedraut darumb
2131 1694 3123 1828 habe Er Ihme auch die Obligation dar zu
2131 1797 2540 1900 herauß geben
2132 1897 3096 2037 HBeilen Er aber ohngeacht aller
2133 1964 3129 2071 Ernstlichen zusprechens nicht weiters
2136 2009 3153 2147 bekantlich seyn wollen haben Mehhl.
2134 2094 3113 2201 Examinatoren befohlen Ihne mit
2145 2134 3143 2267 lährer Marter aufzuziechen, da Er
2275 2226 2385 2271 auch
2145 2199 3114 2308 dan mihr durch der deemann s ihme
2149 2246 3139 2350 under angen erhalten, daß Er den einten
2151 2304 3119 2411 Stempfel ganz, gemacht und Kart
2155 2345 2988 2430 anderen noch das reizstbe
2162 2381 3153 2492 aber Freywillig betet. Woraufhe
2044 1320 2106 1422 B
2124 1472 2128 1505 beyde in einem Jahr verfertiget
2124 1523 2129 1577 habe er Einmahl nicht gemacht Es trge
2116 1656 2130 1708 gelt dem Büechler geben allein Er
2129 1769 2131 1806 habe Er Ihme auch die Obligation dar zu
2125 1825 2132 1901 herauß geben
2126 1913 2133 2027 HBeilen Er aber ohngeacht aller
2099 2007 2133 2085 Ernstlichen zusprechens nicht weiters
2123 2123 2134 2186 Examinatoren befohlen Ihne mit
