<?xml version="1.0" encoding="UTF-8" standalone="yes"?>
<PcGts xmlns="http://schema.primaresearch.org/PAGE/gts/pagecontent/2013-07-15" xmlns:xsi="http://www.w3.org/2001/XMLSchema-instance" xsi:schemaLocation="http://schema.primaresearch.org/PAGE/gts/pagecontent/2013-07-15 http://schema.primaresearch.org/PAGE/gts/pagecontent/2013-07-15/pagecontent.xsd">
    <Metadata>
        <Creator>prov=University of Rostock/Institute of Mathematics/CITlab|PLANET AI GmbH/Gundram Leifert/gundram.leifert@planet-ai.de:name=Transkribus German Kurrent M2(htr_id=29820)::::v=2.6.7
prov=University of Rostock/Institute of Mathematics/CITlab|PLANET AI GmbH/Tobias Gruening/tobias.gruening@planet-ai.de:name=de.uros.citlab.module.baseline2polygon.B2PSeamMultiOriented:v=2.6.7
prov=University of Rostock/Institute of Mathematics/CITlab|PLANET AI GmbH/Tobias Gruening/tobias.gruening@planet-ai.de:name=/net_tf/LA73_249_0mod360.pb:de.uros.citlab.segmentation.CITlab_LA_ML:v=2.6.7
Transkribus</Creator>
        <Created>2022-05-02T16:07:29.130+02:00</Created>
        <LastChange>2023-06-17T17:29:22.733+02:00</LastChange>
        <TranskribusMetadata docId="1336518" pageId="52421632" pageNr="162" tsid="127191636" status="IN_PROGRESS" userId="42748" imgUrl="https://files.transkribus.eu/Get?id=YUHIZRQQHYSEVPBBHWPEGFGM&amp;fileType=view" xmlUrl="https://files.transkribus.eu/Get?id=YVNKDHTRZUVMFFDLHAWKRBST" imageId="30694614"/>
    </Metadata>
    <Page imageFilename="IMG_6716.jpg" imageWidth="4032" imageHeight="3024">
        <ReadingOrder>
            <OrderedGroup id="ro_1687513578007" caption="Regions reading order">
                <RegionRefIndexed index="0" regionRef="TextRegion_1687015733234_2660"/>
                <RegionRefIndexed index="1" regionRef="TextRegion_1687015749132_2672"/>
                <RegionRefIndexed index="2" regionRef="TextRegion_1687015745399_2664"/>
            </OrderedGroup>
        </ReadingOrder>
        <TextRegion orientation="0.0" type="paragraph" id="TextRegion_1687015733234_2660" custom="readingOrder {index:0;} structure {type:paragraph;}">
            <Coords points="735,1032 1896,1133 1896,2436 776,2441"/>
            <TextLine id="r2l1" custom="readingOrder {index:0;}">
                <Coords points="897,1170 1592,1202 1879,1182 1647,1097 1424,1138 1340,1099 1234,1133 1162,1097 898,1116"/>
                <Baseline points="903,1163 951,1164 999,1164 1048,1165 1096,1166 1145,1167 1193,1167 1242,1169 1290,1170 1339,1171 1387,1172 1435,1173 1484,1175 1532,1176 1581,1178 1629,1179 1678,1181 1726,1182 1775,1184 1823,1185 1872,1187"/>
                <TextEquiv>
                    <Unicode>erhalten, daß es Taun aunerlin vnd die</Unicode>
                </TextEquiv>
            </TextLine>
            <TextLine id="r2l2" custom="readingOrder {index:1;}">
                <Coords points="881,1262 1057,1231 1376,1261 1412,1234 1865,1277 1866,1203 1268,1181 1163,1211 882,1175"/>
                <Baseline points="888,1230 936,1230 985,1229 1033,1229 1082,1229 1130,1229 1179,1230 1227,1230 1276,1230 1324,1230 1373,1231 1422,1232 1470,1232 1519,1233 1567,1233 1616,1235 1664,1235 1713,1236 1761,1236 1810,1238 1859,1239"/>
                <TextEquiv>
                    <Unicode>Ischiffelenen Ihme geholfen das betth hin</Unicode>
                </TextEquiv>
            </TextLine>
            <TextLine id="r2l3" custom="readingOrder {index:2;}">
                <Coords points="869,1306 933,1331 1037,1299 1074,1318 1366,1308 1466,1328 1526,1313 1526,1269 1407,1236 1376,1260 1358,1244 1326,1267 1202,1276 1087,1268 1031,1239 938,1267 868,1253"/>
                <Baseline points="875,1292 907,1290 939,1290 971,1290 1004,1289 1036,1289 1068,1289 1100,1289 1133,1289 1165,1289 1197,1289 1229,1287 1262,1287 1294,1287 1326,1287 1358,1287 1391,1287 1423,1287 1455,1287 1487,1287 1520,1287"/>
                <TextEquiv>
                    <Unicode>begtragen, und entwenden</Unicode>
                </TextEquiv>
            </TextLine>
            <TextLine id="r2l4" custom="readingOrder {index:3;}">
                <Coords points="866,1376 1061,1348 1144,1386 1238,1351 1341,1394 1685,1358 1878,1388 1879,1329 1044,1299 866,1326"/>
                <Baseline points="872,1353 922,1352 972,1352 1022,1352 1072,1353 1122,1353 1172,1355 1222,1355 1272,1356 1322,1358 1372,1359 1422,1359 1472,1361 1522,1361 1572,1362 1622,1362 1672,1362 1722,1362 1772,1361 1822,1359 1872,1358"/>
                <TextEquiv>
                    <Unicode>hierauff Sagdte es, sie seyend alle drey mit</Unicode>
                </TextEquiv>
            </TextLine>
            <TextLine id="r2l5" custom="readingOrder {index:4;} place {offset:14; length:10;}">
                <Coords points="869,1442 1060,1410 1160,1441 1391,1414 1525,1443 1622,1413 1778,1455 1841,1443 1842,1367 1726,1361 1684,1394 1634,1367 1342,1396 1235,1351 1148,1387 869,1380"/>
                <Baseline points="876,1404 924,1404 972,1406 1020,1406 1068,1407 1116,1409 1164,1409 1212,1410 1260,1410 1308,1410 1356,1412 1404,1412 1452,1413 1500,1413 1548,1413 1596,1413 1644,1413 1692,1413 1740,1413 1788,1413 1836,1413"/>
                <TextEquiv>
                    <Unicode>Einanderen zu bleyenbach übernacht gsin</Unicode>
                </TextEquiv>
            </TextLine>
            <TextLine id="r2l6" custom="readingOrder {index:5;}">
                <Coords points="879,1474 1902,1483 1878,1440 1678,1418 1161,1442 879,1406"/>
                <Baseline points="885,1463 935,1463 986,1463 1036,1463 1087,1463 1137,1463 1188,1464 1238,1464 1289,1464 1339,1465 1390,1466 1441,1466 1491,1466 1542,1467 1592,1467 1643,1467 1693,1467 1744,1467 1794,1467 1845,1467 1896,1467"/>
                <TextEquiv>
                    <Unicode>und des Morgends hinweg auf olten zu gangen</Unicode>
                </TextEquiv>
            </TextLine>
            <TextLine id="r2l7" custom="readingOrder {index:6;}">
                <Coords points="874,1524 1027,1557 1071,1524 1121,1559 1165,1526 1295,1561 1369,1521 1780,1541 1846,1519 1846,1481 1741,1505 1679,1473 1531,1497 1401,1467 1304,1499 1131,1468 874,1497"/>
                <Baseline points="881,1515 928,1515 976,1517 1024,1517 1072,1518 1120,1518 1168,1520 1216,1520 1264,1520 1312,1520 1360,1521 1407,1521 1455,1521 1503,1521 1551,1521 1599,1521 1647,1521 1695,1521 1743,1521 1791,1521 1839,1521"/>
                <TextEquiv>
                    <Unicode>nachwehrts habe sich das Steini widrumb</Unicode>
                </TextEquiv>
            </TextLine>
            <TextLine id="r2l8" custom="readingOrder {index:7;} place {offset:3; length:4;} place {offset:12; length:10;}">
                <Coords points="875,1603 937,1575 1257,1609 1352,1572 1409,1605 1625,1572 1848,1590 1848,1539 1752,1525 1358,1527 1295,1561 875,1535"/>
                <Baseline points="881,1575 929,1576 977,1577 1025,1577 1073,1577 1121,1577 1169,1578 1217,1578 1265,1578 1313,1578 1361,1578 1409,1578 1457,1578 1505,1578 1553,1577 1601,1577 1649,1577 1697,1575 1745,1574 1793,1574 1842,1572"/>
                <TextEquiv>
                    <Unicode>zu Rink auf bleyenbach begeben und das</Unicode>
                </TextEquiv>
            </TextLine>
            <TextLine id="r2l9" custom="readingOrder {index:8;}">
                <Coords points="869,1643 1177,1636 1292,1677 1407,1643 1479,1664 1734,1629 1775,1653 1829,1635 1829,1589 1409,1605 1342,1576 1271,1619 1056,1578 869,1605"/>
                <Baseline points="875,1632 922,1632 969,1632 1017,1632 1064,1632 1112,1632 1159,1634 1206,1634 1254,1635 1301,1635 1349,1637 1396,1637 1443,1637 1491,1637 1538,1637 1586,1635 1633,1634 1680,1631 1728,1629 1775,1625 1823,1620"/>
                <TextEquiv>
                    <Unicode>betth genommen, Es habe gar mit darzu</Unicode>
                </TextEquiv>
            </TextLine>
            <TextLine id="r2l10" custom="readingOrder {index:9;}">
                <Coords points="869,1716 896,1711 906,1720 932,1720 967,1697 979,1706 1003,1701 1016,1708 1033,1698 1045,1706 1077,1707 1075,1658 1036,1640 976,1650 954,1645 921,1670 893,1672 867,1659"/>
                <Baseline points="875,1691 902,1689 930,1688 958,1686 986,1685 1014,1685 1042,1683 1070,1685"/>
                <TextEquiv>
                    <Unicode>geholffen</Unicode>
                </TextEquiv>
            </TextLine>
            <TextLine id="r2l11" custom="readingOrder {index:10;}">
                <Coords points="868,1775 1235,1757 1324,1801 1364,1761 1528,1796 1573,1760 1660,1798 1882,1753 1822,1706 1644,1738 1435,1694 1300,1733 968,1698 868,1725"/>
                <Baseline points="875,1757 925,1757 975,1757 1025,1758 1075,1758 1125,1758 1175,1758 1225,1760 1275,1760 1325,1760 1375,1760 1425,1760 1475,1760 1525,1758 1575,1758 1625,1757 1675,1756 1725,1755 1775,1752 1825,1751 1875,1749"/>
                <TextEquiv>
                    <Unicode>Endtlichen aber nach deme Ihme hierüber</Unicode>
                </TextEquiv>
            </TextLine>
            <TextLine id="r2l12" custom="readingOrder {index:11;}">
                <Coords points="875,1827 997,1816 1093,1850 1131,1819 1204,1849 1238,1820 1378,1844 1415,1815 1508,1848 1594,1814 1723,1841 1848,1809 1711,1767 1659,1799 1569,1771 1484,1798 875,1767"/>
                <Baseline points="882,1812 930,1814 978,1814 1026,1814 1074,1815 1122,1815 1170,1815 1218,1815 1266,1817 1314,1817 1362,1817 1410,1817 1458,1815 1506,1815 1554,1815 1602,1814 1650,1812 1698,1811 1746,1809 1794,1808 1842,1805"/>
                <TextEquiv>
                    <Unicode>ernstlich zugesprochen, auch hinauf zur</Unicode>
                </TextEquiv>
            </TextLine>
            <TextLine id="r2l13" custom="readingOrder {index:12;}">
                <Coords points="857,1884 955,1874 1035,1916 1236,1872 1860,1891 1833,1813 1561,1858 1458,1818 1384,1845 1246,1820 1168,1862 997,1817 953,1849 856,1829"/>
                <Baseline points="863,1874 912,1875 962,1875 1011,1877 1061,1877 1110,1877 1160,1877 1209,1877 1259,1877 1308,1877 1358,1876 1407,1875 1457,1875 1506,1874 1556,1874 1605,1872 1655,1872 1704,1871 1754,1870 1803,1869 1853,1868"/>
                <TextEquiv>
                    <Unicode>Marter geführt und auf den stuhl zu sitzen</Unicode>
                </TextEquiv>
            </TextLine>
            <TextLine id="r2l14" custom="readingOrder {index:13;}">
                <Coords points="872,1951 1840,1942 1828,1893 1661,1904 1633,1877 1580,1901 1343,1881 1223,1919 1144,1882 1056,1915 956,1879 872,1901"/>
                <Baseline points="878,1929 925,1931 973,1931 1021,1931 1069,1931 1116,1931 1164,1932 1212,1932 1260,1932 1307,1932 1355,1932 1403,1932 1451,1932 1498,1931 1546,1931 1594,1929 1642,1928 1689,1926 1737,1925 1785,1923 1833,1920"/>
                <TextEquiv>
                    <Unicode>befohlen worden, sagdte es nach Vielein da¬</Unicode>
                </TextEquiv>
            </TextLine>
            <TextLine id="r2l15" custom="readingOrder {index:14;}">
                <Coords points="868,1985 1121,1991 1174,2024 1249,1991 1374,2024 1854,1974 1853,1928 1777,1926 1683,1962 1455,1937 868,1958"/>
                <Baseline points="875,1985 923,1985 972,1986 1020,1986 1069,1986 1118,1987 1166,1988 1215,1988 1264,1988 1312,1988 1361,1988 1410,1988 1458,1988 1507,1986 1556,1985 1604,1984 1653,1982 1702,1979 1750,1977 1799,1973 1848,1970"/>
                <TextEquiv>
                    <Unicode>vieren, Ia. es habe dieses Betth (: so ein dact</Unicode>
                </TextEquiv>
            </TextLine>
            <TextLine id="r2l16" custom="readingOrder {index:15;}">
                <Coords points="848,2047 1485,2077 1549,2045 1625,2073 1717,2032 1859,2042 1859,1988 1343,2030 848,1992"/>
                <Baseline points="854,2039 906,2039 959,2040 1011,2040 1064,2042 1116,2042 1169,2043 1222,2045 1274,2045 1327,2046 1379,2046 1432,2046 1484,2045 1537,2045 1590,2043 1642,2040 1695,2037 1747,2033 1800,2028 1853,2024"/>
                <TextEquiv>
                    <Unicode>betth gewesen; am Morgen fruhe, als sie alda zu</Unicode>
                </TextEquiv>
            </TextLine>
            <TextLine id="r2l17" custom="readingOrder {index:16;} place {offset:0; length:10;}">
                <Coords points="863,2108 1010,2098 1054,2127 1157,2099 1254,2142 1826,2095 1711,2041 1464,2083 863,2053"/>
                <Baseline points="870,2097 917,2096 965,2096 1012,2096 1060,2097 1107,2097 1155,2099 1202,2099 1250,2100 1297,2102 1345,2103 1392,2103 1440,2103 1487,2103 1535,2103 1582,2103 1630,2100 1677,2099 1725,2096 1772,2091 1820,2087"/>
                <TextEquiv>
                    <Unicode>Bleyenbach übernacht gelegen, geholfen stählen</Unicode>
                </TextEquiv>
            </TextLine>
            <TextLine id="r2l18" custom="readingOrder {index:17;}">
                <Coords points="860,2160 930,2187 1016,2155 1241,2156 1395,2190 1875,2147 1839,2105 1776,2134 1648,2100 1317,2143 1204,2109 1061,2133 860,2108"/>
                <Baseline points="867,2154 917,2153 967,2151 1017,2151 1067,2153 1117,2153 1167,2154 1217,2156 1267,2157 1317,2159 1367,2159 1417,2160 1467,2160 1517,2160 1567,2160 1617,2159 1667,2157 1717,2154 1767,2151 1817,2146 1868,2139"/>
                <TextEquiv>
                    <Unicode>und habe das Stein solches zuerst biß an die</Unicode>
                </TextEquiv>
            </TextLine>
            <TextLine id="r2l19" custom="readingOrder {index:18;} place {offset:0; length:5;} place {offset:39; length:7;}">
                <Coords points="860,2213 919,2249 1114,2210 1295,2234 1332,2212 1396,2243 1465,2220 1526,2250 1606,2212 1701,2252 1833,2208 1738,2168 1523,2166 1455,2195 1050,2158 927,2187 860,2159"/>
                <Baseline points="866,2207 914,2205 962,2205 1010,2205 1058,2205 1106,2207 1154,2207 1202,2208 1250,2210 1298,2210 1346,2211 1394,2213 1442,2213 1490,2214 1538,2214 1586,2214 1634,2213 1682,2211 1730,2210 1778,2207 1826,2204"/>
                <TextEquiv>
                    <Unicode>Beugg, von dannen es selbiges biß nach Buchser</Unicode>
                </TextEquiv>
            </TextLine>
            <TextLine id="r2l20" custom="readingOrder {index:19;} place {offset:33; length:10;}">
                <Coords points="866,2278 933,2304 1051,2260 1121,2294 1340,2270 1410,2308 1627,2274 1686,2312 1865,2272 1865,2225 1693,2251 1607,2212 1526,2250 1377,2247 1333,2213 942,2244 866,2222"/>
                <Baseline points="872,2264 921,2262 970,2262 1020,2263 1069,2264 1118,2264 1168,2265 1217,2267 1266,2268 1316,2268 1365,2270 1414,2271 1464,2271 1513,2271 1562,2271 1612,2271 1661,2270 1710,2267 1760,2265 1809,2262 1859,2258"/>
                <TextEquiv>
                    <Unicode>getragen daselbsten der wührt zu Bleyenbach</Unicode>
                </TextEquiv>
            </TextLine>
            <TextLine id="r2l21" custom="readingOrder {index:20;}">
                <Coords points="835,2364 943,2342 1073,2369 1150,2332 1250,2369 1290,2354 1420,2377 1520,2361 1521,2292 1455,2312 1379,2283 1284,2314 1241,2280 1123,2295 1054,2259 1012,2296 932,2303 881,2277 836,2312"/>
                <Baseline points="842,2330 875,2328 909,2327 942,2325 976,2325 1010,2325 1043,2325 1077,2325 1110,2325 1144,2325 1178,2325 1211,2327 1245,2327 1278,2328 1312,2328 1346,2330 1379,2331 1413,2332 1446,2333 1480,2334 1514,2334"/>
                <TextEquiv>
                    <Unicode>Ihnen solches wider abgesagt</Unicode>
                </TextEquiv>
            </TextLine>
            <TextLine id="r2l22" custom="readingOrder {index:21;}">
                <Coords points="1594,2452 1618,2447 1627,2453 1635,2447 1654,2460 1662,2460 1691,2443 1706,2450 1716,2361 1709,2360 1692,2339 1681,2334 1673,2336 1667,2331 1654,2339 1644,2332 1626,2336 1608,2328"/>
                <Baseline points="1605,2408 1637,2420 1670,2421 1703,2421"/>
                <TextEquiv>
                    <Unicode>E.</Unicode>
                </TextEquiv>
            </TextLine>
            <TextLine id="r1l1" custom="readingOrder {index:22;}">
                <Coords points="764,1160 793,1159 799,1153 805,1154 819,1138 826,1140 839,1131 851,1131 847,1069 823,1072 820,1069 817,1072 811,1067 803,1069 796,1065 784,1073 779,1074 774,1069 766,1077 759,1076"/>
                <Baseline points="768,1116 793,1117 818,1114 843,1113"/>
                <TextEquiv>
                    <Unicode>914</Unicode>
                </TextEquiv>
            </TextLine>
            <TextEquiv>
                <Unicode>erhalten, daß es Taun aunerlin vnd die
Ischiffelenen Ihme geholfen das betth hin
begtragen, und entwenden
hierauff Sagdte es, sie seyend alle drey mit
Einanderen zu bleyenbach übernacht gsin
und des Morgends hinweg auf olten zu gangen
nachwehrts habe sich das Steini widrumb
zu Rink auf bleyenbach begeben und das
betth genommen, Es habe gar mit darzu
geholffen
Endtlichen aber nach deme Ihme hierüber
ernstlich zugesprochen, auch hinauf zur
Marter geführt und auf den stuhl zu sitzen
befohlen worden, sagdte es nach Vielein da¬
vieren, Ia. es habe dieses Betth (: so ein dact
betth gewesen; am Morgen fruhe, als sie alda zu
Bleyenbach übernacht gelegen, geholfen stählen
und habe das Stein solches zuerst biß an die
Beugg, von dannen es selbiges biß nach Buchser
getragen daselbsten der wührt zu Bleyenbach
Ihnen solches wider abgesagt
E.
914</Unicode>
            </TextEquiv>
        </TextRegion>
        <TextRegion orientation="0.0" type="paragraph" id="TextRegion_1687015749132_2672" custom="readingOrder {index:1;}">
            <Coords points="1937,1144 1954,1059 3130,1088 3093,2394 2054,2394 2088,1132"/>
            <TextLine id="line_1687015745541_2668" custom="readingOrder {index:0;}">
                <Coords points="1969,1087 1981,1087 2002,1068 2011,1073 2038,1075 2051,1088 2062,1085 2063,1129 2034,1135 2026,1143 2007,1149 2001,1152 1969,1158"/>
                <Baseline points="1976,1130 2003,1132 2030,1129 2057,1130"/>
                <TextEquiv>
                    <Unicode>315</Unicode>
                </TextEquiv>
            </TextLine>
            <TextLine id="line_1687015745541_2670" custom="readingOrder {index:1;}">
                <Coords points="2006,1151 2017,1144 2046,1131 2067,1129 2066,1140"/>
                <TextEquiv>
                    <Unicode>E</Unicode>
                </TextEquiv>
            </TextLine>
            <TextLine id="r4l1" custom="readingOrder {index:2;} place {offset:10; length:10;}">
                <Coords points="2087,1221 2449,1208 2521,1242 2562,1211 2631,1245 2712,1210 2755,1242 2792,1210 2953,1228 3000,1197 3099,1223 3099,1179 2914,1133 2656,1170 2489,1118 2309,1165 2087,1126"/>
                <Baseline points="2094,1203 2146,1203 2199,1205 2251,1205 2304,1205 2356,1205 2409,1205 2462,1205 2514,1205 2567,1205 2619,1205 2672,1203 2724,1203 2777,1203 2830,1202 2882,1200 2935,1199 2987,1198 3040,1196 3093,1194"/>
                <TextEquiv>
                    <Unicode>Waß es zu Sollothurn gemacht, daß mann</Unicode>
                </TextEquiv>
            </TextLine>
            <TextLine id="r4l2" custom="readingOrder {index:3;}">
                <Coords points="2087,1295 2195,1267 2492,1308 2784,1272 2981,1303 3047,1284 3047,1222 2697,1248 2567,1212 2522,1240 2321,1205 2239,1239 2087,1230"/>
                <Baseline points="2093,1268 2140,1266 2187,1266 2235,1265 2282,1265 2330,1265 2377,1265 2424,1265 2472,1265 2519,1265 2567,1265 2614,1265 2661,1265 2709,1264 2756,1263 2804,1263 2851,1262 2898,1260 2946,1259 2993,1257 3041,1254"/>
                <TextEquiv>
                    <Unicode>Ihns mit der Bschiffelenen daselbsten einge¬</Unicode>
                </TextEquiv>
            </TextLine>
            <TextLine id="r4l3" custom="readingOrder {index:4;}">
                <Coords points="2080,1346 2103,1346 2112,1352 2117,1346 2132,1345 2168,1357 2177,1348 2183,1354 2190,1347 2204,1346 2197,1268 2186,1274 2172,1273 2163,1284 2147,1288 2125,1282 2099,1306 2086,1298 2076,1300"/>
                <Baseline points="2085,1332 2112,1328 2140,1325 2168,1322 2196,1323"/>
                <TextEquiv>
                    <Unicode>setzt</Unicode>
                </TextEquiv>
            </TextLine>
            <TextLine id="r4l4" custom="readingOrder {index:5;}">
                <Coords points="2103,1425 2151,1453 2220,1413 2321,1444 2377,1412 2635,1437 2680,1399 2713,1425 2768,1397 2912,1425 3042,1387 3040,1336 2970,1358 2803,1330 2721,1374 2639,1344 2540,1381 2490,1351 2100,1353"/>
                <Baseline points="2109,1416 2155,1415 2201,1413 2248,1411 2294,1410 2340,1409 2387,1407 2433,1406 2479,1406 2526,1404 2572,1403 2618,1401 2665,1399 2711,1397 2757,1396 2804,1394 2850,1392 2896,1389 2943,1386 2989,1383 3036,1380"/>
                <TextEquiv>
                    <Unicode>Es habe nichts gethan, die sach aber verhalte</Unicode>
                </TextEquiv>
            </TextLine>
            <TextLine id="r4l5" custom="readingOrder {index:6;}">
                <Coords points="2100,1485 2207,1511 2262,1461 2375,1506 2438,1468 2534,1486 2724,1456 2790,1494 2833,1462 3018,1466 3016,1416 2884,1401 2713,1424 2681,1399 2584,1442 2266,1422 2099,1449"/>
                <Baseline points="2105,1476 2150,1474 2195,1472 2240,1470 2286,1467 2331,1466 2376,1464 2422,1463 2467,1461 2512,1461 2558,1460 2603,1458 2648,1458 2693,1457 2739,1455 2784,1455 2829,1454 2875,1452 2920,1451 2965,1449 3011,1448"/>
                <TextEquiv>
                    <Unicode>sich also Nachdeme es die Tschiffelenen</Unicode>
                </TextEquiv>
            </TextLine>
            <TextLine id="r4l6" custom="readingOrder {index:7;}">
                <Coords points="2093,1546 2244,1568 2345,1531 2525,1523 2584,1554 2615,1524 2763,1545 2900,1515 2975,1540 3075,1518 3073,1460 2858,1462 2791,1494 2738,1464 2581,1495 2438,1468 2383,1506 2265,1479 2209,1513 2090,1488"/>
                <Baseline points="2099,1538 2147,1536 2195,1533 2244,1531 2292,1529 2341,1527 2389,1526 2438,1524 2486,1522 2535,1521 2583,1519 2631,1517 2680,1515 2728,1515 2777,1512 2825,1511 2874,1509 2922,1508 2971,1506 3019,1504 3068,1502"/>
                <TextEquiv>
                    <Unicode>unden führ Urtenen angetroffen, habe sie Ihm</Unicode>
                </TextEquiv>
            </TextLine>
            <TextLine id="r4l7" custom="readingOrder {index:8;} place {offset:24; length:9;}">
                <Coords points="2088,1603 2179,1622 2338,1584 2430,1622 2518,1577 2583,1607 2740,1574 2827,1610 2872,1581 3034,1592 3032,1532 2936,1551 2806,1517 2750,1547 2644,1522 2548,1562 2438,1535 2372,1568 2289,1536 2245,1568 2146,1545 2087,1572"/>
                <Baseline points="2094,1593 2140,1591 2187,1589 2233,1587 2280,1586 2327,1584 2373,1583 2420,1581 2466,1580 2513,1578 2560,1577 2606,1575 2653,1574 2699,1572 2746,1571 2793,1569 2839,1568 2886,1566 2932,1565 2979,1563 3026,1562"/>
                <TextEquiv>
                    <Unicode>angehalten mit Ihra auf Strasburg zugehen,</Unicode>
                </TextEquiv>
            </TextLine>
            <TextLine id="r4l8" custom="readingOrder {index:9;}">
                <Coords points="2082,1689 2142,1658 2222,1691 2276,1649 2411,1672 2479,1641 3054,1636 3065,1599 2872,1581 2817,1609 2740,1574 2331,1632 2079,1609"/>
                <Baseline points="2087,1656 2135,1653 2184,1652 2232,1649 2281,1647 2330,1646 2378,1643 2427,1641 2475,1640 2524,1638 2573,1636 2621,1634 2670,1632 2718,1631 2767,1629 2816,1626 2864,1625 2913,1622 2961,1620 3010,1619 3059,1616"/>
                <TextEquiv>
                    <Unicode>Ihres Zeug daselbsten abzuholen, dasie nun</Unicode>
                </TextEquiv>
            </TextLine>
            <TextLine id="r4l9" custom="readingOrder {index:10;} place {offset:4; length:10;}">
                <Coords points="2085,1733 3052,1692 3037,1625 2510,1674 2275,1650 2225,1689 2172,1661 2083,1689"/>
                <Baseline points="2091,1718 2138,1715 2186,1713 2234,1710 2281,1708 2329,1706 2377,1703 2424,1701 2472,1698 2520,1697 2568,1695 2615,1693 2663,1691 2711,1689 2758,1686 2806,1685 2854,1683 2901,1682 2949,1680 2997,1679 3045,1677"/>
                <TextEquiv>
                    <Unicode>bey Vollothurn angelanget, seye die Tschiffe</Unicode>
                </TextEquiv>
            </TextLine>
            <TextLine id="r4l10" custom="readingOrder {index:11;}">
                <Coords points="2085,1780 2223,1808 2339,1762 3043,1762 3041,1704 2989,1683 2841,1724 2709,1684 2605,1727 2084,1738"/>
                <Baseline points="2091,1770 2138,1769 2185,1767 2232,1766 2279,1764 2327,1762 2374,1760 2421,1758 2468,1755 2515,1754 2563,1751 2610,1749 2657,1747 2704,1745 2751,1742 2799,1740 2846,1738 2893,1736 2940,1734 2987,1731 3035,1730"/>
                <TextEquiv>
                    <Unicode>knnen in die Statt gangen, und Ihme befohlen</Unicode>
                </TextEquiv>
            </TextLine>
            <TextLine id="r4l11" custom="readingOrder {index:12;}">
                <Coords points="2086,1863 2247,1821 2403,1859 2465,1820 2949,1818 3035,1769 2863,1747 2751,1780 2527,1762 2083,1811"/>
                <Baseline points="2091,1826 2140,1826 2189,1825 2239,1824 2288,1822 2338,1820 2387,1819 2436,1817 2486,1814 2535,1811 2585,1809 2634,1806 2684,1804 2733,1802 2782,1799 2832,1797 2881,1794 2931,1793 2980,1790 3030,1788"/>
                <TextEquiv>
                    <Unicode>bey einem Krahmkadelin vor der Statt Jhre</Unicode>
                </TextEquiv>
            </TextLine>
            <TextLine id="r4l12" custom="readingOrder {index:13;}">
                <Coords points="2086,1884 2175,1911 2388,1868 2525,1895 2644,1865 3045,1863 3044,1828 2978,1802 2590,1811 2532,1849 2474,1823 2394,1858 2230,1824 2086,1862"/>
                <Baseline points="2093,1880 2140,1880 2187,1878 2234,1878 2282,1877 2329,1875 2376,1874 2423,1872 2471,1871 2518,1868 2565,1866 2612,1864 2660,1862 2707,1860 2754,1858 2801,1857 2849,1856 2896,1854 2943,1853 2990,1851 3038,1851"/>
                <TextEquiv>
                    <Unicode>nachzufragen allda sie widerzusamen komen</Unicode>
                </TextEquiv>
            </TextLine>
            <TextLine id="r4l13" custom="readingOrder {index:14;}">
                <Coords points="2091,1946 2652,1919 2712,1960 2779,1922 3023,1916 3048,1863 2932,1894 2645,1865 2548,1898 2387,1867 2316,1916 2088,1885"/>
                <Baseline points="2097,1943 2144,1940 2191,1937 2239,1934 2286,1932 2333,1931 2381,1928 2428,1926 2475,1926 2523,1923 2570,1923 2617,1922 2665,1920 2712,1918 2759,1917 2807,1914 2854,1913 2901,1909 2949,1907 2996,1904 3044,1901"/>
                <TextEquiv>
                    <Unicode>wollend; indeßen habe dietschiffelenen auß</Unicode>
                </TextEquiv>
            </TextLine>
            <TextLine id="r4l14" custom="readingOrder {index:15;} place {offset:16; length:10;}">
                <Coords points="2083,2041 2125,2002 2269,2021 2354,1988 2437,2021 2489,1988 2887,2006 2982,1968 3033,1985 3031,1915 2900,1944 2798,1920 2737,1963 2623,1918 2566,1947 2341,1936 2185,1979 2080,1941"/>
                <Baseline points="2088,2001 2134,1997 2181,1995 2228,1992 2275,1991 2322,1989 2369,1988 2416,1986 2463,1985 2510,1985 2557,1983 2603,1982 2650,1980 2697,1979 2744,1977 2791,1974 2838,1973 2885,1968 2932,1965 2979,1961 3026,1955"/>
                <TextEquiv>
                    <Unicode>dem Rahthauß zu Sollothurn (: Ihme gantz</Unicode>
                </TextEquiv>
            </TextLine>
            <TextLine id="r4l15" custom="readingOrder {index:16;}">
                <Coords points="2093,2059 2510,2047 2634,2074 2797,2030 2972,2043 3075,2016 3073,1979 2091,2031"/>
                <Baseline points="2099,2054 2147,2051 2195,2050 2244,2049 2292,2048 2341,2046 2389,2044 2438,2043 2486,2042 2535,2040 2583,2038 2631,2037 2680,2034 2728,2032 2777,2031 2825,2028 2874,2024 2922,2022 2971,2019 3019,2014 3068,2009"/>
                <TextEquiv>
                    <Unicode>unwußend: einihe Vmbhang Blatter entwendt</Unicode>
                </TextEquiv>
            </TextLine>
            <TextLine id="r4l16" custom="readingOrder {index:17;}">
                <Coords points="2103,2128 2969,2093 3000,2088 2998,2035 2792,2031 2701,2077 2549,2053 2510,2078 2437,2047 2382,2080 2291,2055 2101,2084"/>
                <Baseline points="2108,2109 2152,2108 2196,2108 2240,2106 2285,2105 2329,2105 2373,2103 2417,2102 2462,2102 2506,2100 2550,2099 2594,2096 2639,2094 2683,2093 2727,2090 2771,2088 2816,2084 2860,2081 2904,2076 2948,2074 2993,2069"/>
                <TextEquiv>
                    <Unicode>darob sie ergriffen und eingesetzt worden</Unicode>
                </TextEquiv>
            </TextLine>
            <TextLine id="r4l17" custom="readingOrder {index:18;}">
                <Coords points="2090,2182 2233,2196 2297,2158 2503,2196 2699,2149 2834,2180 3081,2126 3079,2088 3005,2074 2693,2121 2538,2109 2509,2139 2442,2116 2329,2141 2289,2109 2089,2139"/>
                <Baseline points="2096,2168 2144,2166 2193,2165 2242,2162 2291,2160 2340,2159 2389,2157 2438,2154 2487,2153 2536,2151 2585,2150 2633,2147 2682,2145 2731,2143 2780,2141 2829,2139 2878,2136 2927,2133 2976,2131 3025,2128 3074,2126"/>
                <TextEquiv>
                    <Unicode>die Ihns angeben, daß es das Zeug Verkaufe</Unicode>
                </TextEquiv>
            </TextLine>
            <TextLine id="r4l18" custom="readingOrder {index:19;}">
                <Coords points="2092,2232 2205,2250 2247,2214 2387,2251 2434,2220 2607,2240 2677,2213 2723,2238 2777,2199 3007,2204 3005,2167 2895,2143 2829,2175 2595,2154 2519,2200 2424,2171 2271,2202 2090,2182"/>
                <Baseline points="2099,2226 2144,2225 2189,2224 2234,2222 2279,2221 2324,2219 2369,2217 2414,2216 2459,2214 2504,2211 2549,2208 2594,2206 2639,2204 2684,2201 2729,2199 2774,2196 2819,2193 2864,2191 2909,2188 2954,2185 2999,2183"/>
                <TextEquiv>
                    <Unicode>wollen, wie Es nun bey der Framden im</Unicode>
                </TextEquiv>
            </TextLine>
            <TextLine id="r4l19" custom="readingOrder {index:20;}">
                <Coords points="2049,2322 2295,2328 2371,2283 2458,2320 2528,2290 2767,2300 2903,2258 3017,2288 3028,2207 2045,2255"/>
                <Baseline points="2054,2298 2102,2297 2150,2295 2199,2292 2247,2291 2296,2288 2344,2285 2393,2283 2441,2281 2490,2277 2538,2275 2586,2272 2635,2269 2683,2267 2732,2263 2780,2260 2829,2257 2877,2254 2926,2251 2974,2248 3023,2244"/>
                <TextEquiv>
                    <Unicode>Ladelin, Ichra nachgefragdt, seyn ein Mann</Unicode>
                </TextEquiv>
            </TextLine>
            <TextLine id="r4l20" custom="readingOrder {index:21;}">
                <Coords points="2085,2386 2359,2393 2489,2347 2713,2331 2908,2347 3039,2317 3037,2278 2082,2331"/>
                <Baseline points="2090,2352 2137,2352 2184,2352 2231,2352 2278,2352 2325,2351 2372,2349 2419,2348 2466,2345 2513,2342 2561,2340 2608,2337 2655,2334 2702,2331 2749,2328 2796,2324 2843,2322 2890,2318 2937,2314 2984,2310 3032,2306"/>
                <TextEquiv>
                    <Unicode>dazugegen gsun, so ein Weibel gewesen, der</Unicode>
                </TextEquiv>
            </TextLine>
            <TextLine id="r4l21" custom="readingOrder {index:22;}">
                <Coords points="2887,2404 2911,2392 2926,2401 2943,2392 2958,2400 2997,2372 3011,2376 3016,2370 3042,2366 3036,2319 2988,2333 2957,2316 2917,2343 2880,2341"/>
                <Baseline points="2891,2381 2919,2374 2948,2370 2977,2367 3006,2364 3035,2363"/>
                <TextEquiv>
                    <Unicode>gesagdt</Unicode>
                </TextEquiv>
            </TextLine>
            <TextEquiv>
                <Unicode>315
E
Waß es zu Sollothurn gemacht, daß mann
Ihns mit der Bschiffelenen daselbsten einge¬
setzt
Es habe nichts gethan, die sach aber verhalte
sich also Nachdeme es die Tschiffelenen
unden führ Urtenen angetroffen, habe sie Ihm
angehalten mit Ihra auf Strasburg zugehen,
Ihres Zeug daselbsten abzuholen, dasie nun
bey Vollothurn angelanget, seye die Tschiffe
knnen in die Statt gangen, und Ihme befohlen
bey einem Krahmkadelin vor der Statt Jhre
nachzufragen allda sie widerzusamen komen
wollend; indeßen habe dietschiffelenen auß
dem Rahthauß zu Sollothurn (: Ihme gantz
unwußend: einihe Vmbhang Blatter entwendt
darob sie ergriffen und eingesetzt worden
die Ihns angeben, daß es das Zeug Verkaufe
wollen, wie Es nun bey der Framden im
Ladelin, Ichra nachgefragdt, seyn ein Mann
dazugegen gsun, so ein Weibel gewesen, der
gesagdt</Unicode>
            </TextEquiv>
        </TextRegion>
        <TextRegion orientation="0.0" type="marginalia" id="TextRegion_1687015745399_2664" custom="readingOrder {index:2;} structure {type:marginalia;}">
            <Coords points="1976,1157 2061,1141 2061,1439 1976,1439"/>
            <TextLine id="line_1687015745541_2667" custom="readingOrder {index:0;}">
                <Coords points="1969,1158 2001,1152 1984,1164 1970,1162"/>
                <TextEquiv>
                    <Unicode>315</Unicode>
                </TextEquiv>
            </TextLine>
            <TextLine id="line_1687015745541_2669" custom="readingOrder {index:1;}">
                <Coords points="1990,1158 2000,1157 2006,1151 2066,1140 2062,1241 2049,1238 2033,1249 2015,1241 2002,1247 1996,1240 1986,1239"/>
                <Baseline points="1994,1206 2025,1206 2057,1209"/>
                <TextEquiv>
                    <Unicode>E</Unicode>
                </TextEquiv>
            </TextLine>
            <TextLine id="r3l3" custom="readingOrder {index:2;}">
                <Coords points="2008,1443 2024,1446 2044,1433 2053,1435 2058,1442 2066,1442 2073,1349 2064,1348 2052,1338 2041,1344 2034,1336 2015,1333"/>
                <Baseline points="2016,1418 2061,1421"/>
                <TextEquiv>
                    <Unicode>H.</Unicode>
                </TextEquiv>
            </TextLine>
            <TextEquiv>
                <Unicode>315
E
H.</Unicode>
            </TextEquiv>
        </TextRegion>
    </Page>
</PcGts>
