4032 3024
847 1024 1927 1153 E. Wie Es doch möglich seyt, daß so Ihme mit Je¬
940 1115 1879 1203 wands anleitung gegeben, Er von sich selbsten
930 1160 1855 1261 hätte understehen können in einen Keller zu
926 1214 1054 1306 rechen
925 1283 1874 1385 der Marti Schär des Weibel Schärs sohn
923 1341 1837 1442 habe an dem Tag da Sie mit Ein Anderen ge¬
923 1399 1912 1496 Truncken gesagdt; Er weiße in Einem Käller
914 1457 1826 1551 Kaß, und da seyn der Schlüßel, Worauf Er
913 1515 1885 1614 frutig Ihne gefragdt, wound an welchem ohrt.
912 1574 1908 1672 Allein der Schar habe nichts darauff geantwortet.
912 1639 1864 1738 Sie nun Er frutig des nachts im Heimgehen
913 1693 1923 1789 eben die Obere Keller thur an H. Mattheys Keller
918 1753 1869 1847 bey der Anckenwag offen gesechen, seye Ihme in
907 1804 1866 1901 zum komen, daß villeicht dieses der Keller seye,
923 1861 1874 1963 darvon der Schär gesagdt, derowegen Er die
914 1928 1848 2013 stagen hinabgangen und wie bereits bekennt
923 1978 1920 2084 enbrechen wollen. Allein Er bezeuge nochmahlen
913 2029 1909 2131 höchlich vor Gott und bey seinem gewußen, daß Er
908 2089 1867 2183 mit keinem Menschen Zuvor sich underredt, auch
904 2158 1866 2244 seye niemands bey Ihme gsin, noch Ihme darzu
909 2213 1195 2312 helffen wollen
1609 2258 1762 2363 Auß
818 966 846 1041 13
846 1279 916 1392 H.
911 1466 916 1539 Kaß, und da seyn der Schlüßel, Worauf Er
899 1545 914 1602 frutig Ihne gefragdt, wound an welchem ohrt.
904 1600 913 1645 Allein der Schar habe nichts darauff geantwortet.
912 1670 912 1674 Sie nun Er frutig des nachts im Heimgehen
905 1826 908 1892 zum komen, daß villeicht dieses der Keller seye,
2021 997 2105 1105 131
2140 1015 3156 1115 Auff befragen, ob Er sonsten keine andere dieb¬
2141 1109 3158 1191 stahl begangen, dann dieses gar nit das Erstemahl
2140 1143 3111 1244 seyn könne, daß Er zu stehlen in willent gehabt:
2133 1218 3148 1325 Sagdte Er Es seye leider wahr daß vorgedachter
2131 1271 3129 1386 Marti Schär Ihne Etlichemahl zum stählen an
2134 1336 3157 1442 geführt, also daß Er bißweilen emniche kleine sachen
2128 1403 3161 1500 genommen, welche dann der Schär allwegen Verkauft,
2124 1455 3165 1554 Wie dann auch letst verwichenen Sontag 8. tagasur
2131 1516 3134 1622 daß der Schär Ihne Grutig am Morgen in Einen
2128 1564 3145 1664 Keller an der Metzger gaßen geführt, so zu Oberst
2133 1636 3140 1744 Schattenhalb gegen des Tischmacher Wabershauß
2143 1689 3150 1783 übergelegen, Außwelchem sie wein nemen wollen
3002 1732 3036 1768 In
2132 1750 3153 1858 so Ihnen aber nit angangen; Jedoch seyen zuvor¬
2140 1799 3141 1887 auch schon einmahl in diesem Keller gsin, und ha¬
2121 1862 3125 1960 Bend Eine Gütteren Voll wein (:so ohngefehrt ein
2465 1915 2623 1962 indtwen.
2122 1908 3171 2021 halbmaß gsin gemanmtin auch habe ein keini¬
2132 1974 3161 2080 täger eine Gutteren Voll auß diesem Keller genan¬
2141 2037 3167 2130 men, die Keller thur seye mit einem Maletschloß
2125 2099 3147 2199 verwahret, welches aber der Schar auff thun konnen
2117 2167 3152 2280 Eindtlichen habe Ihme der Scharselbsten gesagdt, daß
2134 2236 3135 2343 Er an einem Märit hinund wider umbher gangen
2936 2311 3051 2392 Vnd
