4032 3024
927 1926 1015 2041 E.
933 2073 1006 2205 B
1009 945 1995 1090 Er sagdte, Er habe den Dantzler zu Thun
1033 1027 1978 1141 auß der Bruge zu erst angeredt, auch den
1022 1086 1943 1175 Anschlag geren, defebie denen frombden
1007 1143 2043 1260 Reichhandleren, wann selbige mit dem Erkauff
1021 1201 1957 1290 ten Veich vom Erlenbacher Marit werden
1027 1259 2026 1358 Anlangen, ein stuck Veich zenemen, Er hooffer
1012 1330 1986 1405 habe zwaar nur Eine Kalbeten der Däntz¬
1021 1377 1975 1496 ler aber habe mit allem Gewaldt eine Kuhe
1016 1429 1291 1507 haben wollen
1007 1491 1957 1608 Hdefraget, Ob Er nit schon zu vor mit dem
1007 1569 1977 1677 däntzler Khundtsame gehabt, ehe Sie Einan¬
1013 1620 1610 1721 degen zu Thun angetroffen
1622 1654 1653 1706 5
996 1687 1996 1803 Antwort Nein: Er habe gar keine Khundt
1014 1755 1997 1860 Same zu vor mit dem däntzler gehabt, sondern
1006 1816 1997 1930 Erst damahlen zu Thun mit Ihme Khundtsame
1007 1866 1182 1948 Gemacht
1021 1935 1971 2070 er alles darbey gsin, da Sie die ent¬
1011 2005 1755 2117 wendte Kuhe im Holtz geschlachtet?
1004 2091 1789 2223 Niemands Als Er und der Dantzler
1771 2247 1879 2362 E.
2119 930 2183 1007 37
2266 1017 3290 1131 Ob Er mit dem Niggli Zoß zu Stettlen seine
2243 1087 3283 1187 Kuht, und zu habstetten, Gttigen und beykeß
2247 1143 3201 1244 elbanck vmnen, einiche Schaaf genommen.
2255 1235 3277 1340 Mein. Erhabe Weder dem Zoß seine Kuhe
2240 1300 3251 1403 noch Gemands einiches Schaaf entwendt
2235 1354 3276 1456 diese Leuth thurend Ihme nurecht daß Sie
2221 1433 3255 1509 Ihne deßen beklagen, dann Er 1:Vßert im
2242 1471 3270 1568 Soldaten Wesen sonsten niemanden Weiter
2245 1527 2888 1633 it was entmendt genommen
2242 1622 3255 1736 Ob Er dann noch nit gestendig seyn wolle
2240 1697 3244 1798 daß Er eines morgens fruhe bey Stettlen
2215 1751 3252 1852 funs Schaaf mit Einanderen durch getriben
2221 1841 3248 1959 Nein: Er habe sein lebtag Niemahlen funß
2221 1916 3247 2013 Schaaff mit Einanderen zu Stettlen durch ge¬
2212 1968 3183 2063 triben, Wohl aber Einmahl zwo Aunhen
2203 2034 2868 2128 so Sie zu Entziwyl gekauft,
2201 2108 3186 2221 Widrumb befragdt, Ob Er nit noch andere
2213 2184 3236 2283 diebstahl begangen vnd deren seyen die Ihme
2215 2256 3076 2344 Geholffen haben selbige zu verbringen
3138 2328 3184 2402 ti
3009 2338 3036 2406 6
2990 2379 3218 2481 beharrete
2119 1007 2165 1019 37
2130 1007 2231 1101 E.
2156 1220 2224 1327 R.
2130 1627 2216 1731 2.
2120 1838 2206 1961 R.
