<?xml version="1.0" encoding="UTF-8" standalone="yes"?>
<PcGts xmlns="http://schema.primaresearch.org/PAGE/gts/pagecontent/2013-07-15" xmlns:xsi="http://www.w3.org/2001/XMLSchema-instance" xsi:schemaLocation="http://schema.primaresearch.org/PAGE/gts/pagecontent/2013-07-15 http://schema.primaresearch.org/PAGE/gts/pagecontent/2013-07-15/pagecontent.xsd">
    <Metadata>
        <Creator>prov=University of Rostock/Institute of Mathematics/CITlab|PLANET AI GmbH/Gundram Leifert/gundram.leifert@planet-ai.de:name=Transkribus German Kurrent M2(htr_id=29820)::::v=2.6.7
prov=University of Rostock/Institute of Mathematics/CITlab|PLANET AI GmbH/Tobias Gruening/tobias.gruening@planet-ai.de:name=de.uros.citlab.module.baseline2polygon.B2PSeamMultiOriented:v=2.6.7
prov=University of Rostock/Institute of Mathematics/CITlab|PLANET AI GmbH/Tobias Gruening/tobias.gruening@planet-ai.de:name=/net_tf/LA73_249_0mod360.pb:de.uros.citlab.segmentation.CITlab_LA_ML:v=2.6.7
Transkribus</Creator>
        <Created>2022-05-02T16:07:27.019+02:00</Created>
        <LastChange>2023-06-16T10:25:36.405+02:00</LastChange>
        <TranskribusMetadata docId="1336518" pageId="52420980" pageNr="26" tsid="127083546" status="IN_PROGRESS" userId="42748" imgUrl="https://files.transkribus.eu/Get?id=PFSLVCBHYIZDGBJCCJQBJWMN&amp;fileType=view" xmlUrl="https://files.transkribus.eu/Get?id=MQCQLCMSIMXEPLKKBYYDMBGV" imageId="30694259"/>
    </Metadata>
    <Page imageFilename="IMG_6580.jpg" imageWidth="4032" imageHeight="3024">
        <ReadingOrder>
            <OrderedGroup id="ro_1687513566683" caption="Regions reading order">
                <RegionRefIndexed index="0" regionRef="r1"/>
            </OrderedGroup>
        </ReadingOrder>
        <TextRegion orientation="0.0" type="paragraph" id="r1" custom="readingOrder {index:0;} structure {type:paragraph;}">
            <Coords points="905,855 909,2239 1995,2239 2045,933"/>
            <TextLine id="r1l1" custom="readingOrder {index:0;}">
                <Coords points="1005,1037 1052,1065 1297,1033 1474,1073 1805,1050 1979,1092 2003,1031 1843,1032 1677,973 1539,1020 1413,967 1376,996 1148,1005 1007,965"/>
                <Baseline points="1011,1028 1060,1028 1109,1029 1158,1031 1207,1031 1257,1032 1306,1032 1355,1034 1404,1035 1453,1035 1503,1037 1552,1039 1601,1041 1650,1043 1699,1045 1749,1047 1798,1050 1847,1054 1896,1057 1945,1061 1995,1065"/>
                <TextEquiv>
                    <Unicode>Beharrete Er beständig; daß Er weder allein</Unicode>
                </TextEquiv>
            </TextLine>
            <TextLine id="r1l2" custom="readingOrder {index:1;}">
                <Coords points="1018,1120 1098,1088 1154,1116 1394,1095 1577,1123 1611,1099 1961,1140 1963,1081 1886,1069 1387,1073 1174,1028 1129,1057 1021,1049"/>
                <Baseline points="1026,1082 1072,1082 1119,1082 1165,1083 1212,1083 1258,1085 1305,1086 1351,1087 1398,1089 1444,1091 1491,1094 1537,1095 1584,1097 1630,1100 1677,1102 1723,1104 1770,1107 1816,1109 1863,1110 1909,1112 1956,1113"/>
                <TextEquiv>
                    <Unicode>noch mit hulß anderen nichts mehrers gestohlen</Unicode>
                </TextEquiv>
            </TextLine>
            <TextLine id="r1l3" custom="readingOrder {index:2;}">
                <Coords points="1010,1145 1647,1166 1794,1203 1890,1175 1953,1195 1955,1154 1765,1118 1713,1141 1662,1101 1011,1120"/>
                <Baseline points="1016,1137 1062,1139 1109,1140 1155,1140 1202,1142 1248,1143 1295,1145 1341,1146 1388,1147 1434,1149 1481,1151 1528,1152 1574,1155 1621,1157 1667,1160 1714,1163 1760,1165 1807,1167 1853,1170 1900,1173 1947,1178"/>
                <TextEquiv>
                    <Unicode>undt anders nichts als vorbekanndte Zween</Unicode>
                </TextEquiv>
            </TextLine>
            <TextLine id="r1l4" custom="readingOrder {index:3;} place {offset:33; length:8;}">
                <Coords points="1004,1206 1986,1259 1988,1211 1945,1195 1866,1215 1649,1167 1380,1188 1269,1151 1006,1160"/>
                <Baseline points="1010,1197 1058,1197 1107,1198 1155,1199 1204,1200 1252,1202 1301,1203 1349,1205 1398,1206 1446,1209 1495,1211 1543,1213 1592,1216 1640,1218 1689,1221 1737,1224 1786,1227 1834,1232 1883,1234 1931,1238 1980,1242"/>
                <TextEquiv>
                    <Unicode>diebstahl byi Neuwvenhauß und zu Münsigen</Unicode>
                </TextEquiv>
            </TextLine>
            <TextLine id="r1l5" custom="readingOrder {index:4;}">
                <Coords points="1013,1276 1157,1281 1189,1252 1312,1287 1406,1268 1486,1306 1653,1280 1838,1319 1953,1303 1955,1262 1709,1256 1663,1224 1444,1246 1404,1211 1301,1208 1125,1241 1016,1202"/>
                <Baseline points="1020,1251 1066,1253 1112,1254 1159,1256 1205,1257 1251,1259 1298,1260 1344,1262 1390,1263 1437,1265 1483,1267 1529,1269 1576,1271 1622,1272 1668,1275 1715,1277 1761,1280 1807,1282 1854,1285 1900,1289 1947,1292"/>
                <TextEquiv>
                    <Unicode>begangen. Er befinde sich inhanden der hochen</Unicode>
                </TextEquiv>
            </TextLine>
            <TextLine id="r1l6" custom="readingOrder {index:5;}">
                <Coords points="1005,1322 1180,1349 1250,1326 1292,1354 1339,1320 1415,1352 1590,1333 1640,1373 1765,1344 1945,1364 1963,1322 1737,1313 1690,1284 1633,1315 1006,1272"/>
                <Baseline points="1011,1317 1058,1317 1105,1317 1152,1319 1200,1319 1247,1320 1294,1320 1341,1322 1389,1322 1436,1323 1483,1325 1530,1326 1578,1328 1625,1329 1672,1332 1719,1334 1767,1337 1814,1338 1861,1341 1908,1344 1956,1347"/>
                <TextEquiv>
                    <Unicode>Oberkeit, selbige möge nun mit Ihme machen</Unicode>
                </TextEquiv>
            </TextLine>
            <TextLine id="r1l7" custom="readingOrder {index:6;}">
                <Coords points="1013,1374 1077,1408 1183,1374 1403,1409 1499,1382 1546,1422 1642,1394 1736,1423 1931,1411 1917,1353 1654,1374 1572,1339 1461,1360 1373,1332 1293,1356 1250,1326 1015,1329"/>
                <Baseline points="1020,1370 1065,1370 1110,1371 1155,1371 1201,1373 1246,1373 1291,1374 1336,1376 1382,1377 1427,1379 1472,1380 1517,1382 1563,1383 1608,1385 1653,1387 1698,1389 1744,1391 1789,1393 1834,1394 1879,1396 1925,1398"/>
                <TextEquiv>
                    <Unicode>Waß Ihre beliebe, Er wüße einmahl nichts</Unicode>
                </TextEquiv>
            </TextLine>
            <TextLine id="r1l8" custom="readingOrder {index:7;}">
                <Coords points="1001,1440 1309,1432 1402,1460 1438,1433 1699,1452 1763,1487 1813,1455 1910,1473 1913,1414 1544,1425 1488,1388 1393,1409 1247,1378 1002,1407"/>
                <Baseline points="1008,1422 1052,1422 1097,1424 1142,1424 1187,1426 1232,1427 1277,1428 1321,1431 1366,1433 1411,1434 1456,1437 1501,1438 1546,1440 1591,1442 1635,1444 1680,1445 1725,1446 1770,1448 1815,1448 1860,1449 1905,1449"/>
                <TextEquiv>
                    <Unicode>Weiters zu bekennen. konne zwar wohl</Unicode>
                </TextEquiv>
            </TextLine>
            <TextLine id="r1l9" custom="readingOrder {index:8;}">
                <Coords points="1003,1482 1051,1516 1099,1486 1325,1516 1466,1490 1834,1543 1938,1485 1810,1457 1763,1487 1700,1452 1621,1485 1496,1441 1004,1446"/>
                <Baseline points="1010,1472 1056,1473 1102,1475 1148,1476 1194,1478 1240,1481 1286,1482 1332,1485 1378,1487 1424,1488 1470,1491 1516,1493 1562,1494 1608,1497 1654,1497 1700,1500 1746,1501 1792,1502 1838,1503 1884,1503 1931,1503"/>
                <TextEquiv>
                    <Unicode>erachten, daß auch das, Waß Er bekannt schon</Unicode>
                </TextEquiv>
            </TextLine>
            <TextLine id="r1l10" custom="readingOrder {index:9;}">
                <Coords points="1001,1562 1255,1536 1385,1569 1422,1540 1840,1605 1951,1585 1953,1532 1003,1494"/>
                <Baseline points="1008,1533 1054,1533 1101,1533 1148,1535 1195,1536 1242,1537 1289,1538 1336,1540 1383,1542 1430,1544 1477,1545 1523,1548 1570,1550 1617,1553 1664,1554 1711,1557 1758,1560 1805,1562 1852,1564 1899,1567 1946,1569"/>
                <TextEquiv>
                    <Unicode>zu viel, und daß Er von deßtwegen der hochen</Unicode>
                </TextEquiv>
            </TextLine>
            <TextLine id="r1l11" custom="readingOrder {index:10;}">
                <Coords points="1002,1606 1125,1592 1236,1640 1315,1603 1867,1636 1958,1625 1960,1578 1846,1605 1597,1550 1397,1585 1312,1545 1258,1576 1135,1535 1004,1559"/>
                <Baseline points="1008,1590 1055,1590 1102,1590 1149,1592 1196,1593 1244,1593 1291,1595 1338,1596 1385,1599 1432,1601 1480,1603 1527,1605 1574,1608 1621,1610 1668,1613 1716,1614 1763,1616 1810,1619 1857,1621 1904,1623 1952,1625"/>
                <TextEquiv>
                    <Unicode>Oberkeit Unguad und straaf wohl verdienet</Unicode>
                </TextEquiv>
            </TextLine>
            <TextLine id="r1l12" custom="readingOrder {index:11;}">
                <Coords points="1013,1652 1480,1661 1744,1712 1791,1678 1951,1715 1954,1638 1753,1620 1685,1659 1651,1630 1512,1640 1374,1606 1232,1641 1172,1608 1119,1633 1015,1603"/>
                <Baseline points="1019,1647 1065,1649 1111,1650 1158,1651 1204,1652 1250,1654 1297,1656 1343,1658 1389,1659 1436,1662 1482,1664 1528,1667 1575,1669 1621,1671 1667,1673 1714,1676 1760,1677 1806,1679 1853,1682 1899,1683 1946,1685"/>
                <TextEquiv>
                    <Unicode>hätte aber umb Qnad, wolle künftiger Zeit</Unicode>
                </TextEquiv>
            </TextLine>
            <TextLine id="r1l13" custom="readingOrder {index:12;}">
                <Coords points="998,1719 1057,1746 1236,1712 1339,1750 1428,1715 1509,1754 1708,1730 1818,1779 1962,1766 1964,1712 1879,1719 1792,1679 1744,1717 1657,1678 1595,1708 1332,1660 1227,1691 1148,1655 1001,1658"/>
                <Baseline points="1005,1706 1052,1706 1100,1706 1147,1706 1195,1707 1242,1709 1290,1710 1337,1712 1385,1715 1432,1716 1480,1719 1528,1721 1575,1725 1623,1728 1670,1731 1718,1734 1765,1737 1813,1740 1860,1745 1908,1748 1956,1751"/>
                <TextEquiv>
                    <Unicode>sich suchen mit seinem Handtwerck Ehrlich</Unicode>
                </TextEquiv>
            </TextLine>
            <TextLine id="r1l14" custom="readingOrder {index:13;}">
                <Coords points="1005,1773 1065,1778 1105,1801 1154,1798 1191,1775 1251,1811 1297,1791 1346,1795 1346,1752 1261,1740 1226,1721 1204,1733 1185,1715 1155,1712 1133,1731 1111,1726 1064,1748 1030,1728 1005,1739"/>
                <Baseline points="1011,1766 1036,1765 1061,1764 1086,1764 1112,1763 1137,1763 1162,1763 1188,1763 1213,1763 1238,1764 1264,1764 1289,1766 1314,1768 1340,1770"/>
                <TextEquiv>
                    <Unicode>durch zubringen</Unicode>
                </TextEquiv>
            </TextLine>
            <TextLine id="r1l15" custom="readingOrder {index:14;}">
                <Coords points="1002,1839 1051,1861 1114,1837 1154,1874 1210,1844 1371,1850 1477,1886 1554,1854 1846,1868 1917,1898 1961,1888 1963,1820 1750,1798 1666,1841 1490,1799 1003,1795"/>
                <Baseline points="1008,1836 1055,1838 1102,1838 1150,1840 1197,1841 1245,1842 1292,1844 1339,1845 1387,1847 1434,1848 1482,1850 1529,1852 1576,1854 1624,1856 1671,1857 1719,1859 1766,1862 1813,1863 1861,1865 1908,1868 1956,1869"/>
                <TextEquiv>
                    <Unicode>Nach dothaner Bekandtnuß da auff offt mah¬</Unicode>
                </TextEquiv>
            </TextLine>
            <TextLine id="r1l16" custom="readingOrder {index:15;}">
                <Coords points="1010,1897 1900,1947 1953,1933 1955,1895 1500,1894 1368,1849 1338,1873 1209,1844 1161,1874 1012,1860"/>
                <Baseline points="1017,1893 1063,1893 1110,1893 1156,1893 1203,1894 1249,1895 1296,1896 1342,1898 1389,1900 1435,1902 1482,1905 1528,1908 1575,1910 1621,1913 1668,1916 1714,1919 1761,1922 1807,1924 1854,1927 1900,1929 1947,1931"/>
                <TextEquiv>
                    <Unicode>len verunderte fraagen Er einiche Variation</Unicode>
                </TextEquiv>
            </TextLine>
            <TextLine id="r1l17" custom="readingOrder {index:16;}">
                <Coords points="999,1957 1270,1950 1395,1993 1485,1973 1588,2002 1798,1978 1922,2007 1949,2005 1953,1940 1002,1902"/>
                <Baseline points="1005,1946 1054,1946 1103,1946 1153,1946 1202,1947 1252,1949 1301,1950 1350,1952 1400,1953 1449,1956 1499,1959 1548,1961 1598,1965 1647,1968 1696,1972 1746,1975 1795,1978 1845,1980 1894,1984 1944,1988"/>
                <TextEquiv>
                    <Unicode>seiner Vergicht mit spuhren laßen, und Weilen</Unicode>
                </TextEquiv>
            </TextLine>
            <TextLine id="r1l18" custom="readingOrder {index:17;}">
                <Coords points="1007,2001 1267,2027 1384,2007 1516,2044 1716,2025 1936,2066 1939,2000 1395,1993 1269,1950 1008,1975"/>
                <Baseline points="1013,1992 1058,1994 1104,1995 1150,1997 1196,1999 1242,2001 1288,2003 1334,2006 1380,2007 1426,2010 1472,2013 1517,2015 1563,2017 1609,2019 1655,2022 1701,2024 1747,2026 1793,2028 1839,2031 1885,2033 1931,2034"/>
                <TextEquiv>
                    <Unicode>im Ubrigen keine formalische indicia anderer</Unicode>
                </TextEquiv>
            </TextLine>
            <TextLine id="r1l19" custom="readingOrder {index:18;}">
                <Coords points="993,2052 1123,2063 1155,2095 1337,2060 1609,2077 1723,2129 1956,2111 1958,2083 1656,2024 1552,2059 1376,2009 1261,2028 996,1998"/>
                <Baseline points="999,2052 1046,2052 1094,2052 1141,2052 1189,2054 1236,2055 1284,2057 1331,2058 1379,2061 1426,2064 1474,2066 1522,2069 1569,2072 1617,2075 1664,2079 1712,2083 1759,2085 1807,2090 1854,2093 1902,2097 1950,2102"/>
                <TextEquiv>
                    <Unicode>diebstählen mnit Verhanden hat Mathl. Exa¬</Unicode>
                </TextEquiv>
            </TextLine>
            <TextLine id="r1l20" custom="readingOrder {index:19;}">
                <Coords points="1006,2119 1176,2140 1302,2113 1543,2150 1592,2128 1633,2165 1763,2144 1836,2179 1909,2153 1960,2186 1976,2120 1718,2125 1610,2076 1539,2109 1392,2074 1008,2081"/>
                <Baseline points="1013,2106 1060,2108 1108,2108 1156,2111 1203,2112 1251,2114 1299,2116 1346,2117 1394,2120 1442,2122 1490,2124 1537,2127 1585,2130 1633,2133 1680,2136 1728,2141 1776,2144 1823,2147 1871,2152 1919,2158 1967,2162"/>
                <TextEquiv>
                    <Unicode>minator ohne Weiteren befelch mit Ansetzung</Unicode>
                </TextEquiv>
            </TextLine>
            <TextLine id="r1l21" custom="readingOrder {index:20;}">
                <Coords points="1001,2178 1199,2174 1335,2226 1521,2194 1956,2239 1947,2156 1857,2188 1762,2144 1634,2166 1592,2127 1507,2161 1302,2112 1160,2145 1005,2127"/>
                <Baseline points="1008,2160 1055,2162 1102,2163 1149,2165 1196,2166 1243,2168 1290,2169 1337,2172 1384,2175 1431,2177 1479,2180 1526,2183 1573,2187 1620,2190 1667,2195 1714,2199 1761,2204 1808,2209 1855,2214 1902,2220 1950,2226"/>
                <TextEquiv>
                    <Unicode>der Marter für gefahren eißliches bedencken</Unicode>
                </TextEquiv>
            </TextLine>
            <TextLine id="r1l22" custom="readingOrder {index:21;}">
                <Coords points="988,2241 1047,2230 1105,2253 1137,2241 1159,2252 1189,2242 1190,2212 1147,2202 1127,2183 1086,2170 1040,2170 990,2189"/>
                <Baseline points="995,2220 1022,2219 1049,2219 1076,2220 1103,2222 1130,2222 1157,2224 1184,2226"/>
                <TextEquiv>
                    <Unicode>Getragen</Unicode>
                </TextEquiv>
            </TextLine>
            <TextEquiv>
                <Unicode>Beharrete Er beständig; daß Er weder allein
noch mit hulß anderen nichts mehrers gestohlen
undt anders nichts als vorbekanndte Zween
diebstahl byi Neuwvenhauß und zu Münsigen
begangen. Er befinde sich inhanden der hochen
Oberkeit, selbige möge nun mit Ihme machen
Waß Ihre beliebe, Er wüße einmahl nichts
Weiters zu bekennen. konne zwar wohl
erachten, daß auch das, Waß Er bekannt schon
zu viel, und daß Er von deßtwegen der hochen
Oberkeit Unguad und straaf wohl verdienet
hätte aber umb Qnad, wolle künftiger Zeit
sich suchen mit seinem Handtwerck Ehrlich
durch zubringen
Nach dothaner Bekandtnuß da auff offt mah¬
len verunderte fraagen Er einiche Variation
seiner Vergicht mit spuhren laßen, und Weilen
im Ubrigen keine formalische indicia anderer
diebstählen mnit Verhanden hat Mathl. Exa¬
minator ohne Weiteren befelch mit Ansetzung
der Marter für gefahren eißliches bedencken
Getragen</Unicode>
            </TextEquiv>
        </TextRegion>
    </Page>
</PcGts>
