4032 3024
988 1004 1895 1131 Warumb es seinen Eydt übertretten
971 1089 1605 1164 und Wider ins Landt komen
1177 1143 1398 1204 Jeipangsin
988 1156 1872 1254 Es seynnthgsen dir Ihns darzu an¬
958 1210 1860 1309 geführt, und gesagdt haben Mann kenne
953 1262 1899 1361 Ihns nitmehr Es bekenne aber daß es
964 1323 1905 1420 Beßer gethan hätte, Wann es Wäre Äußert
953 1393 1295 1470 Landts gebliben.
978 1455 1907 1545 Obeut drunden im Schloß zu Arwangen
962 1522 1877 1613 Es einen Jungen Gnistl. Herrnn Angeben
970 1572 1917 1660 so mit Ihme Sundtlich- undt fleischliche Ge¬
974 1643 1908 1719 meintschafft gehabt haben solle. item to vnd
972 1678 1872 1775 an welchem ohrt solches vorgangen seye?
942 1765 1887 1859 R. Ja Es habe zu Arwangen Einen Geistl.
965 1820 1868 1914 Jungen Herren angeben Welcher hier zu
966 1876 1884 1967 Bern und zu Orthschwaben im Wihrtshauß
965 1931 1862 2017 alda Er sich mit anderen Jungen Herren
970 1980 1887 2070 Einsmahls befunden; mit Ihme fleischliche
970 2032 1469 2126 Gemeindtschafft gehabt.
983 2111 1923 2215 Wie Lang zwischen dem Einten vnd dem An
964 2177 1920 2277 derenmahl, auch an welchem Ohrt in der Statt
966 2240 1582 2327 die That seye verubt worden?
1706 2286 1807 2393 R.
863 961 916 1038 2
894 2103 980 2224 E
2227 1011 3210 1129 Etwann 3: Wochen von Einem biß zum
2170 1082 3204 1191 Anderen mahl, und zwar das Letzteremahl
2178 1151 3165 1239 Frunden an der Matten Wuße aber nit zu¬
2166 1200 3190 1316 Tagen in welchem Hauß, weilen es nacht gsi
2212 1282 3194 1400 Wie der Jenige Herr heiße, so diese zwey¬
2189 1348 3150 1449 nahl mit Ihme sundtliche Gemeindtschafft ge¬
2170 1405 3150 1510 habt, und ob es denselben kennte, wann es
2160 1472 2543 1577 Ihn sechen wurde
2185 1547 3203 1669 Wann es sechen thäte, so wolte es Ihn wohl
2182 1609 3191 1710 kennen dann es habe Ihn etliche mahl amtan
2167 1654 3182 1785 gesechen, Er trage seine eigene falbthaar und
2172 1716 3145 1843 habe selbige offtmahlen in Einem schwartzen
2170 1783 3211 1893 Hand eingebunden. Mann habe Ihme gesagdt
2170 1834 2829 1962 Er seye eines Landtrogts
2344 1903 3184 2014 Setzte auch hinzu daß nachdeme es
2188 1941 2319 2023 Sohn
2173 1957 3172 2079 Vormahls alhier außgeschmeitzt worden, seye
2185 2011 3163 2105 ein Kerl in einer Weiß granwen Cassaggen
2176 2078 3216 2188 zu Ihme gan Sollothurn komen, und Ihme geldt
2194 2124 3179 2225 nach gebracht, und als es den Kerl gefragdt
2192 2179 3163 2292 ver der Herr seye, so Ihme Geldt nach schicke
2185 2237 3169 2341 habe Er gesagdt, daß es des Landtrogts
2809 2301 3003 2385 Sohnseyt
2169 2352 3185 2439 bey der Confrontation hat sich nit wahr befunden daß es
2188 2397 3222 2466 dieser angeklagdte geistliche Herr gewesen, den es genams
2988 2430 3132 2482 set hätte
2059 970 2118 1074 73
2101 1305 2176 1422 E.
2067 2382 2155 2461 No
