4032 3024
928 1027 984 1137 E.
986 1125 992 1197 Nacht Verübt worden
913 1182 974 1285 E.
906 1480 986 1585 d
977 1412 987 1454 gmhheren Venner Frisching einbrechen wollen.
976 1647 984 1686 oder der Goß, in sein des Goßen Hauß, gesagdt,
971 1787 981 1850 Träyers Sohn und Er Stausfer in des Träyers
964 1851 980 1906 hauß mit Ein anderen gerahten, und Abgeredt,
973 1940 979 1992 des trayers Sohn den Warchzeug darzuge¬
972 1993 978 2043 ben, solchem nach seyend Sie in der Nacht
971 2068 977 2106 auß des Trayers Hauß weggangen, vnd ha¬
973 2158 975 2221 bergen durch auf Louperswyl zugefuhrt
983 1033 1927 1144 Ob beyde Diebstahl zu Siguaun in Einer
991 1112 1452 1195 Nacht Verübt worden
1001 1182 1425 1276 Ja in Einer Nacht
985 1480 1003 1546 d
1002 1267 1924 1386 Ver under Ihnen zu Erst den Vorschlag
1002 1342 1878 1429 gethan, daß Sie nach Laugnanw gehen, und
987 1387 1949 1489 gmhheren Venner Frisching einbrechen wollen.
1004 1473 1895 1569 Er habe es nit zu erst gethan, und den Vor¬
990 1535 1885 1611 Schlag geben, sonderen es habe Einer, Er
990 1593 1930 1672 Wüße aber nit, Ob der WaldAlli, der Träyer
983 1627 1915 1720 oder der Goß, in sein des Goßen Hauß, gesagdt,
986 1686 1894 1762 Es seye Geldt in Mehhl. Venners Hauß. dar
983 1728 1902 1820 auf Sie drey, Namblich der Wald-Alli des
980 1778 1950 1868 Träyers Sohn und Er Stausfer in des Träyers
979 1845 1911 1910 hauß mit Ein anderen gerahten, und Abgeredt,
988 1890 1915 1974 dorthin zugehen und einzubrechen, da dann
978 1940 1893 2032 des trayers Sohn den Warchzeug darzuge¬
977 1993 1886 2071 ben, solchem nach seyend Sie in der Nacht
976 2045 1878 2123 auß des Trayers Hauß weggangen, vnd ha¬
980 2105 1879 2191 bend die Anderen beyde, Ihn hinder den
974 2152 1889 2247 bergen durch auf Louperswyl zugefuhrt
1694 2247 1814 2331 Vnd
2161 1038 3192 1139 Vnd als Sie nach Langnauw kommen, seyen Sie
2186 1119 3134 1190 elle drey eingebrochen, dann der WaldAll
2167 1175 3182 1241 Oben, und Er Stauster unden ein gebohret; Im
2171 1219 3203 1306 hauß habend Sie ein Loch durch den Ofen gemacht
2178 1270 3159 1359 und dardurch in die Stuben kommen, daselbsten
2180 1318 3189 1402 mit einem Achslin vnd Bohrer ein bustet auf
2164 1381 3180 1464 Gesprengt die Schlußel darauß genommen vnd
2171 1424 3204 1510 armit aufgethan, vnd Seyend überal in zweyen
2160 1482 2868 1575 Gemachen und in der Kuchi gsin
2137 1547 3173 1657 Repliciert, Er solle doch die Wahrheit sagen vnd
2168 1620 3169 1695 anzeigen Obmit Er damahls geredt, Es seye
2152 1667 3148 1767 Geldt in Möhhlr Penners Hauß, und zwar
2170 1739 3156 1817 es ligend 1000. tt. alda, auch seyen ohnleng
2164 1783 3175 1851 sten 900: tt. Zinnst eingangen, Er wolle schon
2159 1830 3130 1921 ins Hauß gehen, das geldt zusuchen, Es habe.
2144 1888 3163 1984 keine Gefahr, und waß dergleichen rnden mehr
2160 1950 2330 2027 zuwesen
2149 1999 3161 2102 Antwort. Er habe solches nit gesagdt, sonder
2159 2061 3175 2155 Ein anderer habe geredt; Es seye Geldt in Möfhl.
2147 2142 3188 2216 Venners hauß; darauff Er gesagdt, Sie wollends
2162 2191 3165 2260 zen nemen, Allein die anderen beyde seyend
2148 2240 3156 2316 auch mit Ihme im Haußgsin und habe der
2145 2281 3126 2376 Waldtlli als der Lengste under Ihnen die
2903 2342 3141 2434 Umbhang
