4032 3024
821 962 878 1066 186
941 950 1940 1089 gefragt, da habe Er ihme schluchen wurzen
948 1022 1941 1123 geben, damahlen nun habe der Jun¬
943 1073 1932 1172 ge daßler seinenn Veib eine dupkonen
943 1132 1932 1247 geben wollen, Er Raber aber habe
929 1191 1916 1312 seinem Weib gewehrt, solche von dem
928 1261 1507 1366 Veßler mit zunemen,
1505 1273 1603 1333 1
1606 1273 1912 1352 Nachdeme
927 1327 1925 1439 Sie nun die gegebene Wurzen zu¬
944 1401 1921 1511 Hasel probiert, und selbige nit auf¬
925 1472 1895 1579 gethan, habend Sie ihme solches geschriben
923 1546 1918 1651 bald hernach seye der Vatter komme
923 1622 1925 1719 und by ihme Räber übernacht gsin
940 1687 1892 1790 und habe mächtig angehalten, Ihme
928 1751 1906 1848 eine Springwurzen zuverschaffen
919 1797 1767 1913 habe ihme aber keine geben Kon
1769 1836 1909 1906 meer
918 1881 1933 1990 Nun dise Leut habe Er sein Lebtag¬
916 1943 1846 2067 zuvor nie gesechen, noch gekennte
929 2026 1866 2167 B man ihme nit angehalten, daß Er
914 2123 1756 2235 selbsten nach dafel kommen solle, die
1787 2139 1927 2222 irsen
912 2187 1272 2272 zu probieren.
910 2275 1902 2389 R. Ja es seye wahr, man habe ihme Vielmahl
1777 2359 1867 2443 an
851 2048 915 2138 E
925 1234 930 1274 seinem Weib gewehrt, solche von dem
906 1276 929 1343 Veßler mit zunemen,
920 1336 928 1410 Sie nun die gegebene Wurzen zu¬
925 1516 925 1557 gethan, habend Sie ihme solches geschriben
905 1583 924 1620 bald hernach seye der Vatter komme
923 1650 923 1676 und by ihme Räber übernacht gsin
897 1792 920 1891 habe ihme aber keine geben Kon
915 1886 919 1966 Nun dise Leut habe Er sein Lebtag¬
904 1956 918 2036 zuvor nie gesechen, noch gekennte
901 2131 915 2203 selbsten nach dafel kommen solle, die
895 2199 914 2276 zu probieren.
803 2275 912 2392 R. Ja es seye wahr, man habe ihme Vielmahl
2105 980 3169 1078 187 angehalten, daß Er hinunder nach Basel
2106 1032 3144 1137 komen und daselbsten ein Schloß auf¬
2104 1102 3112 1214 thun solle, dan es seye daselbsten ein
2104 1155 3105 1274 Schaßz von Silber und gald vergraben,
2107 1234 3152 1340 aber Er habe nit gehen wollen, weilen
2107 1277 3130 1410 Erwohl gelust, daß Er keine solche
2116 1332 3115 1450 wurzen habe, die eine solche Burkung
2107 1426 2433 1518 Ahnn könne
2121 1488 3020 1591 ob Er nit auch von denen Munzore
2106 1555 2977 1640 daselbst herumb gewusst habe.
2099 1604 3153 1720 Nein Er habe von disen Leuten mit
2108 1704 3147 1772 gewusst, und werde kein Mensch sagen
2098 1739 3155 1829 können, daß Er Ie dergleichen etwas¬
2097 1815 2317 1894 gesehen,
2101 1854 3160 1970 Obwohlen nun diser Raber nochmahlen wegen
2114 1941 3136 2027 des In dem Schreiben von dasel gemelten
2111 2003 3127 2100 Vögelis, und demselben under gelegten
2103 2055 3072 2163 gelts ernstlichen befragt worden
2109 2110 3154 2222 solte Er dennoch deßen nit geständig
2116 2188 3135 2283 seyn, sonderen beharrete gänzlichen
3034 2235 3084 2317 n
2105 2263 3037 2329 darauff, daß Gemand anders se
2115 2304 3133 2411 Nahmen hierin müße mißbraucht haben
2943 2387 3061 2463 hn
2011 1018 2106 1092 187 angehalten, daß Er hinunder nach Basel
2106 1063 2106 1066 komen und daselbsten ein Schloß auf¬
2093 1128 2105 1215 thun solle, dan es seye daselbsten ein
2100 1205 2104 1275 Schaßz von Silber und gald vergraben,
2042 1478 2097 1587 2
2025 1617 2083 1725 2
2085 1648 2100 1695 Nein Er habe von disen Leuten mit
2090 1771 2099 1830 können, daß Er Ie dergleichen etwas¬
2097 1835 2098 1893 gesehen,
