4032 3024
837 2162 892 2257 G
888 1007 1913 1144 Nachdeme Er GMl. belieben Wollen
905 1092 1917 1213 Mniehl. Stifftschaffneren Morlot Wie zu¬
901 1168 1932 1272 Gleich auch Er Gnl. dieneren Min Rh. Groß
899 1211 1890 1296 Weibel und dem Grichtschreiberen anzube¬
886 1284 1926 1359 fehlen, den von Kappelen dieser Tagen ge¬
890 1319 1897 1422 fängklich alher gebrachten Artzet Hannß
881 1382 1922 1481 Jost Sueß von Schupfen außem Endtlibuch
884 1443 1956 1538 Luierner Gebiets, Wegen einichen Erschrocken
884 1495 1904 1592 lichen Gottslösterlichen wohrten so derselbe¬
893 1549 1839 1649 in der Trunkheit außgegoßen haben solle.
892 1610 1895 1698 zur Bekandtnuß zu Bringen. Ist auf heut
872 1665 1908 1768 Endt gemeltem dato dero hochem befelch ge¬
880 1728 1914 1816 horsammer Volggeleistet, und ermelter Lu¬
884 1785 1914 1882 cerner darüber alles krefftigen Ernsts exa¬
887 1850 1884 1952 miniert und vollgende bekandtnuß von
883 1915 1420 2018 Ihme erhalten worden
920 1988 1920 2112 Wie Er heiße, wo Er zu hauß, vndt waß
892 2075 1532 2171 sein thun und laßen seye.
886 2157 1896 2259 . Er heiße Hannß Jost Sueß, gebührtig zu
893 2218 1869 2318 Schupfen im Endtlibuch 2merner gebiets
892 2275 1882 2368 und seiner Vocation nach ein barbierer oder
886 2330 1029 2419 Artist.
1740 2353 1828 2470 R
2037 986 2091 1068 97
2171 992 3154 1126 Varumb und von Weßtwegen Er alhier
2153 1070 2888 1180 gefängtlich eingezogen worden
2213 1153 3159 1253 Er wuße nit auß Waß ursachen solches ge¬
2166 1218 2440 1318 schechen sey
2164 1295 3144 1411 Ob Er nit vorgestern Abends draußen zu
2158 1361 3164 1461 Kappelen im Wührtshauß emniche erschröcken
2151 1421 3175 1524 liche Gottslesterliche und einem Christen
2161 1485 3144 1596 menschen nit gezimmende wohrt gerrdt vnd
2152 1559 2573 1644 außgegoßen habe
2172 1608 3147 1734 Er wüße sich Gantz und gar nit zu Versinn
2157 1677 3144 1785 daß Er einihes Gotts lesterliches wohrt ge¬
2149 1743 3165 1836 redt noch außgegoßen habe, Er seye mechtig
2142 1816 3122 1918 Truncken und vom Wein übernomen Ihm
2159 1846 3151 1964 wann Er nun in solchem zustand seye, so kome
2137 1926 3166 2009 Er vom Verstandt also daß Er nicht wuße, wah¬
2150 1991 2584 2086 Er rede oder thue
2116 2072 3129 2189 Wie Es dann draußen im Wührtshauß her
2160 2129 3150 2238 gangen Als Er das Papyrene Gemähldan
2149 2213 3149 2286 der wand angesechen in welchem die Geschiche
2139 2254 3155 2369 vor gebildet, da Christo dem Herren Empfen
2159 2326 3118 2424 nig vorgewiesen worden ec. Waß Er Sueß
2154 2382 2862 2486 darbey für wohrt geredt habe?
2082 1013 2131 1118 Z
2089 1148 2170 1276 d
2062 1316 2150 1412 E.
2084 1646 2150 1746 A
