4032 3024
1713 1098 1830 1166 diesem
863 1077 1889 1249 Weilen nun dieser Pfeutti auf seinem
897 1176 1898 1292 Vorgeben beharret, und weder der Beraub¬
892 1224 1887 1342 ung der Ballen thuchs noch einichen ande¬
888 1289 1915 1396 ren diebstahls nit geständig seyn wollen; Alß
872 1337 1855 1442 Gatt Muhl. Examinator nöhtig er achtet
884 1403 1889 1506 durch Schreiben Mr wEdlen Ihre Schult¬
875 1443 1903 1559 heißen zu Buren zuersuchen die Maderua
863 1506 1888 1616 Buntz des Zacharias Kochers Eheweib zur
878 1565 1854 1680 Confrontation alhar zusenden, so auch ge¬
863 1638 1082 1721 schechen
857 1710 1847 1820 Worauf MichgeEhrter Ihr Rahts herr
864 1786 1888 1880 den 25ten hujus mit Zuthun Ihr Gnl. die¬
860 1834 1860 1949 neren H. Großweibels und Grichtschreibers
853 1910 1866 1994 sich abermahlen in die Gefangenschafft ver¬
854 1946 1869 2055 fuegt und diesem Penti ernstlichen Vorge¬
850 2001 1870 2113 stellt. Daß weilen Er bey letzt gehalte¬
857 2093 1822 2164 nem Examine sich erbotten des Kochers
844 2120 1848 2233 Frauwen under Munds zu erhalten, daß
839 2196 1847 2302 Sie Ihme angezeigt; Wie daß bey Ihrer
845 2245 1800 2348 gefengklichen enthaltung zu Buren, Sie
827 2307 1848 2421 Ihne der Eröffnung der ballen Tuchs nur
1693 2405 1800 2479 Von
770 1025 857 1100 924
1988 1078 2062 1155 325
2124 1114 3085 1214 von deß wegen angeklagdt, damit sie Ihrem
2102 1182 3102 1276 Sohn verschönen und selbigen als den Thater mit
2111 1232 2474 1334 anzeigen müßte;
2622 1246 3075 1331 daß Er Pfeuti nun
2102 1291 3084 1385 auff dißmahlen solches thun und das Jenige, so
2099 1349 3109 1447 sie, seinen vorgeben nach, Ihme angezeigt, Ihra
2088 1407 2439 1504 Vorhalten solle
2097 1479 3098 1564 Vorauf zwar der Pfeuti auf Eintrettung
2110 1536 3060 1626 dieser Madlena kuntz Ihra vorgehalten
2097 1588 3095 1683 daß Er sie durch einen Buben zu Ihme beschickt
2095 1648 3093 1726 und Befragdt warumb sie Ihne wegen Erößf¬
2087 1700 3059 1793 nung der Ballen thuch angeklagt habe, wohl
2092 1746 3015 1835 Wüßend daß Er des Ohrts unschuldig seye
2089 1840 3055 1921 Allein Selbige hat nit gestehen wollen daß
2089 1892 3079 1966 der Pfeutti Ihre Iemahlen gesagdt, war umb
2086 1937 3051 2034 sie Ihne angeben, viel weniger daß sie Ihme
2089 1983 3072 2081 angezeigt, Ihr Sohn und ein anderer bub sollen
2093 2041 2635 2137 das such entwendt haben
2098 2081 3098 2200 Sonderen im Gegentheil sagdte Sie Ihme unde
2087 2166 3101 2239 mundt, wie daß Er und sein Weib das entwandt
2085 2205 3059 2300 Auch in Einer holen Eich versteckt gehabt, also
2091 2259 3045 2353 daß wie sie selbiges Ihra zu verkauffen geben,
2089 2313 3084 2399 nochfuecht und naß gsin seye. Er Pfeuti selbstn
2081 2365 3062 2465 habe Ihra dieses wullene tuch so von under
2846 2417 3072 2497 Schidnlichen
