4032 3024
883 1003 894 1095 Ihns hierauf nach Murten gefuhrt, Nachdeme
890 1087 894 1132 aber sein Mann diesen früheling Kriegs dienst
884 1126 893 1185 genommen und Iohns verlaßen, seye es alhar kommen
824 1414 890 1494 E.
833 1610 889 1715 R.
885 1304 892 1372 Qolat matt gaßen thor zugezogen
796 1739 885 1875 E.
803 2034 865 2152 E
886 1480 890 1541 Zollner Rohr bey der Neubenbruge Ein dack¬
883 1542 889 1583 Betth ein hauptküß; und ein Leinlachen entwendt
884 1838 887 1887 kaufft habe?
879 1978 885 2039 Peldt umb 3. D. Verkauft
872 2123 884 2190 diesem Dackbetth und hauptkußi harkome
836 2209 883 2301 R. Ja, der Wührt habe Ihns gefragdt,
894 978 1889 1102 Ihns hierauf nach Murten gefuhrt, Nachdeme
893 1087 1916 1163 aber sein Mann diesen früheling Kriegs dienst
893 1107 1912 1220 genommen und Iohns verlaßen, seye es alhar kommen
890 1435 895 1468 E.
888 1611 891 1695 R.
899 1182 1921 1266 und sich bey dem Waßerbronner Rudi genant
893 1235 1909 1317 in H. Allmüßner Sturlers Stöcklin vor dem
891 1294 1594 1391 Qolat matt gaßen thor zugezogen
899 1388 1883 1500 Ob Es nit vor ohngefehrt 9. Wuchen dem H.
889 1471 1913 1559 Zollner Rohr bey der Neubenbruge Ein dack¬
889 1516 1931 1620 Betth ein hauptküß; und ein Leinlachen entwendt
911 1589 1855 1714 Ja es habe diese sachen bey der Neuwenbrugg
898 1678 1089 1745 entwendt
1532 1712 1920 1804 dieses Betth getandt
910 1751 1869 1870 o, Wein und wie themer es selbige ver¬
886 1832 1130 1929 kaufft habe?
895 1887 1869 2006 Eo habe selbiges dem Wührt auß dem Brugg
885 1956 1416 2043 Peldt umb 3. D. Verkauft
892 2023 1869 2126 Ob der Wuhrt Ihns nit gefragt, wo es mit
883 2110 1742 2216 diesem Dackbetth und hauptkußi harkome
1687 2200 1897 2281 Allein Es
882 2179 1687 2304 R. Ja, der Wührt habe Ihns gefragdt,
1697 2268 1812 2365 habe
2036 1009 2103 1091 143
2126 994 3129 1120 habe dem Wührt die Unwahrheit vorgeben, vndt
2132 1070 2788 1177 gesagdt es seyr seiner Schwoster
2129 1157 3087 1245 Ob mann Ihns nit etwelche wuchen nach ver¬
2114 1233 3105 1312 liebtem diebstahl eingesfehet bey der Neuwen
2134 1289 2625 1393 Brugg eingespehet habe
2161 1369 3069 1476 Ja mann habe Ihns daselbsten in ein ge¬
2138 1433 2523 1540 nach eingesfehrt
2144 1514 3086 1628 3b Es mit selbigen Abends als mann Ihns
2131 1575 3114 1683 widrumb loos gelaßen, feuwrige Kohlen auß
2124 1652 2518 1741 das Betth gelegdt.
2132 1713 3109 1835 Nein. Es habe solches gantz und Gar nicht
2124 1778 3135 1895 gethan, dann es noch selbigen Abendt biß für
2106 1843 3110 1944 Waberen hinauß gangen, und daselbst übernach
2112 1899 3112 2028 geblieben, Vnd habend des H. Zollners Leuth
2123 1953 3097 2082 als Sie Ihns ohngefehrt umb 4. Vhr wider gehen
2112 2037 3132 2139 Ihme noch ein stück brodt geben: Es seye zwar
2117 2087 3134 2202 nit minder als daß es nachwehrts von anderen
2110 2159 3120 2274 Leuthen vernommen, daß mann Ihme beymeßen
2112 2224 3121 2346 thne; Ob solte es feiner auf ein betth gelegdt
2821 2314 3006 2399 haben e.
2041 1163 2098 1284 E.
2056 1376 2116 1490 R
2051 1519 2103 1646 H
2056 1732 2110 1844 H
