4032 3024
935 1949 982 2071 E
922 2152 978 2238 d
1178 882 1273 964 3tes
1295 925 1537 998 Cxamen
1074 964 1850 1069 mit Huppolitte Gerix von Bexe¬
1000 1130 1952 1254 Cachdeme den Decembris 1zii
995 1208 1999 1288 hie vor beschribene Erst- und zweyte Examen
1001 1253 1945 1356 Mugepren den Rahten vorgetragen abge¬
994 1310 1993 1389 lesen und dar überhin Erkennt worden, daß
1004 1367 2005 1461 dieser Hypolitte Gerik nochmahlen Ernst
988 1411 2005 1501 lichen, Ja mit Vorstellung und in reniteriuen
987 1478 1972 1560 rendem fahl mit würcklicher Anwendung des
991 1522 1998 1620 einfachen und lähren marter, Zur Bekandteruß
1000 1586 1987 1682 des von H. Brigadier Sturler geklagdten dieb¬
995 1621 1947 1723 stahls gehalten werden solle. Ist sothanem
998 1679 1968 1793 Hefelch gehorsamer Volggeleistet, und zu dem
994 1733 1946 1847 vnd dieser Cherix den 4ten Ganuaryi 1712.
983 1780 1961 1897 Widermahlen gantz ernstlichen examiniert
1001 1835 1951 1951 und auf vorgestelte fragen, folgende bekandt
992 1892 1647 2005 nuß von Ihme erhalten worden
1007 1969 1935 2087 Ob Er nit in Holland Während der Zeit Er sich
1006 2021 1950 2160 daselbsten in diensten auf gehalten, sich phi¬
990 2073 1568 2182 uppe Hoully genambset.
1008 2162 1992 2275 Ja, Allein Er seye auch Ein hoully, sein Vatter
1018 2210 1939 2339 trage heiße auch eigentlich houlli zum ge¬
991 2248 1339 2353 schlechts Namen.
2102 1812 2197 1938 D
2106 1955 2209 2084 R.
2121 1217 2194 1320 d
2171 991 2225 1093 H.
2255 990 3228 1106 Ob Er nit auch zu St. Mauritzen in Wallis
2236 1064 3272 1159 mit Einem anderen Namen und zzwar Geaique
2237 1123 2693 1213 sich nambsen laßen?
2238 1202 3262 1329 Nein, Er habe dich zu St. Mauritzen niemahlen
2238 1308 3268 1378 anders als mit seinem Namen Gerin genamb
2213 1339 3249 1431 het, dann St. Mauritzen mit gar ein stundt von
2218 1397 3240 1472 seinem Heimath, und haben die Leuthe daselbsten
2204 1449 3252 1541 Ihne Wohlgkennt und gewüßt, wie Er heiße, Es
2213 1501 3201 1599 könne zwar Wohl seyn daß etwann, Wegen
2203 1561 3218 1653 Eines Knabent so Er vielmahlen bey Ihme ge¬
2206 1615 3193 1709 habt, so Geaiques geheißen, mann daselbsten
2218 1671 3219 1764 sich geirret, und des Einten Namen für des
2210 1745 2670 1828 Anderen genommen,
2231 1815 3213 1929 Ob Er mit der Margeithe Biolay in Wallis
2226 1895 2718 1992 nächtig getröunt habe
2212 1959 3219 2085 Er habe Ihr mit Anders getröut als daß Er
2206 2048 3186 2142 bey der Wacht zu St. Mauritzen gesagdt, Er¬
2214 2116 3217 2220 möchte Wohl die Biolay antreffen, undt sechen
2199 2176 3167 2275 Ob Sie noch die Wohrt von Ihm rede, so sie
2188 2221 2798 2326 hie vor wider Ihne geredt.
