4032 3024
796 981 932 1059 1 2 Ob nit noch andere mehr dort herumb falsche
868 1129 929 1219 2.
923 1080 930 1156 Sie geschlagen
883 1393 924 1458 zu
913 1808 917 1879 zugetragen; Nachdeme aber der Langen¬
903 1949 914 1992 hauß nicht durch sucht, seye Er widerkommen
910 2079 912 2138 ihne andere Prag machen darauß Er¬
905 2186 910 2244 bleyzug Gestochen, Nämlich ein zurich schillig
931 980 1908 1090 1 2 Ob nit noch andere mehr dort herumb falsche
929 1138 930 1140 2.
938 1027 1910 1149 nunz gemacht, und das gattung Munz¬
924 1394 939 1444 zu
929 1081 1237 1175 Sie geschlagen
946 1147 1925 1254 Es habe der LangenErger Vnd Schuethäni
935 1216 1916 1317 in des langen Eggershauß 11. schillinger
935 1272 1925 1371 und 3. Krenzler gemacht, und haben an
935 1333 1930 1420 gefangen darvon inder den Leuten auß¬
937 1382 1918 1456 geben, under anderem in des Weinschenken
944 1439 1909 1508 lauß zu Langnann, da habe der Wein¬
934 1492 1899 1593 scheit die falschen drey Krenzler zusamen
939 1542 1890 1652 gelegt, und dem Langen Egger bottschafft
923 1619 1878 1714 geschift, Er wolle Ihn und den Schue thön
940 1672 1875 1773 verklagen, darauff Sie geflohen, dises
928 1732 1869 1831 habe sich vor ohngefehrd dritthals Jahren
916 1793 1905 1892 zugetragen; Nachdeme aber der Langen¬
922 1854 1900 1947 Egger Vornommen, daß man ihme sein
914 1919 1880 2004 hauß nicht durch sucht, seye Er widerkommen
925 1979 1879 2086 und br ihme Inngold angehalten, Er solle
911 2040 1872 2147 ihne andere Prag machen darauß Er¬
916 2105 1876 2219 dem HangenEgger die drey Prag in der
909 2178 1923 2285 bleyzug Gestochen, Nämlich ein zurich schillig
918 2242 1885 2345 ein 2. schilling und ein Plappert Fräg und
908 2305 1921 2408 dargegen den irer Erenzler stempfel Ihme
908 2368 1397 2448 einerum verscheidet.
1760 2368 1840 2471 2
2034 1109 2094 1134 G.
1974 1010 2060 1120 1f
2098 984 3111 1090 Was der LangenEyger ihme geben, daß Er
2115 1054 2593 1153 dise Prag gestachen
2113 1080 3124 1194 Er habe ihme zwar 15. R. darfür versprochen
2115 1181 3105 1264 aber ihme nichts anders geben alß dieesrer
2117 1202 3135 1316 Strimupf so er anhabe, und dan seinem wib¬
2109 1266 3139 1367 einen Thaler, daß Sie alleZzeit solleam Mann
2096 1341 2836 1452 seyn, daß Er dise Frag mache.
2108 1413 3141 1520 ob Er nit noch anders gelt macht, alß mir
2110 1496 2554 1580 wenzer gemacht
2133 1556 2503 1647 kein gar nicht.
2149 1590 3133 1706 das seye mit die Wahrheit, man habe Ja auch
2113 1673 2821 1775 schilling hinder ihme gefunden
2137 1713 3059 1828 zu seyen mir die Probierstuk, so der
2103 1783 3136 1907 Langentager in seiner Vertstatt gemacht
2122 1880 2535 1964 und da gelaßen
2125 1883 3028 2011 16 Er Niemahl kein gelt hinweggeschikt.
2125 2001 3066 2098 kein aber Er wüße daß der Scheideggen
2121 2047 3108 2143 auff die 40. V. munz beggeben, und habe
2106 2130 3147 2229 selbiger zwey Alpkeß gekaufft und ver¬
2105 2194 3107 2291 berchet. Auch habe Er von dem Scheidenger
2112 2229 3121 2339 vernomen der Peter düttler habe gesagt,
2110 2306 3096 2402 die Buchsenschuiden seyen inen ganchen
3003 2369 3115 2423 daß
2029 1134 2092 1212 G.
2048 1443 2077 1547 2
2029 1553 2096 1653 2
1984 1640 2117 1721 Replicirt
2033 1732 2092 1832 K
2045 1923 2089 2010 2.
