<?xml version="1.0" encoding="UTF-8" standalone="yes"?>
<PcGts xmlns="http://schema.primaresearch.org/PAGE/gts/pagecontent/2013-07-15" xmlns:xsi="http://www.w3.org/2001/XMLSchema-instance" xsi:schemaLocation="http://schema.primaresearch.org/PAGE/gts/pagecontent/2013-07-15 http://schema.primaresearch.org/PAGE/gts/pagecontent/2013-07-15/pagecontent.xsd">
    <Metadata>
        <Creator>prov=University of Rostock/Institute of Mathematics/CITlab|PLANET AI GmbH/Gundram Leifert/gundram.leifert@planet-ai.de:name=Transkribus German Kurrent M2(htr_id=29820)::::v=2.6.7
prov=University of Rostock/Institute of Mathematics/CITlab|PLANET AI GmbH/Tobias Gruening/tobias.gruening@planet-ai.de:name=de.uros.citlab.module.baseline2polygon.B2PSeamMultiOriented:v=2.6.7
prov=University of Rostock/Institute of Mathematics/CITlab|PLANET AI GmbH/Tobias Gruening/tobias.gruening@planet-ai.de:name=/net_tf/LA73_249_0mod360.pb:de.uros.citlab.segmentation.CITlab_LA_ML:v=2.6.7
Transkribus</Creator>
        <Created>2022-05-02T16:07:27.431+02:00</Created>
        <LastChange>2023-06-16T11:10:03.749+02:00</LastChange>
        <TranskribusMetadata docId="1336518" pageId="52421108" pageNr="52" tsid="127085627" status="IN_PROGRESS" userId="42748" imgUrl="https://files.transkribus.eu/Get?id=NPIOXBGIRGWARATPBCWCMWRW&amp;fileType=view" xmlUrl="https://files.transkribus.eu/Get?id=QHBTMXNGOGLPNQYVYEQMUEXQ" imageId="30694325"/>
    </Metadata>
    <Page imageFilename="IMG_6606.jpg" imageWidth="4032" imageHeight="3024">
        <ReadingOrder>
            <OrderedGroup id="ro_1687513568513" caption="Regions reading order">
                <RegionRefIndexed index="0" regionRef="TextRegion_1686906580551_1731"/>
                <RegionRefIndexed index="1" regionRef="TextRegion_1686906563415_1700"/>
                <RegionRefIndexed index="2" regionRef="r3"/>
                <RegionRefIndexed index="3" regionRef="TextRegion_1686906594047_1736"/>
            </OrderedGroup>
        </ReadingOrder>
        <TextRegion orientation="0.0" type="paragraph" id="TextRegion_1686906580551_1731" custom="readingOrder {index:0;}">
            <Coords points="840,1052 847,921 1980,998 1956,2344 945,2344 964,1037"/>
            <TextLine id="line_1686906563551_1703" custom="readingOrder {index:0;} place {offset:25; length:11;}">
                <Coords points="959,1014 1559,1008 1959,1056 1956,1125 1916,1138 1691,1090 1628,1115 1278,1067 1062,1105 959,1071 958,1048"/>
                <Baseline points="965,1064 1014,1064 1063,1065 1112,1065 1162,1067 1211,1067 1260,1068 1309,1068 1359,1070 1408,1071 1457,1071 1506,1074 1556,1075 1605,1077 1654,1080 1703,1082 1753,1085 1802,1089 1851,1092 1900,1096 1950,1101"/>
                <TextEquiv>
                    <Unicode>Eine halbst und Weit von Keiserstuhl gebührtig</Unicode>
                </TextEquiv>
            </TextLine>
            <TextLine id="r2l2" custom="readingOrder {index:1;}">
                <Coords points="971,1126 1228,1169 1495,1130 1642,1184 1769,1153 1891,1189 1962,1175 1965,1114 1915,1140 1691,1090 1618,1115 1260,1071 1063,1105 973,1075"/>
                <Baseline points="978,1119 1026,1122 1075,1123 1124,1124 1173,1125 1222,1127 1271,1128 1320,1130 1369,1130 1418,1131 1467,1133 1515,1134 1564,1137 1613,1139 1662,1142 1711,1145 1760,1148 1809,1152 1858,1156 1907,1161 1956,1166"/>
                <TextEquiv>
                    <Unicode>und mit strahlen handlet underschideliche mahl</Unicode>
                </TextEquiv>
            </TextLine>
            <TextLine id="r2l3" custom="readingOrder {index:2;}">
                <Coords points="968,1193 1875,1247 1905,1240 1907,1161 1639,1182 1523,1139 1295,1170 969,1135"/>
                <Baseline points="975,1173 1021,1177 1067,1180 1113,1182 1159,1184 1206,1186 1252,1187 1298,1188 1344,1190 1390,1191 1437,1191 1483,1193 1529,1193 1575,1194 1621,1196 1668,1196 1714,1198 1760,1200 1806,1202 1852,1205 1899,1208"/>
                <TextEquiv>
                    <Unicode>umbher gezogen, und mit Ihm ungebührlich</Unicode>
                </TextEquiv>
            </TextLine>
            <TextLine id="line_1686906563552_1704" custom="readingOrder {index:3;}">
                <Coords points="964,1195 986,1205 1018,1192 1044,1215 1069,1204 1099,1210 1111,1198 1126,1210 1163,1186 1190,1190 1188,1267 1171,1263 1156,1272 1129,1251 1102,1263 1077,1252 1036,1274 1017,1274 978,1253 966,1259"/>
                <Baseline points="965,1238 979,1238 1004,1239 1030,1239 1055,1241 1080,1241 1106,1242 1131,1242 1156,1242 1182,1241"/>
                <TextEquiv>
                    <Unicode>zugehalten</Unicode>
                </TextEquiv>
            </TextLine>
            <TextLine id="line_1686906563552_1706" custom="readingOrder {index:4;} person {offset:25; length:8;}">
                <Coords points="967,1279 1176,1263 1291,1311 1386,1274 1436,1310 1617,1279 1863,1301 1921,1328 1920,1367 1667,1351 1577,1387 1538,1349 1364,1335 1225,1367 1097,1330 966,1340 968,1294"/>
                <Baseline points="967,1332 1008,1333 1058,1334 1109,1334 1159,1335 1209,1337 1260,1338 1310,1338 1360,1340 1411,1341 1461,1343 1511,1344 1561,1346 1612,1347 1662,1349 1712,1350 1763,1352 1813,1355 1863,1356 1914,1358"/>
                <TextEquiv>
                    <Unicode>B. Ja es seye mit diesem Schaubli umb¬</Unicode>
                </TextEquiv>
            </TextLine>
            <TextLine id="line_1686906563553_1708" custom="readingOrder {index:5;}">
                <Coords points="966,1349 1199,1372 1309,1344 1361,1375 1467,1343 1621,1387 1756,1347 1937,1396 1925,1432 1486,1401 1419,1439 1366,1396 1256,1392 965,1419"/>
                <Baseline points="966,1379 1002,1382 1051,1386 1100,1387 1149,1389 1197,1391 1246,1392 1295,1394 1344,1395 1392,1396 1441,1397 1490,1398 1539,1399 1587,1401 1636,1402 1685,1404 1734,1406 1782,1408 1831,1411 1880,1415 1929,1418"/>
                <TextEquiv>
                    <Unicode>her gezogen und mit Ihme ungebührlich zu¬</Unicode>
                </TextEquiv>
            </TextLine>
            <TextLine id="line_1686906563554_1710" custom="readingOrder {index:6;} place {offset:38; length:4;}">
                <Coords points="965,1420 1140,1436 1295,1405 1437,1440 1762,1408 1899,1428 1926,1498 1809,1466 1741,1500 1614,1457 1466,1502 1384,1456 1269,1487 1153,1456 964,1477"/>
                <Baseline points="964,1443 1002,1446 1050,1449 1098,1451 1147,1452 1195,1454 1243,1455 1292,1455 1340,1455 1388,1455 1437,1455 1485,1457 1533,1457 1581,1458 1630,1460 1678,1461 1726,1463 1775,1466 1823,1470 1871,1474 1920,1481"/>
                <TextEquiv>
                    <Unicode>Gehalten der Ihns auch ohulengsten zu Thun</Unicode>
                </TextEquiv>
            </TextLine>
            <TextLine id="line_1686906563554_1712" custom="readingOrder {index:7;}">
                <Coords points="963,1480 1097,1492 1155,1457 1554,1504 1634,1467 1936,1499 1936,1540 962,1535"/>
                <Baseline points="963,1511 1002,1512 1051,1514 1100,1514 1149,1515 1197,1515 1246,1516 1295,1517 1344,1517 1392,1517 1441,1517 1490,1518 1539,1518 1587,1518 1636,1520 1685,1520 1734,1522 1782,1523 1831,1526 1880,1527 1929,1530"/>
                <TextEquiv>
                    <Unicode>quittiert, und Wüße auch mit anders weder</Unicode>
                </TextEquiv>
            </TextLine>
            <TextLine id="line_1686906563555_1714" custom="readingOrder {index:8;}">
                <Coords points="962,1533 1121,1523 1254,1556 1422,1516 1555,1560 1672,1529 1936,1557 1917,1626 1722,1589 1612,1622 961,1580"/>
                <Baseline points="962,1566 1001,1568 1050,1568 1099,1569 1148,1571 1197,1571 1245,1572 1294,1573 1343,1574 1392,1575 1441,1576 1489,1577 1538,1578 1587,1578 1636,1580 1685,1580 1733,1581 1782,1581 1831,1583 1880,1583 1929,1584"/>
                <TextEquiv>
                    <Unicode>daß es dißmahlen von Ihme schwanger seye.</Unicode>
                </TextEquiv>
            </TextLine>
            <TextLine id="line_1686906563555_1716" custom="readingOrder {index:9;} place {offset:30; length:8;}">
                <Coords points="961,1598 1058,1592 1166,1653 1253,1614 1345,1640 1512,1616 1570,1653 1731,1637 1864,1671 1834,1729 1654,1695 1521,1720 1420,1682 959,1707"/>
                <Baseline points="959,1682 1000,1682 1047,1682 1095,1682 1143,1682 1190,1682 1238,1683 1285,1683 1333,1683 1381,1685 1428,1686 1476,1686 1523,1688 1571,1689 1619,1691 1666,1692 1714,1694 1761,1695 1809,1697 1857,1698"/>
                <TextEquiv>
                    <Unicode>E. Ob Es nit im Wührtshauß zu Butzberg</Unicode>
                </TextEquiv>
            </TextLine>
            <TextLine id="line_1686906563556_1718" custom="readingOrder {index:10;} person {offset:4; length:15;} place {offset:24; length:6;}">
                <Coords points="958,1714 1031,1685 1081,1724 1187,1692 1229,1728 1370,1683 1710,1731 1826,1706 1831,1769 1773,1790 1707,1759 1433,1751 1405,1776 1309,1748 1132,1770 958,1746"/>
                <Baseline points="959,1737 1002,1739 1045,1740 1088,1740 1132,1742 1175,1742 1218,1743 1261,1743 1305,1745 1348,1745 1391,1746 1434,1746 1478,1746 1521,1748 1564,1748 1607,1749 1651,1749 1694,1751 1737,1752 1780,1752 1824,1754"/>
                <TextEquiv>
                    <Unicode>mit Christen kuentz von Watten wyl</Unicode>
                </TextEquiv>
            </TextLine>
            <TextLine id="line_1686906563556_1720" custom="readingOrder {index:11;}">
                <Coords points="958,1749 1092,1775 1146,1759 1176,1779 1283,1747 1339,1784 1406,1776 1432,1751 1513,1754 1530,1759 1528,1848 1439,1823 1379,1834 1311,1801 1129,1839 1050,1794 957,1793"/>
                <Baseline points="957,1787 982,1789 1010,1791 1039,1793 1067,1794 1096,1795 1124,1796 1153,1797 1181,1798 1210,1799 1238,1799 1266,1800 1295,1800 1323,1800 1352,1800 1380,1800 1409,1800 1437,1800 1466,1800 1494,1800 1523,1800"/>
                <TextEquiv>
                    <Unicode>auch Unzucht verubt habe</Unicode>
                </TextEquiv>
            </TextLine>
            <TextLine id="r2l13" custom="readingOrder {index:12;}">
                <Coords points="1539,1792 1547,1793 1548,1795 1555,1793 1559,1798 1564,1796 1573,1798 1580,1754 1572,1753 1566,1756 1560,1755 1555,1758 1545,1755"/>
                <Baseline points="1545,1799 1566,1802"/>
                <TextEquiv>
                    <Unicode>2</Unicode>
                </TextEquiv>
            </TextLine>
            <TextLine id="line_1686906563557_1722" custom="readingOrder {index:13;}">
                <Coords points="956,1840 1337,1823 1467,1865 1585,1832 1688,1879 1842,1839 1920,1858 1919,1916 1815,1941 1479,1888 1407,1926 1351,1892 1250,1917 1175,1886 1081,1924 1033,1893 954,1912"/>
                <Baseline points="955,1883 966,1883 1016,1884 1066,1884 1116,1884 1166,1886 1215,1887 1265,1887 1315,1889 1365,1890 1415,1890 1464,1892 1514,1893 1564,1894 1614,1895 1664,1896 1713,1896 1763,1898 1813,1898 1863,1899 1913,1899"/>
                <TextEquiv>
                    <Unicode>R die ses wüße es gar nit, dann sie byde</Unicode>
                </TextEquiv>
            </TextLine>
            <TextLine id="line_1686906563557_1724" custom="readingOrder {index:14;}">
                <Coords points="954,1898 1184,1930 1308,1894 1399,1939 1514,1894 1882,1939 1863,1982 953,1954"/>
                <Baseline points="957,1943 1002,1943 1048,1944 1094,1944 1140,1945 1186,1946 1232,1947 1278,1949 1324,1950 1370,1952 1416,1953 1461,1955 1507,1956 1553,1958 1599,1959 1645,1959 1691,1959 1737,1961 1783,1959 1829,1959 1875,1958"/>
                <TextEquiv>
                    <Unicode>Damahlen gantz Trunken in den Kleideren</Unicode>
                </TextEquiv>
            </TextLine>
            <TextLine id="r2l16" custom="readingOrder {index:15;}">
                <Coords points="953,2000 1071,2030 1130,1999 1887,2050 1889,1978 1847,1970 1696,1991 954,1962"/>
                <Baseline points="959,1995 1005,1995 1051,1997 1097,1997 1143,1998 1189,2000 1235,2001 1281,2003 1327,2006 1373,2007 1420,2009 1466,2011 1512,2013 1558,2015 1604,2016 1650,2018 1696,2018 1742,2019 1788,2019 1834,2019 1881,2018"/>
                <TextEquiv>
                    <Unicode>auf dem bettl gelegen, könne also nicht sagen</Unicode>
                </TextEquiv>
            </TextLine>
            <TextLine id="line_1686906563558_1726" custom="readingOrder {index:16;} person {offset:7; length:6;}">
                <Coords points="952,2023 1499,2016 1738,2062 1904,2041 1912,2080 1593,2105 1506,2080 1433,2114 951,2063"/>
                <Baseline points="951,2051 995,2051 1043,2051 1091,2052 1139,2054 1187,2055 1235,2057 1282,2060 1330,2062 1378,2064 1426,2067 1474,2070 1522,2073 1570,2076 1617,2078 1665,2081 1713,2082 1761,2084 1809,2087 1857,2087 1905,2088"/>
                <TextEquiv>
                    <Unicode>ob der Kuentz Ihns beschlaßen habe oder mit</Unicode>
                </TextEquiv>
            </TextLine>
            <TextLine id="r2l18" custom="readingOrder {index:17;}">
                <Coords points="1091,2188 1200,2178 1247,2203 1308,2172 1592,2197 1652,2175 1684,2203 1781,2213 1839,2195 1840,2145 1713,2108 1680,2134 1523,2152 1093,2085"/>
                <Baseline points="1098,2172 1134,2172 1171,2172 1208,2172 1245,2172 1281,2172 1318,2174 1355,2174 1392,2174 1428,2174 1465,2174 1502,2175 1539,2175 1575,2177 1612,2177 1649,2178 1686,2180 1722,2181 1759,2184 1796,2186 1833,2187"/>
                <TextEquiv>
                    <Unicode>Aber die begangenen Dießstahl</Unicode>
                </TextEquiv>
            </TextLine>
            <TextLine id="r2l19" custom="readingOrder {index:18;}">
                <Coords points="1074,2241 1128,2249 1251,2230 1331,2271 1374,2256 1396,2273 1427,2246 1449,2254 1477,2241 1477,2171 1420,2191 1304,2171 1230,2212 1180,2181 1074,2191"/>
                <Baseline points="1080,2228 1106,2229 1132,2229 1158,2229 1184,2231 1210,2231 1236,2231 1262,2231 1288,2232 1314,2232 1340,2232 1366,2232 1392,2232 1418,2232 1444,2231 1470,2231"/>
                <TextEquiv>
                    <Unicode>wurde es befragdt.</Unicode>
                </TextEquiv>
            </TextLine>
            <TextLine id="r2l20" custom="readingOrder {index:19;}">
                <Coords points="1704,2348 1731,2333 1740,2337 1751,2330 1759,2335 1763,2330 1792,2323 1808,2334 1816,2333 1810,2266 1792,2273 1767,2267 1745,2283 1737,2280 1727,2286 1714,2281 1698,2288"/>
                <Baseline points="1709,2330 1742,2326 1775,2322 1808,2321"/>
                <TextEquiv>
                    <Unicode></Unicode>
                </TextEquiv>
            </TextLine>
            <TextLine id="r1l1" custom="readingOrder {index:20;}">
                <Coords points="881,1021 891,1021 901,1013 910,1011 918,1005 925,1005 925,949 918,949 914,953 912,951 906,953 900,950 891,958 881,958"/>
                <Baseline points="888,999 918,999"/>
                <TextEquiv>
                    <Unicode>9e</Unicode>
                </TextEquiv>
            </TextLine>
            <TextEquiv>
                <Unicode>Eine halbst und Weit von Keiserstuhl gebührtig
und mit strahlen handlet underschideliche mahl
umbher gezogen, und mit Ihm ungebührlich
zugehalten
B. Ja es seye mit diesem Schaubli umb¬
her gezogen und mit Ihme ungebührlich zu¬
Gehalten der Ihns auch ohulengsten zu Thun
quittiert, und Wüße auch mit anders weder
daß es dißmahlen von Ihme schwanger seye.
E. Ob Es nit im Wührtshauß zu Butzberg
mit Christen kuentz von Watten wyl
auch Unzucht verubt habe
2
R die ses wüße es gar nit, dann sie byde
Damahlen gantz Trunken in den Kleideren
auf dem bettl gelegen, könne also nicht sagen
ob der Kuentz Ihns beschlaßen habe oder mit
Aber die begangenen Dießstahl
wurde es befragdt.

9e</Unicode>
            </TextEquiv>
        </TextRegion>
        <TextRegion orientation="0.0" type="marginalia" id="TextRegion_1686906563415_1700" custom="readingOrder {index:1;} structure {type:marginalia;}">
            <Coords points="883,1278 979,1269 960,1955 886,1953"/>
            <TextLine id="line_1686906563551_1702" custom="readingOrder {index:0;} place {offset:25; length:11;}">
                <Coords points="958,1048 959,1071 958,1071"/>
                <TextEquiv>
                    <Unicode>Eine halbst und Weit von Keiserstuhl gebührtig</Unicode>
                </TextEquiv>
            </TextLine>
            <TextLine id="line_1686906563552_1705" custom="readingOrder {index:1;}">
                <Coords points="948,1188 964,1195 966,1259 946,1271"/>
                <Baseline points="954,1238 965,1238"/>
                <TextEquiv>
                    <Unicode>zugehalten</Unicode>
                </TextEquiv>
            </TextLine>
            <TextLine id="line_1686906563553_1707" custom="readingOrder {index:2;} person {offset:25; length:8;}">
                <Coords points="903,1285 967,1279 968,1294 966,1340 901,1346"/>
                <Baseline points="908,1332 958,1332 967,1332"/>
                <TextEquiv>
                    <Unicode>B. Ja es seye mit diesem Schaubli umb¬</Unicode>
                </TextEquiv>
            </TextLine>
            <TextLine id="line_1686906563553_1709" custom="readingOrder {index:3;}">
                <Coords points="948,1348 966,1349 965,1419 946,1421"/>
                <Baseline points="954,1379 966,1379"/>
                <TextEquiv>
                    <Unicode>her gezogen und mit Ihme ungebührlich zu¬</Unicode>
                </TextEquiv>
            </TextLine>
            <TextLine id="line_1686906563554_1711" custom="readingOrder {index:4;} place {offset:38; length:4;}">
                <Coords points="949,1419 965,1420 964,1477 947,1479"/>
                <Baseline points="954,1443 964,1443"/>
                <TextEquiv>
                    <Unicode>Gehalten der Ihns auch ohulengsten zu Thun</Unicode>
                </TextEquiv>
            </TextLine>
            <TextLine id="line_1686906563554_1713" custom="readingOrder {index:5;}">
                <Coords points="948,1479 963,1480 962,1535 947,1535"/>
                <Baseline points="954,1511 963,1511"/>
                <TextEquiv>
                    <Unicode>quittiert, und Wüße auch mit anders weder</Unicode>
                </TextEquiv>
            </TextLine>
            <TextLine id="line_1686906563555_1715" custom="readingOrder {index:6;}">
                <Coords points="948,1534 962,1533 961,1580 947,1580"/>
                <Baseline points="953,1566 962,1566"/>
                <TextEquiv>
                    <Unicode>daß es dißmahlen von Ihme schwanger seye.</Unicode>
                </TextEquiv>
            </TextLine>
            <TextLine id="line_1686906563555_1717" custom="readingOrder {index:7;} place {offset:30; length:8;}">
                <Coords points="899,1602 961,1598 959,1707 898,1711"/>
                <Baseline points="905,1682 952,1682 959,1682"/>
                <TextEquiv>
                    <Unicode>E. Ob Es nit im Wührtshauß zu Butzberg</Unicode>
                </TextEquiv>
            </TextLine>
            <TextLine id="line_1686906563556_1719" custom="readingOrder {index:8;} person {offset:4; length:15;} place {offset:24; length:6;}">
                <Coords points="958,1714 958,1746 952,1746 953,1717"/>
                <TextEquiv>
                    <Unicode>mit Christen kuentz von Watten wyl</Unicode>
                </TextEquiv>
            </TextLine>
            <TextLine id="line_1686906563557_1721" custom="readingOrder {index:9;}">
                <Coords points="948,1748 958,1749 957,1793 947,1793"/>
                <Baseline points="954,1787 957,1787"/>
                <TextEquiv>
                    <Unicode>auch Unzucht verubt habe</Unicode>
                </TextEquiv>
            </TextLine>
            <TextLine id="line_1686906563557_1723" custom="readingOrder {index:10;}">
                <Coords points="911,1843 956,1840 954,1912 909,1924"/>
                <Baseline points="917,1883 955,1883"/>
                <TextEquiv>
                    <Unicode>R die ses wüße es gar nit, dann sie byde</Unicode>
                </TextEquiv>
            </TextLine>
            <TextLine id="line_1686906563558_1725" custom="readingOrder {index:11;}">
                <Coords points="951,1898 954,1898 953,1954 950,1954"/>
                <TextEquiv>
                    <Unicode>Damahlen gantz Trunken in den Kleideren</Unicode>
                </TextEquiv>
            </TextLine>
            <TextLine id="line_1686906563558_1727" custom="readingOrder {index:12;} person {offset:7; length:6;}">
                <Coords points="942,2024 952,2023 951,2063 940,2062"/>
                <Baseline points="948,2051 951,2051"/>
                <TextEquiv>
                    <Unicode>ob der Kuentz Ihns beschlaßen habe oder mit</Unicode>
                </TextEquiv>
            </TextLine>
            <TextEquiv>
                <Unicode>Eine halbst und Weit von Keiserstuhl gebührtig
zugehalten
B. Ja es seye mit diesem Schaubli umb¬
her gezogen und mit Ihme ungebührlich zu¬
Gehalten der Ihns auch ohulengsten zu Thun
quittiert, und Wüße auch mit anders weder
daß es dißmahlen von Ihme schwanger seye.
E. Ob Es nit im Wührtshauß zu Butzberg
mit Christen kuentz von Watten wyl
auch Unzucht verubt habe
R die ses wüße es gar nit, dann sie byde
Damahlen gantz Trunken in den Kleideren
ob der Kuentz Ihns beschlaßen habe oder mit</Unicode>
            </TextEquiv>
        </TextRegion>
        <TextRegion orientation="0.0" type="marginalia" id="r3" custom="readingOrder {index:2;} structure {type:marginalia;}">
            <Coords points="2064,1558 2064,1717 2139,1717 2139,1558"/>
            <TextLine id="r3l1" custom="readingOrder {index:0;}">
                <Coords points="2056,1673 2064,1672 2082,1694 2087,1690 2094,1698 2118,1693 2125,1700 2141,1700 2157,1587 2125,1569 2093,1584 2068,1581"/>
                <Baseline points="2064,1658 2089,1658 2114,1663 2139,1667"/>
                <TextEquiv>
                    <Unicode>d.</Unicode>
                </TextEquiv>
            </TextLine>
            <TextEquiv>
                <Unicode>d.</Unicode>
            </TextEquiv>
        </TextRegion>
        <TextRegion orientation="0.0" type="paragraph" id="TextRegion_1686906594047_1736" custom="readingOrder {index:3;}">
            <Coords points="2036,1100 2041,969 3222,1011 3212,2428 2138,2428 2176,1106"/>
            <TextLine id="r5l1" custom="readingOrder {index:0;}">
                <Coords points="2190,1113 2463,1101 2785,1140 3006,1111 3135,1153 3219,1133 3220,1073 2839,1046 2540,1072 2191,1021"/>
                <Baseline points="2196,1100 2246,1101 2297,1101 2348,1101 2399,1101 2450,1101 2500,1101 2551,1101 2602,1101 2653,1103 2704,1103 2754,1103 2805,1104 2856,1104 2907,1106 2958,1107 3008,1109 3059,1110 3110,1112 3161,1115 3212,1118"/>
                <TextEquiv>
                    <Unicode>Ob Es nit vor Anderthalb Jahren den Nührt</Unicode>
                </TextEquiv>
            </TextLine>
            <TextLine id="r5l2" custom="readingOrder {index:1;} place {offset:3; length:12;}">
                <Coords points="2180,1196 2277,1160 2348,1193 2541,1176 2573,1203 2722,1171 2994,1200 2994,1138 2881,1110 2845,1142 2519,1105 2180,1117"/>
                <Baseline points="2187,1157 2227,1155 2267,1155 2307,1155 2347,1154 2387,1154 2427,1154 2467,1155 2507,1155 2547,1155 2587,1157 2627,1157 2667,1158 2707,1158 2747,1158 2787,1160 2827,1160 2867,1160 2907,1160 2947,1159 2988,1158"/>
                <TextEquiv>
                    <Unicode>zu Bleichenbach hab helfen bestehlen</Unicode>
                </TextEquiv>
            </TextLine>
            <TextLine id="r5l3" custom="readingOrder {index:2;} person {offset:34; length:4; continued:true;}">
                <Coords points="2164,1248 2686,1241 2884,1277 3121,1247 3188,1276 3188,1212 3072,1193 2649,1177 2496,1219 2388,1184 2164,1196"/>
                <Baseline points="2171,1242 2221,1241 2272,1241 2322,1239 2373,1239 2423,1239 2474,1239 2524,1239 2575,1241 2625,1241 2676,1241 2727,1242 2777,1242 2828,1242 2878,1244 2929,1244 2979,1244 3030,1244 3080,1244 3131,1244 3182,1244"/>
                <TextEquiv>
                    <Unicode>Antwort A A. Es habe mit huls der Anna</Unicode>
                </TextEquiv>
            </TextLine>
            <TextLine id="r5l4" custom="readingOrder {index:3;} person {offset:0; length:16; continued:true;} place {offset:21; length:5;} person {offset:32; length:5; continued:true;}">
                <Coords points="2177,1307 2296,1294 2417,1341 2506,1298 2556,1328 2606,1301 2700,1327 3186,1307 3023,1250 2868,1283 2692,1242 2591,1272 2496,1236 2355,1270 2177,1244"/>
                <Baseline points="2184,1296 2233,1296 2283,1298 2333,1298 2383,1299 2433,1299 2482,1299 2532,1299 2582,1301 2632,1301 2682,1301 2731,1301 2781,1301 2831,1301 2881,1301 2931,1301 2980,1302 3030,1302 3080,1302 3130,1302 3180,1302"/>
                <TextEquiv>
                    <Unicode>Maria Bschiffeli von Ewann vndt Maria</Unicode>
                </TextEquiv>
            </TextLine>
            <TextLine id="r5l5" custom="readingOrder {index:4;} person {offset:0; length:8; continued:true;} place {offset:13; length:10;}">
                <Coords points="2171,1369 2866,1360 3016,1388 3176,1371 3194,1317 2972,1313 2921,1342 2844,1305 2560,1329 2506,1298 2312,1342 2243,1301 2171,1344"/>
                <Baseline points="2178,1359 2228,1358 2279,1356 2329,1356 2380,1356 2430,1356 2481,1356 2531,1356 2582,1358 2632,1358 2683,1358 2733,1359 2784,1359 2834,1359 2885,1361 2935,1361 2986,1361 3036,1361 3087,1359 3137,1359 3188,1358"/>
                <TextEquiv>
                    <Unicode>Donauwer von Niderlentz demselben wührt</Unicode>
                </TextEquiv>
            </TextLine>
            <TextLine id="r5l6" custom="readingOrder {index:5;}">
                <Coords points="2180,1416 3185,1432 3202,1375 2180,1372"/>
                <Baseline points="2186,1410 2236,1409 2286,1409 2337,1409 2387,1407 2438,1408 2488,1409 2539,1409 2589,1410 2640,1410 2690,1412 2740,1412 2791,1413 2841,1415 2892,1416 2942,1416 2993,1418 3043,1418 3094,1418 3144,1418 3195,1418"/>
                <TextEquiv>
                    <Unicode>ein Betth entwendt welches aber der wührt</Unicode>
                </TextEquiv>
            </TextLine>
            <TextLine id="r5l7" custom="readingOrder {index:6;}">
                <Coords points="2162,1510 2312,1467 2650,1514 3201,1471 3123,1416 2163,1433"/>
                <Baseline points="2169,1472 2220,1470 2271,1468 2322,1467 2374,1466 2425,1464 2476,1464 2528,1464 2579,1464 2630,1464 2682,1466 2733,1466 2784,1467 2835,1467 2887,1467 2938,1469 2989,1469 3041,1470 3092,1470 3143,1470 3195,1470"/>
                <TextEquiv>
                    <Unicode>Ihnen Wider abgesagdt, und solches wider¬</Unicode>
                </TextEquiv>
            </TextLine>
            <TextLine id="r5l8" custom="readingOrder {index:7;}">
                <Coords points="2168,1551 2216,1544 2231,1552 2288,1530 2308,1536 2316,1530 2329,1540 2365,1532 2392,1542 2390,1496 2353,1497 2335,1484 2299,1493 2277,1475 2249,1496 2229,1486 2207,1502 2187,1499 2167,1510"/>
                <Baseline points="2175,1533 2201,1531 2227,1530 2253,1528 2279,1527 2305,1526 2331,1526 2357,1527 2384,1529"/>
                <TextEquiv>
                    <Unicode>bekommen</Unicode>
                </TextEquiv>
            </TextLine>
            <TextLine id="r5l9" custom="readingOrder {index:8;}">
                <Coords points="2169,1626 2392,1651 2614,1609 2663,1650 2725,1617 3161,1627 3178,1597 3109,1560 2945,1584 2797,1545 2702,1580 2629,1552 2586,1587 2282,1545 2168,1581"/>
                <Baseline points="2175,1616 2224,1616 2274,1616 2324,1616 2374,1616 2424,1616 2473,1616 2523,1616 2573,1616 2623,1616 2673,1616 2722,1616 2772,1616 2822,1616 2872,1614 2922,1614 2971,1614 3021,1614 3071,1614 3121,1614 3171,1614"/>
                <TextEquiv>
                    <Unicode>Ob Es nit bekennt, daß das Landtgarben</Unicode>
                </TextEquiv>
            </TextLine>
            <TextLine id="r5l10" custom="readingOrder {index:9;} place {offset:23; length:10;}">
                <Coords points="2174,1676 2495,1701 2548,1666 2596,1698 2627,1668 2745,1692 2802,1661 3057,1709 3162,1680 3162,1624 2174,1633"/>
                <Baseline points="2181,1671 2229,1670 2278,1668 2327,1667 2376,1667 2424,1667 2473,1665 2522,1665 2571,1665 2619,1666 2668,1667 2717,1667 2766,1667 2814,1667 2863,1667 2912,1667 2961,1667 3009,1667 3058,1667 3107,1665 3156,1665"/>
                <TextEquiv>
                    <Unicode>Stein im Wührtshauß zu Krauchthal habe</Unicode>
                </TextEquiv>
            </TextLine>
            <TextLine id="r5l11" custom="readingOrder {index:10;}">
                <Coords points="2175,1731 2267,1754 2333,1721 2444,1748 2589,1725 2708,1763 2835,1728 3027,1762 3130,1734 3130,1677 3040,1669 2977,1704 2745,1692 2716,1663 2596,1699 2539,1668 2480,1707 2175,1677"/>
                <Baseline points="2181,1722 2228,1722 2275,1721 2322,1721 2369,1721 2416,1721 2463,1721 2510,1721 2557,1721 2604,1721 2652,1722 2699,1722 2746,1722 2793,1722 2840,1722 2887,1722 2934,1722 2981,1721 3028,1721 3075,1719 3123,1719"/>
                <TextEquiv>
                    <Unicode>bettzwand entwenndt, darvon es auch be</Unicode>
                </TextEquiv>
            </TextLine>
            <TextLine id="r5l12" custom="readingOrder {index:11;}">
                <Coords points="2171,1802 2187,1804 2217,1791 2255,1811 2272,1797 2284,1797 2293,1806 2317,1805 2315,1760 2305,1758 2296,1765 2274,1753 2253,1751 2219,1726 2208,1734 2199,1729 2186,1732 2169,1742"/>
                <Baseline points="2177,1781 2203,1782 2229,1781 2256,1780 2282,1779 2309,1778"/>
                <TextEquiv>
                    <Unicode>kommen</Unicode>
                </TextEquiv>
            </TextLine>
            <TextLine id="r5l13" custom="readingOrder {index:12;}">
                <Coords points="2376,1837 2496,1835 2541,1819 2669,1833 2693,1813 2775,1814 2792,1808 2790,1752 2699,1768 2676,1787 2608,1765 2550,1778 2485,1752 2409,1784 2373,1781"/>
                <Baseline points="2382,1827 2407,1826 2432,1825 2457,1824 2483,1822 2508,1821 2533,1820 2558,1820 2584,1818 2609,1817 2634,1816 2659,1815 2685,1814 2710,1812 2735,1811 2760,1809 2786,1808"/>
                <TextEquiv>
                    <Unicode>das Landt garben Steine</Unicode>
                </TextEquiv>
            </TextLine>
            <TextLine id="r5l14" custom="readingOrder {index:13;}">
                <Coords points="2132,1913 2368,1868 2428,1906 2515,1874 2744,1898 3201,1862 3200,1796 2790,1841 2740,1811 2379,1842 2302,1804 2131,1814"/>
                <Baseline points="2138,1869 2190,1869 2243,1869 2296,1869 2349,1869 2402,1869 2454,1868 2507,1868 2560,1868 2613,1866 2666,1866 2718,1865 2771,1865 2824,1863 2877,1863 2930,1862 2982,1862 3035,1860 3088,1859 3141,1857 3194,1856"/>
                <TextEquiv>
                    <Unicode>R: Ja es habe daselbsten Bettgwand ent¬</Unicode>
                </TextEquiv>
            </TextLine>
            <TextLine id="r5l15" custom="readingOrder {index:14;}">
                <Coords points="2165,1935 3024,1948 3177,1917 3176,1862 2858,1877 2811,1909 2657,1878 2426,1906 2377,1869 2164,1906"/>
                <Baseline points="2171,1926 2223,1926 2276,1926 2328,1926 2381,1925 2433,1925 2486,1925 2539,1925 2591,1925 2644,1925 2696,1923 2749,1923 2801,1922 2854,1921 2907,1919 2959,1918 3012,1916 3064,1914 3117,1911 3170,1908"/>
                <TextEquiv>
                    <Unicode>Wendt darvon es Ihme ein Dackbetth vndt</Unicode>
                </TextEquiv>
            </TextLine>
            <TextLine id="r5l16" custom="readingOrder {index:15;}">
                <Coords points="2171,1979 2388,2015 2524,2009 2557,1977 2841,1983 2906,2019 3030,1976 3122,1990 3122,1939 3044,1932 2660,1959 2171,1933"/>
                <Baseline points="2178,1977 2224,1977 2271,1979 2318,1980 2365,1980 2412,1982 2459,1982 2506,1982 2553,1982 2600,1982 2647,1982 2693,1982 2740,1981 2787,1980 2834,1980 2881,1979 2928,1977 2975,1976 3022,1974 3069,1973 3116,1970"/>
                <TextEquiv>
                    <Unicode>ein Küßi gegeben. Dieses dackbetth habe es</Unicode>
                </TextEquiv>
            </TextLine>
            <TextLine id="r5l17" custom="readingOrder {index:16;} place {offset:18; length:12;}">
                <Coords points="2161,2046 2285,2078 2421,2036 2462,2065 2851,2032 2888,2067 3202,2067 3200,1988 3093,1981 3013,2014 2557,1977 2427,2019 2161,2009"/>
                <Baseline points="2168,2039 2219,2040 2270,2042 2322,2042 2373,2042 2424,2042 2476,2042 2527,2040 2578,2039 2630,2039 2681,2037 2732,2036 2784,2035 2835,2033 2886,2033 2938,2031 2989,2030 3040,2030 3092,2029 3143,2028 3195,2028"/>
                <TextEquiv>
                    <Unicode>dem Ohler bey der Neuwen Brugg zugebracht</Unicode>
                </TextEquiv>
            </TextLine>
            <TextLine id="r5l18" custom="readingOrder {index:17;}">
                <Coords points="2161,2110 2577,2103 2858,2145 2939,2111 3152,2119 3152,2073 3090,2048 2906,2069 2850,2032 2559,2082 2427,2087 2348,2051 2161,2068"/>
                <Baseline points="2168,2105 2216,2105 2265,2103 2314,2103 2363,2102 2412,2102 2461,2102 2510,2100 2559,2100 2608,2100 2657,2100 2705,2099 2754,2099 2803,2099 2852,2099 2901,2099 2950,2099 2999,2100 3048,2100 3097,2100 3146,2102"/>
                <TextEquiv>
                    <Unicode>der aber nit gewußt, daß solches gestohlen</Unicode>
                </TextEquiv>
            </TextLine>
            <TextLine id="r5l19" custom="readingOrder {index:18;} person {offset:10; length:4;}">
                <Coords points="2156,2183 2351,2157 2811,2194 2857,2165 2934,2203 3028,2165 3069,2200 3183,2200 3184,2116 2940,2114 2855,2147 2818,2118 2156,2119"/>
                <Baseline points="2162,2162 2212,2160 2263,2160 2314,2160 2365,2159 2415,2159 2466,2159 2517,2159 2568,2159 2618,2159 2669,2160 2720,2160 2771,2160 2821,2160 2872,2160 2923,2160 2974,2160 3024,2160 3075,2160 3126,2160 3177,2160"/>
                <TextEquiv>
                    <Unicode>seyt; das Kußi dann habe es fur Ihns behalten,</Unicode>
                </TextEquiv>
            </TextLine>
            <TextLine id="r5l20" custom="readingOrder {index:19;} place {offset:33; length:8; continued:true;}">
                <Coords points="2157,2246 2536,2215 2874,2261 2938,2220 3033,2265 3156,2232 3156,2194 2995,2167 2934,2206 2864,2170 2811,2198 2157,2182"/>
                <Baseline points="2163,2226 2212,2225 2261,2223 2310,2221 2360,2220 2409,2219 2458,2219 2508,2219 2557,2219 2606,2219 2656,2219 2705,2219 2754,2219 2803,2220 2853,2220 2902,2220 2951,2222 3001,2222 3050,2222 3099,2223 3149,2223"/>
                <TextEquiv>
                    <Unicode>Nachwehrts aber alldieweil es zu Trachsel</Unicode>
                </TextEquiv>
            </TextLine>
            <TextLine id="r5l21" custom="readingOrder {index:20;} place {offset:0; length:4; continued:true;}">
                <Coords points="2172,2289 2385,2277 2429,2304 2500,2272 2772,2322 2908,2281 3143,2288 3143,2228 3049,2266 2937,2220 2871,2262 2775,2224 2631,2259 2516,2227 2432,2255 2172,2236"/>
                <Baseline points="2178,2280 2228,2277 2278,2276 2329,2274 2379,2274 2430,2273 2480,2274 2531,2274 2581,2274 2632,2276 2682,2276 2733,2277 2783,2278 2834,2279 2884,2280 2935,2280 2985,2280 3036,2280 3086,2280 3137,2279"/>
                <TextEquiv>
                    <Unicode>wald in der Gefangenschafft sich befunden, habe</Unicode>
                </TextEquiv>
            </TextLine>
            <TextLine id="r5l22" custom="readingOrder {index:21;} person {offset:16; length:6;}">
                <Coords points="2150,2342 2603,2338 2689,2377 2736,2342 2798,2379 2895,2343 3139,2385 3153,2315 2942,2283 2772,2323 2497,2274 2430,2303 2150,2285"/>
                <Baseline points="2156,2336 2205,2332 2255,2330 2304,2328 2354,2328 2403,2328 2453,2328 2502,2330 2552,2331 2601,2333 2651,2335 2700,2336 2750,2339 2799,2340 2849,2342 2898,2342 2948,2342 2997,2342 3047,2340 3096,2337 3146,2334"/>
                <TextEquiv>
                    <Unicode>das Landtgarben Steini dem H. Landtrogt zu</Unicode>
                </TextEquiv>
            </TextLine>
            <TextLine id="r5l23" custom="readingOrder {index:22;} place {offset:0; length:8;}">
                <Coords points="2899,2453 2919,2458 2950,2430 2990,2433 3029,2452 3067,2444 3095,2449 3092,2384 3065,2377 3044,2359 3034,2356 3014,2378 3003,2379 2895,2348"/>
                <Baseline points="2904,2415 2930,2414 2956,2412 2982,2411 3008,2409 3034,2408 3060,2408 3086,2411"/>
                <TextEquiv>
                    <Unicode>Ehorberg</Unicode>
                </TextEquiv>
            </TextLine>
            <TextLine id="r4l1" custom="readingOrder {index:23;}">
                <Coords points="2087,1065 2107,1066 2118,1074 2127,1074 2143,1086 2158,1079 2149,994 2133,994 2121,989 2100,1004 2088,996 2079,997"/>
                <Baseline points="2091,1050 2119,1047 2148,1044"/>
                <TextEquiv>
                    <Unicode>91.</Unicode>
                </TextEquiv>
            </TextLine>
            <TextEquiv>
                <Unicode>Ob Es nit vor Anderthalb Jahren den Nührt
zu Bleichenbach hab helfen bestehlen
Antwort A A. Es habe mit huls der Anna
Maria Bschiffeli von Ewann vndt Maria
Donauwer von Niderlentz demselben wührt
ein Betth entwendt welches aber der wührt
Ihnen Wider abgesagdt, und solches wider¬
bekommen
Ob Es nit bekennt, daß das Landtgarben
Stein im Wührtshauß zu Krauchthal habe
bettzwand entwenndt, darvon es auch be
kommen
das Landt garben Steine
R: Ja es habe daselbsten Bettgwand ent¬
Wendt darvon es Ihme ein Dackbetth vndt
ein Küßi gegeben. Dieses dackbetth habe es
dem Ohler bey der Neuwen Brugg zugebracht
der aber nit gewußt, daß solches gestohlen
seyt; das Kußi dann habe es fur Ihns behalten,
Nachwehrts aber alldieweil es zu Trachsel
wald in der Gefangenschafft sich befunden, habe
das Landtgarben Steini dem H. Landtrogt zu
Ehorberg
91.</Unicode>
            </TextEquiv>
        </TextRegion>
    </Page>
</PcGts>
