<?xml version="1.0" encoding="UTF-8" standalone="yes"?>
<PcGts xmlns="http://schema.primaresearch.org/PAGE/gts/pagecontent/2013-07-15" xmlns:xsi="http://www.w3.org/2001/XMLSchema-instance" xsi:schemaLocation="http://schema.primaresearch.org/PAGE/gts/pagecontent/2013-07-15 http://schema.primaresearch.org/PAGE/gts/pagecontent/2013-07-15/pagecontent.xsd">
    <Metadata>
        <Creator>prov=University of Rostock/Institute of Mathematics/CITlab|PLANET AI GmbH/Gundram Leifert/gundram.leifert@planet-ai.de:name=Transkribus German Kurrent M2(htr_id=29820)::::v=2.6.7
prov=University of Rostock/Institute of Mathematics/CITlab|PLANET AI GmbH/Tobias Gruening/tobias.gruening@planet-ai.de:name=de.uros.citlab.module.baseline2polygon.B2PSeamMultiOriented:v=2.6.7
prov=University of Rostock/Institute of Mathematics/CITlab|PLANET AI GmbH/Tobias Gruening/tobias.gruening@planet-ai.de:name=/net_tf/LA73_249_0mod360.pb:de.uros.citlab.segmentation.CITlab_LA_ML:v=2.6.7
Transkribus</Creator>
        <Created>2022-05-02T16:07:29.044+02:00</Created>
        <LastChange>2023-06-17T17:24:20.483+02:00</LastChange>
        <TranskribusMetadata docId="1336518" pageId="52421607" pageNr="156" tsid="127191567" status="IN_PROGRESS" userId="42748" imgUrl="https://files.transkribus.eu/Get?id=JPICUCOBEUASVBPMAWWLVMNI&amp;fileType=view" xmlUrl="https://files.transkribus.eu/Get?id=MWTZERISNUMZEPJOOJQSGFAR" imageId="30694598"/>
    </Metadata>
    <Page imageFilename="IMG_6710.jpg" imageWidth="4032" imageHeight="3024">
        <ReadingOrder>
            <OrderedGroup id="ro_1687513577534" caption="Regions reading order">
                <RegionRefIndexed index="0" regionRef="TextRegion_1687015440872_2518"/>
                <RegionRefIndexed index="1" regionRef="TextRegion_1687015425402_2507"/>
                <RegionRefIndexed index="2" regionRef="TextRegion_1687015451542_2522"/>
            </OrderedGroup>
        </ReadingOrder>
        <TextRegion orientation="0.0" type="paragraph" id="TextRegion_1687015440872_2518" custom="readingOrder {index:0;}">
            <Coords points="753,1141 765,1002 1908,1070 1899,2432 830,2432 881,1157"/>
            <TextLine id="r2l1" custom="readingOrder {index:0;}">
                <Coords points="893,1154 1209,1153 1305,1189 1355,1160 1687,1176 1797,1225 1883,1218 1889,1124 1834,1145 1615,1104 1403,1137 1074,1077 897,1084"/>
                <Baseline points="900,1137 948,1139 997,1140 1046,1141 1095,1143 1144,1145 1193,1146 1242,1149 1291,1151 1340,1152 1389,1155 1437,1158 1486,1161 1535,1164 1584,1168 1633,1172 1682,1176 1731,1181 1780,1185 1829,1189 1878,1194"/>
                <TextEquiv>
                    <Unicode>des barstißen Gegenwahrt Kindt betterin</Unicode>
                </TextEquiv>
            </TextLine>
            <TextLine id="r2l2" custom="readingOrder {index:1;}">
                <Coords points="875,1215 995,1202 1062,1242 1128,1226 1190,1252 1268,1213 1329,1238 1392,1220 1439,1255 1540,1242 1581,1262 1634,1257 1638,1191 1464,1188 1419,1160 1306,1189 1152,1150 1090,1174 1024,1149 878,1161"/>
                <Baseline points="882,1196 919,1197 956,1197 994,1199 1031,1200 1068,1202 1106,1203 1143,1205 1180,1207 1218,1209 1255,1211 1292,1214 1330,1215 1367,1218 1404,1220 1442,1222 1479,1224 1516,1226 1554,1228 1591,1230 1629,1232"/>
                <TextEquiv>
                    <Unicode>worden, habe Ihme selbiges geben</Unicode>
                </TextEquiv>
            </TextLine>
            <TextLine id="r2l3" custom="readingOrder {index:2;}">
                <Coords points="891,1293 1333,1305 1422,1344 1526,1311 1566,1348 1660,1312 1873,1355 1905,1349 1909,1262 1572,1252 1486,1293 1037,1233 893,1255"/>
                <Baseline points="897,1289 947,1289 997,1290 1047,1291 1097,1292 1147,1293 1197,1296 1247,1298 1297,1299 1347,1302 1398,1305 1448,1307 1498,1310 1548,1313 1598,1315 1648,1318 1698,1321 1748,1323 1798,1325 1848,1328 1899,1329"/>
                <TextEquiv>
                    <Unicode>So und wie langes seye daß Er mit diesem</Unicode>
                </TextEquiv>
            </TextLine>
            <TextLine id="r2l4" custom="readingOrder {index:3;}">
                <Coords points="881,1350 1015,1384 1116,1348 1335,1401 1711,1376 1865,1421 1903,1419 1906,1360 1660,1313 1562,1349 1333,1305 883,1299"/>
                <Baseline points="887,1338 937,1341 988,1343 1038,1346 1089,1347 1140,1350 1190,1352 1241,1353 1291,1356 1342,1358 1393,1361 1443,1362 1494,1364 1544,1367 1595,1368 1646,1371 1696,1373 1747,1376 1797,1378 1848,1380 1899,1383"/>
                <TextEquiv>
                    <Unicode>habi Schilt khundtsame gemacht und mit Ihme</Unicode>
                </TextEquiv>
            </TextLine>
            <TextLine id="r2l5" custom="readingOrder {index:4;}">
                <Coords points="872,1412 897,1401 936,1411 1001,1403 1096,1444 1184,1442 1216,1424 1248,1425 1249,1382 1202,1386 1143,1359 1092,1353 1024,1387 990,1362 959,1378 915,1346 873,1354"/>
                <Baseline points="879,1397 904,1398 930,1400 956,1401 982,1401 1008,1403 1034,1403 1060,1403 1086,1403 1112,1404 1138,1404 1164,1405 1190,1406 1216,1407 1242,1407"/>
                <TextEquiv>
                    <Unicode>herumb gezogen</Unicode>
                </TextEquiv>
            </TextLine>
            <TextLine id="r2l6" custom="readingOrder {index:5;}">
                <Coords points="1417,1482 1434,1483 1444,1477 1458,1481 1469,1493 1481,1489 1492,1492 1495,1442 1479,1440 1475,1436 1468,1438 1453,1426 1443,1431 1433,1426 1420,1427"/>
                <Baseline points="1424,1467 1455,1467 1487,1470"/>
                <TextEquiv>
                    <Unicode>dann</Unicode>
                </TextEquiv>
            </TextLine>
            <TextLine id="r2l7" custom="readingOrder {index:6;}">
                <Coords points="874,1531 1144,1510 1223,1544 1282,1517 1435,1549 1519,1522 1579,1557 1869,1527 1869,1484 1192,1483 946,1440 875,1477"/>
                <Baseline points="881,1509 930,1511 979,1512 1028,1513 1077,1514 1126,1515 1175,1517 1224,1517 1273,1518 1322,1520 1371,1520 1420,1521 1469,1521 1518,1523 1567,1523 1616,1524 1665,1524 1714,1526 1763,1526 1812,1527 1862,1527"/>
                <TextEquiv>
                    <Unicode>kurtz vor dem Höuwet; zu vor habe Ers mit</Unicode>
                </TextEquiv>
            </TextLine>
            <TextLine id="r2l8" custom="readingOrder {index:7;}">
                <Coords points="863,1599 1063,1563 1134,1611 1228,1581 1288,1610 1332,1585 1398,1612 1449,1585 1689,1621 1857,1604 1857,1565 1800,1541 1755,1561 1661,1531 1548,1567 1281,1516 1219,1545 1076,1517 864,1537"/>
                <Baseline points="870,1568 919,1569 968,1569 1017,1571 1066,1572 1115,1574 1164,1574 1213,1575 1262,1577 1311,1578 1360,1578 1409,1580 1458,1581 1507,1583 1556,1583 1605,1584 1654,1584 1703,1586 1752,1586 1801,1586 1850,1587"/>
                <TextEquiv>
                    <Unicode>gekennt. Es habe zu Erst einen bub zu Ihme</Unicode>
                </TextEquiv>
            </TextLine>
            <TextLine id="r2l9" custom="readingOrder {index:8;}">
                <Coords points="873,1642 1872,1663 1873,1595 1725,1625 1334,1585 1117,1611 1063,1564 874,1587"/>
                <Baseline points="879,1629 928,1631 977,1631 1027,1632 1076,1634 1125,1634 1175,1635 1224,1637 1273,1637 1323,1638 1372,1638 1421,1640 1471,1640 1520,1641 1569,1641 1619,1641 1668,1643 1717,1643 1767,1643 1816,1643 1866,1643"/>
                <TextEquiv>
                    <Unicode>geschickt, nachwehrts habe es Ihme angehalten</Unicode>
                </TextEquiv>
            </TextLine>
            <TextLine id="r2l10" custom="readingOrder {index:9;}">
                <Coords points="869,1696 1827,1724 1828,1673 1770,1661 1651,1680 1436,1649 1357,1682 1188,1645 1147,1677 1063,1632 976,1664 870,1643"/>
                <Baseline points="875,1689 922,1691 969,1691 1016,1692 1064,1694 1111,1694 1158,1695 1206,1695 1253,1695 1300,1697 1348,1697 1395,1698 1442,1698 1489,1698 1537,1700 1584,1701 1631,1701 1679,1703 1726,1704 1773,1706 1821,1707"/>
                <TextEquiv>
                    <Unicode>und gesagdt, daß wann Er etwann 5. tag</Unicode>
                </TextEquiv>
            </TextLine>
            <TextLine id="r2l11" custom="readingOrder {index:10;}">
                <Coords points="866,1756 950,1787 994,1760 1063,1785 1448,1762 1586,1801 1646,1768 1853,1778 1854,1743 1741,1709 1650,1741 1312,1698 1200,1738 961,1690 867,1712"/>
                <Baseline points="873,1745 921,1746 970,1748 1019,1749 1067,1751 1116,1752 1165,1753 1213,1754 1262,1755 1311,1757 1360,1758 1408,1759 1457,1760 1506,1761 1554,1763 1603,1763 1652,1764 1700,1766 1749,1766 1798,1767 1847,1767"/>
                <TextEquiv>
                    <Unicode>mit Ihm gange, so könne es viel Geldt bekom¬</Unicode>
                </TextEquiv>
            </TextLine>
            <TextLine id="r2l12" custom="readingOrder {index:11;}">
                <Coords points="866,1806 1227,1844 1359,1814 1829,1830 1829,1791 1727,1802 1649,1768 1588,1798 1428,1767 1363,1790 866,1770"/>
                <Baseline points="872,1803 919,1805 967,1806 1014,1806 1062,1808 1109,1809 1157,1809 1204,1809 1252,1811 1299,1811 1347,1811 1395,1812 1442,1812 1490,1812 1537,1812 1585,1814 1632,1814 1680,1815 1727,1817 1775,1818 1823,1820"/>
                <TextEquiv>
                    <Unicode>men und wolle Ihme als dann seine mühe</Unicode>
                </TextEquiv>
            </TextLine>
            <TextLine id="r2l13" custom="readingOrder {index:12;}">
                <Coords points="840,1873 1040,1903 1084,1867 1522,1903 1632,1874 1767,1912 1865,1873 1866,1836 1314,1822 1148,1850 840,1818"/>
                <Baseline points="846,1865 896,1865 947,1865 997,1865 1048,1866 1099,1866 1149,1868 1200,1868 1251,1869 1301,1869 1352,1871 1403,1872 1453,1872 1504,1872 1555,1874 1605,1874 1656,1874 1707,1874 1757,1874 1808,1872 1859,1872"/>
                <TextEquiv>
                    <Unicode>Wohl belohnen, Auf das hin seye Er mit Ihme</Unicode>
                </TextEquiv>
            </TextLine>
            <TextLine id="r2l14" custom="readingOrder {index:13;}">
                <Coords points="860,1933 994,1960 1136,1927 1231,1966 1417,1930 1637,1975 1689,1937 1893,1953 1894,1893 1657,1911 1614,1881 1531,1917 1399,1881 1211,1910 860,1882"/>
                <Baseline points="866,1922 917,1922 968,1922 1019,1923 1070,1923 1121,1925 1172,1926 1223,1928 1274,1928 1325,1929 1376,1931 1427,1931 1478,1932 1529,1932 1580,1932 1631,1932 1682,1932 1733,1932 1784,1931 1835,1929 1887,1928"/>
                <TextEquiv>
                    <Unicode>alhar zum Neuwhaußgangen, und alda einihe</Unicode>
                </TextEquiv>
            </TextLine>
            <TextLine id="r2l15" custom="readingOrder {index:14;}">
                <Coords points="850,1992 1857,2001 1857,1955 1809,1945 1718,1976 1436,1941 1312,1962 1272,1935 1231,1966 1039,1935 963,1966 851,1937"/>
                <Baseline points="857,1985 906,1983 956,1982 1005,1981 1055,1980 1105,1982 1154,1982 1204,1983 1254,1985 1303,1985 1353,1986 1403,1988 1452,1989 1502,1991 1552,1991 1601,1991 1651,1991 1701,1991 1750,1989 1800,1988 1850,1985"/>
                <TextEquiv>
                    <Unicode>tag mit Ihme aufgehalten, aber niemandge¬</Unicode>
                </TextEquiv>
            </TextLine>
            <TextLine id="r2l16" custom="readingOrder {index:15;}">
                <Coords points="842,2055 1773,2071 1866,2066 1867,2017 843,1994"/>
                <Baseline points="848,2039 898,2037 949,2036 999,2036 1050,2036 1101,2037 1151,2037 1202,2039 1252,2040 1303,2042 1354,2043 1404,2045 1455,2046 1505,2048 1556,2048 1607,2049 1657,2049 1708,2049 1758,2048 1809,2047 1860,2045"/>
                <TextEquiv>
                    <Unicode>sechen der Ihm einiches Geldt geben wollen, son¬</Unicode>
                </TextEquiv>
            </TextLine>
            <TextLine id="r2l17" custom="readingOrder {index:16;}">
                <Coords points="844,2109 1879,2116 1879,2056 1468,2084 1354,2050 976,2079 845,2052"/>
                <Baseline points="851,2097 902,2096 953,2094 1004,2093 1055,2093 1106,2093 1157,2093 1208,2094 1259,2095 1310,2096 1361,2097 1412,2099 1463,2099 1514,2100 1565,2102 1616,2102 1667,2102 1718,2102 1769,2102 1820,2100 1872,2099"/>
                <TextEquiv>
                    <Unicode>deren Er habe noch das Jenige Verthan so Er mit</Unicode>
                </TextEquiv>
            </TextLine>
            <TextLine id="r2l18" custom="readingOrder {index:17;}">
                <Coords points="842,2189 905,2153 1070,2190 1229,2154 1406,2186 1527,2150 1747,2184 1857,2153 1844,2112 1398,2138 1155,2098 1067,2128 842,2109"/>
                <Baseline points="849,2154 899,2153 949,2153 999,2151 1049,2151 1099,2151 1149,2151 1199,2151 1249,2151 1299,2153 1349,2153 1399,2153 1449,2153 1499,2153 1549,2153 1599,2153 1649,2153 1699,2151 1749,2150 1799,2148 1850,2147"/>
                <TextEquiv>
                    <Unicode>Ihme von hauß genommen; von dannen habe Er</Unicode>
                </TextEquiv>
            </TextLine>
            <TextLine id="r2l19" custom="readingOrder {index:18;}">
                <Coords points="842,2231 1133,2211 1335,2255 1423,2222 1509,2249 1595,2214 1833,2226 1833,2186 1492,2157 1349,2198 1273,2162 1231,2195 1144,2165 1055,2189 906,2153 842,2196"/>
                <Baseline points="848,2213 896,2211 945,2211 994,2210 1043,2210 1092,2210 1141,2211 1190,2211 1239,2211 1288,2212 1337,2213 1385,2213 1434,2213 1483,2213 1532,2213 1581,2213 1630,2213 1679,2211 1728,2210 1777,2208 1826,2205"/>
                <TextEquiv>
                    <Unicode>sich wider zu den seinigen in hönwet begeben,</Unicode>
                </TextEquiv>
            </TextLine>
            <TextLine id="r2l20" custom="readingOrder {index:19;} place {offset:32; length:5;}">
                <Coords points="835,2315 1046,2276 1222,2308 1667,2280 1724,2307 1866,2281 1866,2223 1504,2258 895,2221 835,2252"/>
                <Baseline points="842,2279 892,2276 943,2274 994,2273 1045,2272 1096,2271 1147,2271 1198,2271 1249,2273 1300,2273 1351,2274 1401,2274 1452,2274 1503,2276 1554,2276 1605,2276 1656,2276 1707,2274 1758,2273 1809,2271 1860,2268"/>
                <TextEquiv>
                    <Unicode>Etwas Zeits darnach seye Er gan büren zmarit</Unicode>
                </TextEquiv>
            </TextLine>
            <TextLine id="r2l21" custom="readingOrder {index:20;}">
                <Coords points="823,2375 1158,2349 1318,2375 1483,2338 1695,2382 1814,2336 1814,2288 824,2305"/>
                <Baseline points="830,2336 878,2336 927,2334 976,2334 1025,2333 1074,2333 1123,2334 1172,2334 1221,2334 1270,2336 1319,2336 1367,2336 1416,2337 1465,2337 1514,2338 1563,2339 1612,2339 1661,2339 1710,2337 1759,2337 1808,2336"/>
                <TextEquiv>
                    <Unicode>gangen, und under wegs dieses babi Schilt</Unicode>
                </TextEquiv>
            </TextLine>
            <TextLine id="r2l22" custom="readingOrder {index:21;}">
                <Coords points="1659,2426 1677,2428 1698,2445 1710,2438 1719,2447 1735,2446 1755,2434 1765,2438 1781,2422 1812,2427 1811,2384 1777,2393 1759,2375 1733,2361 1706,2381 1700,2378 1695,2383 1678,2374 1669,2380 1658,2377"/>
                <Baseline points="1665,2418 1693,2416 1721,2415 1749,2414 1777,2414 1806,2415"/>
                <TextEquiv>
                    <Unicode>Wider</Unicode>
                </TextEquiv>
            </TextLine>
            <TextLine id="line_1687015425527_2511" custom="readingOrder {index:22;}">
                <Coords points="786,1031 800,1029 822,1038 833,1032 854,1043 872,1040 874,1091 860,1093 855,1089 841,1097 835,1092 824,1102 788,1102"/>
                <Baseline points="794,1083 830,1081 867,1080"/>
                <TextEquiv>
                    <Unicode>902</Unicode>
                </TextEquiv>
            </TextLine>
            <TextEquiv>
                <Unicode>des barstißen Gegenwahrt Kindt betterin
worden, habe Ihme selbiges geben
So und wie langes seye daß Er mit diesem
habi Schilt khundtsame gemacht und mit Ihme
herumb gezogen
dann
kurtz vor dem Höuwet; zu vor habe Ers mit
gekennt. Es habe zu Erst einen bub zu Ihme
geschickt, nachwehrts habe es Ihme angehalten
und gesagdt, daß wann Er etwann 5. tag
mit Ihm gange, so könne es viel Geldt bekom¬
men und wolle Ihme als dann seine mühe
Wohl belohnen, Auf das hin seye Er mit Ihme
alhar zum Neuwhaußgangen, und alda einihe
tag mit Ihme aufgehalten, aber niemandge¬
sechen der Ihm einiches Geldt geben wollen, son¬
deren Er habe noch das Jenige Verthan so Er mit
Ihme von hauß genommen; von dannen habe Er
sich wider zu den seinigen in hönwet begeben,
Etwas Zeits darnach seye Er gan büren zmarit
gangen, und under wegs dieses babi Schilt
Wider
902</Unicode>
            </TextEquiv>
        </TextRegion>
        <TextRegion orientation="0.0" type="marginalia" id="TextRegion_1687015425402_2507" custom="readingOrder {index:1;} structure {type:marginalia;}">
            <Coords points="786,1207 882,1209 867,1567 771,1565"/>
            <TextLine id="line_1687015425527_2510" custom="readingOrder {index:0;}">
                <Coords points="788,1102 824,1102 820,1106 815,1103 805,1110 789,1110"/>
                <TextEquiv>
                    <Unicode>902</Unicode>
                </TextEquiv>
            </TextLine>
            <TextLine id="r1l2" custom="readingOrder {index:1;}">
                <Coords points="810,1323 825,1322 843,1332 857,1322 867,1323 867,1225 857,1225 851,1232 843,1235 828,1230 823,1234 810,1230"/>
                <Baseline points="816,1296 861,1296"/>
                <TextEquiv>
                    <Unicode>L</Unicode>
                </TextEquiv>
            </TextLine>
            <TextLine id="r1l3" custom="readingOrder {index:2;}">
                <Coords points="797,1528 818,1529 830,1524 844,1532 856,1533 856,1436 844,1435 837,1442 797,1451"/>
                <Baseline points="804,1517 849,1517"/>
                <TextEquiv>
                    <Unicode>E</Unicode>
                </TextEquiv>
            </TextLine>
            <TextEquiv>
                <Unicode>902
L
E</Unicode>
            </TextEquiv>
        </TextRegion>
        <TextRegion orientation="0.0" type="paragraph" id="TextRegion_1687015451542_2522" custom="readingOrder {index:2;}">
            <Coords points="1948,1057 3071,1125 3071,2070 1987,2078"/>
            <TextLine id="r3l1" custom="readingOrder {index:0;}">
                <Coords points="1993,1170 2006,1167 2009,1163 2016,1167 2020,1166 2030,1156 2037,1156 2040,1159 2062,1151 2058,1110 2047,1110 2039,1103 2032,1108 2022,1100 2006,1094 1997,1099 1986,1099"/>
                <Baseline points="1998,1158 2026,1157 2055,1152"/>
                <TextEquiv>
                    <Unicode>303</Unicode>
                </TextEquiv>
            </TextLine>
            <TextLine id="r4l1" custom="readingOrder {index:1;}">
                <Coords points="2747,1153 2761,1150 2784,1165 2799,1156 2805,1156 2801,1106 2791,1107 2790,1105 2785,1108 2778,1102 2766,1114 2744,1114"/>
                <Baseline points="2753,1148 2798,1145"/>
                <TextEquiv>
                    <Unicode>sey.</Unicode>
                </TextEquiv>
            </TextLine>
            <TextLine id="r4l2" custom="readingOrder {index:2;}">
                <Coords points="2123,1188 2568,1179 2770,1211 3039,1198 3040,1159 2951,1129 2714,1163 2571,1101 2421,1132 2396,1112 2350,1145 2125,1105"/>
                <Baseline points="2130,1161 2175,1163 2220,1164 2265,1165 2310,1166 2355,1167 2400,1169 2446,1170 2491,1171 2536,1173 2581,1173 2626,1175 2671,1176 2716,1177 2762,1178 2807,1179 2852,1179 2897,1179 2942,1181 2987,1181 3033,1181"/>
                <TextEquiv>
                    <Unicode>Vider angetroffen, da dannen Er mit Ihme</Unicode>
                </TextEquiv>
            </TextLine>
            <TextLine id="r4l3" custom="readingOrder {index:3;} place {offset:4; length:7;}">
                <Coords points="2104,1243 3055,1241 3055,1207 2993,1189 2105,1196"/>
                <Baseline points="2111,1224 2157,1223 2204,1223 2251,1223 2298,1224 2345,1224 2392,1224 2438,1226 2485,1227 2532,1227 2579,1229 2626,1229 2673,1230 2720,1231 2766,1232 2813,1232 2860,1233 2907,1233 2954,1233 3001,1232 3048,1232"/>
                <TextEquiv>
                    <Unicode>gen bolcken komen, Alda es in Einem Bauoren</Unicode>
                </TextEquiv>
            </TextLine>
            <TextLine id="r4l4" custom="readingOrder {index:4;}">
                <Coords points="2098,1299 2324,1315 2613,1286 2858,1328 3031,1291 3009,1255 2798,1242 2724,1267 2276,1229 2098,1254"/>
                <Baseline points="2105,1283 2153,1283 2201,1281 2250,1281 2298,1281 2346,1281 2395,1281 2443,1281 2491,1281 2540,1281 2588,1283 2637,1283 2685,1283 2733,1284 2782,1284 2830,1286 2878,1286 2927,1286 2975,1287 3024,1287"/>
                <TextEquiv>
                    <Unicode>hauß Kindtbetterin worden; Es habe vorge¬</Unicode>
                </TextEquiv>
            </TextLine>
            <TextLine id="r4l5" custom="readingOrder {index:5;} person {offset:13; length:18;}">
                <Coords points="2102,1345 2327,1345 2391,1377 2504,1353 2564,1382 2640,1342 2748,1378 2787,1343 3072,1351 3072,1309 2102,1301"/>
                <Baseline points="2108,1341 2155,1341 2203,1341 2251,1340 2299,1340 2347,1340 2395,1340 2442,1340 2490,1340 2538,1340 2586,1340 2634,1340 2682,1340 2730,1340 2777,1341 2825,1341 2873,1341 2921,1341 2969,1341 3017,1343 3065,1343"/>
                <TextEquiv>
                    <Unicode>ben der Ull. Hieri von Laugnanw seye des</Unicode>
                </TextEquiv>
            </TextLine>
            <TextLine id="r4l6" custom="readingOrder {index:6;}">
                <Coords points="2087,1404 2287,1432 2471,1399 2565,1440 2686,1409 2822,1440 2884,1407 2969,1433 3024,1413 3025,1371 2849,1365 2765,1395 2614,1350 2567,1385 2142,1347 2087,1382"/>
                <Baseline points="2093,1400 2139,1400 2185,1398 2231,1398 2278,1398 2324,1400 2370,1400 2416,1401 2463,1401 2509,1403 2555,1403 2601,1404 2648,1405 2694,1406 2740,1406 2786,1407 2833,1407 2879,1407 2925,1407 2971,1406 3018,1406"/>
                <TextEquiv>
                    <Unicode>KindtsVatter. 6. Jag nun nachdeme es</Unicode>
                </TextEquiv>
            </TextLine>
            <TextLine id="r4l7" custom="readingOrder {index:7;}">
                <Coords points="2092,1487 2259,1462 2652,1500 2805,1464 2906,1504 2965,1466 3077,1474 3078,1445 2705,1413 2606,1443 2489,1413 2384,1443 2228,1413 2093,1430"/>
                <Baseline points="2099,1461 2147,1460 2196,1460 2244,1460 2293,1460 2342,1460 2390,1460 2439,1461 2487,1461 2536,1461 2585,1463 2633,1463 2682,1463 2730,1464 2779,1464 2828,1464 2876,1464 2925,1464 2973,1464 3022,1463 3071,1463"/>
                <TextEquiv>
                    <Unicode>Kindt betteri worden, seyen sie mit Einande</Unicode>
                </TextEquiv>
            </TextLine>
            <TextLine id="r4l8" custom="readingOrder {index:8;} place {offset:8; length:5;}">
                <Coords points="2099,1521 2429,1550 2571,1520 2629,1544 2674,1510 2731,1546 2799,1521 2979,1549 3053,1532 3053,1469 2906,1504 2793,1468 2652,1500 2259,1462 2099,1485"/>
                <Baseline points="2105,1512 2152,1512 2199,1514 2246,1514 2293,1515 2340,1515 2387,1517 2434,1517 2481,1517 2528,1517 2576,1517 2623,1517 2670,1517 2717,1517 2764,1517 2811,1517 2858,1517 2905,1518 2952,1518 2999,1518 3047,1518"/>
                <TextEquiv>
                    <Unicode>ren auf Aschi zu gangen daselbsten es Ihne</Unicode>
                </TextEquiv>
            </TextLine>
            <TextLine id="r4l9" custom="readingOrder {index:9;}">
                <Coords points="2092,1606 2530,1569 2592,1601 2645,1575 2759,1600 3048,1577 3021,1542 2806,1526 2741,1550 2461,1524 2316,1559 2253,1526 2092,1541"/>
                <Baseline points="2099,1574 2146,1574 2193,1574 2240,1574 2287,1574 2334,1573 2381,1572 2428,1572 2475,1572 2522,1571 2570,1571 2617,1571 2664,1571 2711,1569 2758,1569 2805,1569 2852,1569 2899,1569 2946,1571 2993,1571 3041,1572"/>
                <TextEquiv>
                    <Unicode>Geheißen das Kindt bey einem hauß ablegen</Unicode>
                </TextEquiv>
            </TextLine>
            <TextLine id="r4l10" custom="readingOrder {index:10;}">
                <Coords points="2092,1639 2146,1671 2320,1627 3062,1648 3062,1593 2645,1575 2589,1601 2532,1569 2092,1607"/>
                <Baseline points="2099,1632 2146,1631 2194,1631 2242,1629 2290,1629 2338,1629 2386,1628 2433,1628 2481,1628 2529,1628 2577,1628 2625,1629 2673,1629 2721,1629 2768,1629 2816,1629 2864,1629 2912,1629 2960,1629 3008,1629 3056,1628"/>
                <TextEquiv>
                    <Unicode>Da habe Er das Kindt etwann 20. Schrittweit</Unicode>
                </TextEquiv>
            </TextLine>
            <TextLine id="r4l11" custom="readingOrder {index:11;} place {offset:10; length:11;}">
                <Coords points="2088,1718 2333,1685 3045,1703 3044,1658 2953,1635 2537,1663 2372,1630 2151,1672 2087,1637"/>
                <Baseline points="2094,1692 2141,1690 2188,1687 2235,1685 2282,1684 2330,1683 2377,1682 2424,1682 2471,1682 2518,1680 2566,1680 2613,1680 2660,1680 2707,1680 2754,1680 2802,1680 2849,1680 2896,1679 2943,1679 2990,1677 3038,1676"/>
                <TextEquiv>
                    <Unicode>von einem Bauwrenhauß in eine flachßeren</Unicode>
                </TextEquiv>
            </TextLine>
            <TextLine id="r4l12" custom="readingOrder {index:12;}">
                <Coords points="2087,1772 2317,1744 2374,1779 2626,1739 3051,1774 3030,1699 2086,1703"/>
                <Baseline points="2093,1748 2140,1746 2188,1744 2235,1742 2283,1741 2330,1740 2378,1739 2425,1739 2473,1739 2520,1737 2568,1737 2616,1737 2663,1737 2711,1736 2758,1736 2806,1735 2853,1734 2901,1733 2948,1732 2996,1731 3044,1730"/>
                <TextEquiv>
                    <Unicode>gelegdt. dieses seye nun die Wahre hergangen</Unicode>
                </TextEquiv>
            </TextLine>
            <TextLine id="r4l13" custom="readingOrder {index:13;}">
                <Coords points="2090,1826 2136,1816 2149,1824 2162,1812 2217,1815 2275,1845 2300,1833 2331,1841 2359,1830 2354,1742 2292,1756 2276,1745 2247,1769 2183,1762 2158,1779 2130,1758 2119,1769 2087,1771"/>
                <Baseline points="2096,1814 2121,1811 2147,1809 2172,1806 2198,1805 2223,1803 2249,1802 2274,1802 2300,1800 2325,1800 2351,1799"/>
                <TextEquiv>
                    <Unicode>heit der hach</Unicode>
                </TextEquiv>
            </TextLine>
            <TextLine id="r4l14" custom="readingOrder {index:14;}">
                <Coords points="2089,1897 2182,1882 2239,1911 2297,1880 2363,1915 2614,1879 2671,1911 2869,1860 2899,1884 3060,1866 3037,1799 2279,1845 2127,1820 2088,1851"/>
                <Baseline points="2096,1880 2143,1879 2191,1878 2239,1877 2287,1877 2335,1876 2383,1875 2430,1874 2478,1874 2526,1873 2574,1872 2622,1871 2670,1870 2718,1869 2765,1868 2813,1866 2861,1864 2909,1862 2957,1860 3005,1857 3053,1854"/>
                <TextEquiv>
                    <Unicode>Beklagdte sich im übrigen hefftig daß dieses</Unicode>
                </TextEquiv>
            </TextLine>
            <TextLine id="r4l15" custom="readingOrder {index:15;}">
                <Coords points="2088,1966 2124,1937 2278,1976 2377,1926 2732,1954 2861,1912 2976,1942 3033,1930 3032,1889 2827,1871 2771,1900 2443,1890 2363,1915 2311,1886 2260,1912 2086,1893"/>
                <Baseline points="2094,1935 2140,1935 2187,1934 2233,1934 2280,1932 2327,1932 2373,1931 2420,1929 2466,1928 2513,1928 2560,1926 2606,1925 2653,1923 2699,1922 2746,1920 2793,1919 2839,1917 2886,1916 2932,1914 2979,1912 3026,1910"/>
                <TextEquiv>
                    <Unicode>Mensch Ihne als einen Jungen 17. Jahrigen</Unicode>
                </TextEquiv>
            </TextLine>
            <TextLine id="r4l16" custom="readingOrder {index:16;}">
                <Coords points="2080,2029 2141,1998 2205,2030 2388,1985 2520,2029 2690,1978 3025,2000 3023,1952 2860,1914 2709,1961 2601,1924 2221,1976 2077,1943"/>
                <Baseline points="2085,1998 2131,1995 2178,1994 2224,1992 2271,1991 2318,1989 2364,1987 2411,1986 2457,1985 2504,1983 2551,1982 2597,1980 2644,1979 2690,1977 2737,1977 2784,1976 2830,1976 2877,1976 2923,1976 2970,1976 3017,1976"/>
                <TextEquiv>
                    <Unicode>Kerl so übel verführt habe. Actum 23.</Unicode>
                </TextEquiv>
            </TextLine>
            <TextLine id="r4l17" custom="readingOrder {index:17;}">
                <Coords points="2079,2063 2119,2087 2157,2082 2183,2093 2212,2078 2239,2091 2287,2074 2325,2092 2323,2000 2295,1997 2252,2023 2200,2028 2159,2000 2145,2008 2127,2002 2094,2030 2078,2029"/>
                <Baseline points="2085,2058 2110,2056 2136,2054 2162,2053 2188,2052 2214,2052 2240,2052 2266,2052 2292,2052 2318,2051"/>
                <TextEquiv>
                    <Unicode>Aug: 1713</Unicode>
                </TextEquiv>
            </TextLine>
            <TextEquiv>
                <Unicode>303
sey.
Vider angetroffen, da dannen Er mit Ihme
gen bolcken komen, Alda es in Einem Bauoren
hauß Kindtbetterin worden; Es habe vorge¬
ben der Ull. Hieri von Laugnanw seye des
KindtsVatter. 6. Jag nun nachdeme es
Kindt betteri worden, seyen sie mit Einande
ren auf Aschi zu gangen daselbsten es Ihne
Geheißen das Kindt bey einem hauß ablegen
Da habe Er das Kindt etwann 20. Schrittweit
von einem Bauwrenhauß in eine flachßeren
gelegdt. dieses seye nun die Wahre hergangen
heit der hach
Beklagdte sich im übrigen hefftig daß dieses
Mensch Ihne als einen Jungen 17. Jahrigen
Kerl so übel verführt habe. Actum 23.
Aug: 1713</Unicode>
            </TextEquiv>
        </TextRegion>
    </Page>
</PcGts>
