4032 3024
1361 1218 1683 1288 etwas Zeytg
1057 1035 1569 1147 Anneli Chauet
1016 1112 1864 1230 Außem Wistelach Murten gebiete
1612 1217 1618 1218 etwas Zeytg
924 1222 1910 1346 Nachdeme vor Etwelchen Jahren Meiner
930 1307 1894 1395 WohlgeEhrten Frauw Rahts herrm Engel
939 1377 1899 1445 eine namhaffte Summa geldts auß einen
926 1415 1881 1509 Wohl ver wahrten Buffet auß der Lauben
923 1471 1904 1564 mit ledigmachung des Schloßes, entwendt
927 1523 1876 1630 worden und aber damahls wegen ohnbe¬
926 1592 1877 1678 kandten Thäters, solches Gott und der
923 1653 1878 1752 Zeit heimb gestellt werden müßen, hatt
917 1714 1881 1824 ich vor ohngefehrt vier wochen zugetragen
914 1771 1884 1863 daß die Schneyderin so alhier bey der Welt
923 1822 1884 1912 schen Kirchen Wohnhaft Namens Anneli
914 1891 1890 1990 hauet gebührtig außem Wistelach, eines
889 1942 1881 2038 proseliten von Sollothurn hinderlaßene
909 1998 1851 2109 Wittib, under dem Vorwand bey Mihl.
896 2061 1846 2155 Rehtsherren Eugel, als prosidenten
901 2113 1889 2219 der proselysten amer, Ihre Anligenheit
899 2182 1849 2285 anzu bringen, sich in das Hauß begeben
898 2229 1829 2352 und Weilen eben Mihhl. Rahtsherr ot
898 2292 1874 2418 cupiert, und Äußert einem kleinen Mägdt¬
1709 2400 1814 2472 lig
2006 1076 2085 1139 283.
2124 1124 3098 1214 in sonst niemandt sich im Hauß befunden, bey
2114 1205 3084 1290 Gedeutem Mägdtlin erhalten, daß es sie in
2117 1254 3110 1324 das obere Gemach alwo sie vor diesem gear¬
2120 1301 3087 1368 heitet, und das Bustet von der Lauben trans
2108 1355 3062 1452 feciert worden, hin aufgelaßen dadan
2108 1405 3086 1506 außwelchem dann abermahlen eine Suma
2114 1458 3116 1550 Geldts entwendt worden. Weilen nun diese
2113 1515 3108 1625 Schneyderin Wie das Magitlin zu Ihra ins
2116 1570 3076 1662 gemachkommen Berndt, und vorgeben, Ob seyn
2126 1626 3093 1724 aller erst eine främbde dieben, mit Einem
2108 1682 3040 1774 rohten Manteau alda gewesen, so etwas
2117 1743 3115 1821 nemen und darmit selbiges hinunder geschickt
2110 1800 2961 1899 zu sechen, ob sie noch verhanden sey ec
2111 1838 3098 1952 Alß ist auß diesem und anderen Umbfanden
2097 1909 3086 2010 sonderlich aber ihres verhoffnen liederlichen
2090 1972 3058 2076 Labwesens halben, nit geringer Verdacht
2107 2014 3108 2099 auf sie gefallen, daß Sie selbsten die Thäterin
2105 2076 3021 2161 und diebig des entwendten geldts seyn
2114 2137 3099 2233 muße, dannenhar M. wohlgeEhrte Frauw
2092 2201 3074 2307 Rahtsherr Engel veranlaßet worden der
2099 2257 3084 2362 dach mehrers nachzuforschen, Zu dem Endt
2928 2316 3055 2398 auß
