4032 3024
853 944 913 1052 116
950 993 1897 1141 Meyer habe helffen hinder Neuntenburg
973 1077 1931 1178 nach Locle führen, den Baunbren zu All¬
965 1141 1813 1239 nendingen seyen entwendt worden.
949 1210 1904 1321 Antw: trein, Er habe solches gar nit ge¬
965 1274 1099 1345 Wußt
949 1329 1946 1449 Repliciert, Wie es doch möglich, daß einem
961 1400 1870 1493 nit solte zu Sum komen, wann mann
950 1452 1947 1547 des nachts spaht und wie Er selbsten bekennt
950 1503 1853 1603 durch unbekannte Vnwag über Wohr
948 1566 1864 1658 lauffen und Reichenbach, Einem anderen
949 1618 1908 1718 solle Roßt hinwegführen, daß selbige ent¬
960 1669 1528 1759 vendt und gestohlen seyen
1539 1681 1584 1772 5
947 1725 1933 1842 Antwort Sie habend Ihm vorgeben Weilen
947 1805 1909 1897 Wegen der Großen Zitz am Tag die Brämen
948 1858 1942 1929 do böß seyend, wollend Sie in der Nachtfahren
959 1902 1926 1996 und am Tag futeren, habend auch Morndrist
961 1944 1613 2050 Bey der Zihl Brugg gefuhleret
930 2003 1900 2117 gefragt WWie viel geldt Sie in Möhfl. Nenner
938 2076 1885 2173 Frischings Hauß zu Langnams gefunden
935 2121 1104 2193 haben?
1692 2181 1795 2248 fler
923 2154 1662 2292 Antw. ohngefehrt bey Einem 5.
1670 2219 1882 2305 16: Müntz
1703 2280 1848 2355 und
946 1016 950 1092 Meyer habe helffen hinder Neuntenburg
941 1226 950 1283 Antw: trein, Er habe solches gar nit ge¬
938 1357 949 1423 Repliciert, Wie es doch möglich, daß einem
945 1566 948 1626 lauffen und Reichenbach, Einem anderen
932 1744 947 1801 Antwort Sie habend Ihm vorgeben Weilen
944 1805 947 1854 Wegen der Großen Zitz am Tag die Brämen
961 1986 1000 2016 Bey der Zihl Brugg gefuhleret
847 1975 999 2069 gefragt WWie viel geldt Sie in Möhfl. Nenner
916 2199 925 2251 Antw. ohngefehrt bey Einem 5.
2086 1565 2167 1662 E.
2118 1666 2197 1773 H.
2100 1819 2155 1890 E.
2115 1942 2191 2026 R
2000 2314 2151 2404 A übes
2177 1042 3202 1131 und Ein Seckeli so der Waldulli genommen
2161 1103 3037 1190 Vüße aber nit waß darinn gewesen
2155 1168 3150 1281 An der Marter Befragdt. Ob Er nit noch
2171 1245 3147 1335 andern diebstähl mehr begangen und vor¬
2170 1300 3141 1395 ohngefahr einem Jahr Mushl. Penner Von
2158 1360 2958 1452 Buren im Altenberg ein gebrochen
2155 1415 3162 1520 Antw. kein Er habe solches gar nit gethan
2179 1485 3091 1582 Wüße auch nit ier solches gethan habe.
2194 1571 3110 1675 Ob Er nit zu Ruffenacht eingebrochen
2222 1672 2390 1755 Nein
2173 1766 3183 1868 Ob Er mit dem Hen Graviset zu Allmendig
2174 1852 3174 1933 item dem Marti Bigler zu Kräyigen einge¬
2171 1890 3141 1975 brochen, und Geldt und andere sachen entwendt
2196 1951 3093 2046 kein Er habe solches auch nit gethan,
2158 2029 3137 2108 Beharrete also beständig daß Er anders
2167 2088 3159 2176 nichts get begangen, als vorbekannte drey
2168 2145 3177 2238 iebstahl, die Er zu Siqnans und Langnaun
2156 2202 3132 2294 verubt: Bätte aber nochmahlen Gott vnd
2158 2250 3126 2346 eine hoche Oberkeit die Er dardurch Ichwehr
2943 2324 3030 2414 lich
2164 2336 2778 2435 alle an Ihne getrückte fragen.
2052 1003 2142 1099 117
