4032 3024
996 1049 1912 1190 Ob es schon in seiner Jugend angefangen
975 1138 1771 1229 zu dienen oder erst in seinem Alter
970 1175 1909 1292 Es seye schon alt gsin, als es das Erste mahl
974 1251 1290 1324 in dienstkomen
972 1316 1903 1434 Wie und auf Waß weib es hinder Sollo¬
960 1388 1251 1475 thurn kommen
966 1451 1916 1560 Es habe seit funst Jahren daher kein Glück
959 1523 1898 1614 mehr gehabt; weilen es zu seinem VnEhe¬
961 1577 1869 1673 ichen kindt nit den rechten Vatter angeben
926 1645 1886 1767 hierauf zeigte es mit bezeugung großer
952 1726 1862 1813 reun an; Es habe vor diesem alhier in
935 1779 1854 1877 Hern bey Min Edlen Ihrn Schultheißson
951 1832 1874 1922 dieß bach von Buren gedienet. Da dann
937 1883 1910 1976 die Erl. Schultheißin gar offt mit ernstlichem
936 1949 1884 2030 zusprechen Ihns, von seinem Liechthinnigen
926 1990 1865 2083 Lebwesen ab, und zur beßerung vermahnt
938 2050 1893 2135 deren Gottsehligen Anweisungen aber es mit
940 2104 1887 2198 olg leisten wollen, sonderen von der Großen
924 2146 1852 2241 Magdt bym Falcken sich verleithen laßen,
930 2209 1866 2304 daß es zum alcken gedinget, daselbsten es
913 2264 1864 2366 von einem Weltschen Geschwengeret worden,
1664 2351 1788 2445 Aber
821 978 928 1060 242
821 1056 884 1079 242
912 1056 970 1153 L
918 1175 945 1252 G
880 1305 962 1409 2.
2030 1041 2128 1147 243
2152 1071 3128 1166 Aber leider das Kindt nit dem rechten Vatter
2150 1147 3125 1233 sonderen einem Kerli von Sendorff zugeeignet
2159 1198 3102 1300 der doch Gantz unschuldig gewesen, und mit
2151 1245 3103 1354 Ihme nichts ungebührlichs zuschaffen gehabt,
2164 1354 3129 1469 Waß es dann dißmahlen in dem Sollothurin
2155 1425 2702 1524 schen Gebieth gemacht habe
2170 1499 3114 1614 Es habe sich wegen seiner begangenen That und
2158 1558 3120 1642 auch daß es sein Kindt nit dem rechten Vatter
2160 1605 3072 1701 East geschämbt, daß es nicht wider nach
2145 1677 2457 1774 Hern dorffen.
2161 1738 3103 1848 Wann es seinem Vorgeben nach Wegen seinen
2147 1804 3080 1905 begangnen fähleren, so große reit gehabt,
2143 1856 3075 1953 Warumb es dann noch andere Mißethaten
2158 1899 3106 1993 mehr vernebt, und zwar wie seine gethane
2149 1947 3065 2047 Bekandtnuß zu Atingen, außweisen thue
2157 2004 3117 2103 lernach mit diebstählen sich noch Vergriffen habe,
2160 2087 3080 2175 Es habe da leider die Drunden zu Atingen
2153 2144 2756 2241 bekannte diebstahl begangen
2139 2210 3101 2336 Solchem nach wurde angezogne Vergicht, so
2141 2297 3077 2401 es vor dem AnderRichter zu Atingen gethan
2870 2363 3055 2455 Ihmes
2082 1311 2136 1470 E
2065 1526 2144 1621 2.
2037 1752 2119 1855 E
2059 2104 2136 2211 R.
