4032 3024
924 1070 1871 1204 insh. h. Schweinstahl underein Strohes
913 1154 1899 1256 Versteckt gehabt, folgends als Er Hooffmann
911 1228 1890 1315 Ihme daßelbe abgekaufft, habe Erb auch 14.
917 1275 1888 1375 tag lang öffentlich in seiner Schmitten sehen
932 1333 1084 1403 aßen.
916 1396 1815 1511 WWie doch das seyn könne der Knecht
927 1470 1812 1566 seye Ja damahlen nit bey Ihme gsin
944 1548 1869 1659 Er wolle gungsamb bescheinigen daß
936 1616 1872 1720 der Knecht bey Ihme zu nachtgeßen her¬
923 1682 1851 1753 nach seyo derselbe mit einem Weltschen
927 1727 1863 1817 Sein herren und seinem des Hoohtmanns
923 1781 1863 1880 Hruder gan arberg und ohngefehrt umb
914 1860 1868 1921 Mitternacht alle drey widrumb zurick
902 1900 1896 1995 kommen, und auf seiner Schmitten Brugg mit
899 1954 1887 2050 Ein anderen Gerndt darauff der Weinherr
902 2012 1890 2110 sich ins Wuhrtshauß begeben, der Knecht
911 2074 1905 2170 aber seye damahls hingangen und das Kohrn
921 2130 1870 2230 entwendt, und erst am Morgen gegen Tag
913 2185 1848 2273 in seines Vatters stuben komen und auff den
905 2242 1234 2340 offen gelegen.
793 1057 891 1140 272
805 1384 911 1509 E.
846 1551 917 1635 .
716 1609 903 1680 4 dieselbe
744 1658 853 1736 nacht
2123 1132 3092 1247 Warumb Er doch so viel außflucht suche
2137 1199 3085 1308 sich von diesem diebstahl außzu schönen, so
2113 1271 3085 1360 doch denselben vor dem Ihr Landtrogt von
2111 1324 3093 1407 Hydauw und anderen mehr hievor gestanden
2125 1376 3006 1468 und diesen seinen fahler bekennt habe?
2130 1456 3096 1555 Er habe vor dem Ihr Landtrogt zu Nydau
2124 1516 3042 1603 gar nit bekennt, daß Er das Kohrn ent¬
2126 1570 3090 1656 wendt; sonderen wie derselbe Ihme vor¬
2120 1623 3084 1713 gehalten Ihme daß Er wider Mgh. Ver¬
2117 1676 3106 1752 bott gehandlet, weilen Er kohrn gen Biel ge¬
2111 1741 3128 1816 führt und daselbsten verkauft; habe Er darauff
2117 1784 3069 1882 gesagdt Ja Er habe darinnen gefehlt, daß Er
2122 1838 3048 1940 das Kohrn dorten verkauft: solches könne
2115 1888 3098 1975 mann klar darauß Rechen, Weilen der Ihr
2095 1946 3069 2044 Landtrogt Ihme hierauf ein Rogatorium in
2113 2007 3068 2104 die hans geben; darmit Er den Knecht, als den
2092 2062 2667 2159 thater auftreiben könne
2092 2149 3090 2257 Nachdeme nun hierauff diesem Hooffmann
2119 2218 3058 2300 alles krefftigen Ernsts zugesprochen worden die
2743 2254 3003 2306 tirch vorhaltung
2768 2265 3030 2353 it allerhald
2103 2275 2751 2360 Wahrheit zu bekennen, und in
2104 2323 3080 2424 Vmbstend getrachtet, denselben zu Convincieren,
2914 2376 3026 2478 I
1998 1069 2084 1135 275
1997 1128 2057 1148 275
1987 1154 2112 1262 E.
2042 1454 2107 1564 H.
