4032 3024
964 972 1933 1077 habe Er den Stempfel samt den Stick¬
974 1032 1945 1124 enen Kupfer dem Müller bedimen
956 1084 1946 1186 zumk geben, Etwas Zeits darnach
959 1153 1896 1239 habe der All Müller ihme einen
956 1201 1919 1297 Luzorner bazen Stempfel gan
970 1257 1895 1354 Chim bracht, und gesagt Er solle
964 1326 1881 1420 große halb bazen nemen und
946 1360 1926 1481 zu ganzen bazenschlagen H. ouschen
959 1423 1898 1545 habe Er Büechler gelt gemanglet
958 1486 1913 1593 und den Müller angestrochen ihme
961 1558 1907 1658 zuliechen, da habe ihme der Müller
964 1612 1923 1726 etwas gelts gelichen, darfür die¬
967 1676 1923 1789 auch für den steipfel Er ihme eine
960 1750 1904 1855 obligation von 90. V. machen müßen
963 1812 1878 1915 da Er umn den Hahen stempfel auch¬
968 1875 1898 1984 probirt und mit dem diel darauff
970 1949 1944 2069 geschlagen, habe es nichts geben wollen,
954 2006 1929 2115 dann Er am Ersten Stuck das ör am
971 2059 1889 2187 Siel abgeschlagen, darauff Er den
974 2144 1885 2257 Müller angesprohen Ihne lehre
958 2202 1898 2327 Eoz scheiden, so dörffe Er des Schla¬
970 2278 1806 2383 gens mit. Nachdem nun der
964 2344 1862 2443 müller seine 90 Ringe obligation
1773 2392 1863 2495 bey
837 983 927 1091 132
2043 1023 2126 1102 133
2152 1005 3102 1104 bey Zehen Jahren hinden Ihme ge¬
2165 1056 3113 1157 habt, habe Er selbige verkaufft, da¬
2155 1112 3137 1217 rauff die Leut so selbige erhandlet
2161 1178 3149 1279 ihne angefangen zutreiben; desse¬
2155 1226 3090 1349 wegen Er den Müller, alß Er ihn
2160 1277 3116 1392 am Marit zu Them angetroffen
2185 1347 3163 1445 mächtig gescholten, mnd ihme gedract
2165 1430 3119 1526 habe auch Einen Mann an Ihne ge¬
2169 1463 3136 1579 schikt und ihme sagen laßen, daß
2155 1527 3131 1640 Er seine Obligation wider heraus
2150 1589 3089 1703 lösen und ihme einhändigen solle
2180 1655 3153 1772 Norauff hin der All Müllerselber
2151 1725 3119 1849 zu Ihme konen ihne gebetten zu
2165 1790 3099 1917 schweigen, auch gelt geben und ge¬
2169 1855 3080 1990 sagt, Er solle die Sach nur laßen
2171 1915 3094 2055 außmachen, Er wolle den Kosten
2157 1991 3092 2117 schon bezahlen habe ihme auch eine
2164 2051 3107 2183 quittanz in die hand geben, mit
2160 2106 3111 2242 versprechen, inort Monatsfrist
2176 2182 3151 2303 die Obligation wider herauß zulösen
2169 2259 3111 2363 und ihme einzuhändigen, Alß abe
2167 2301 3121 2426 der Müller seinem Versprechen nach
2984 2365 3102 2439 die
