4032 3024
955 882 992 924 22
1043 954 1995 1083 Ob Er nit einiche Silberne Gablen vndt
1037 1033 2013 1147 Meßer wie auch eine runde silberne Trucken
1033 1090 1668 1195 damahlen bey Ihme gehabt?
1016 1637 1018 1694 E
1040 1170 1990 1310 Nein, Er habe keine dergleichen sachen Hey
1043 1250 1325 1351 Ihme gehabt
1024 1352 2005 1449 2. Ob Er dann gantz und gar keine silberne
1024 1420 2006 1548 sachen, so mit H. Stürlers Waagen gezeich¬
1022 1475 2027 1605 net gewesen zu der Margiitke Biplay ge¬
1019 1529 1172 1618 Bracht?
1037 1608 1394 1711 Nein gar keine
1037 1725 2010 1857 Als Nun hierüber Ihme herin ernstlich
1027 1783 1993 1906 zugesprochen, auch der Biotay Eydtliche Auß
1018 1851 1961 1961 saag Ihme vorgelesen worden. Sagdte Er
1021 1899 1968 2029 daß der Biolay als einer schlimmen Klapper
1005 1946 1959 2091 Frauwen und P. h.) beschregten zurech nicht
1004 2007 1339 2096 zuglauben seyt
1000 2078 1972 2223 Hierauf wardt Er Verners befragdt, Ob Er
1019 2166 1952 2268 it Gegen der Biplay mit heftigen Treunh
1723 2255 1917 2360 Wohrten
954 1166 1023 1286 2
1027 1095 1035 1163 damahlen bey Ihme gehabt?
959 1604 1018 1700 E
915 1717 999 1832 E.
926 1351 1027 1439 2. Ob Er dann gantz und gar keine silberne
1003 1552 1020 1596 Bracht?
999 1959 1007 2023 Frauwen und P. h.) beschregten zurech nicht
1000 2162 1000 2181 Hierauf wardt Er Verners befragdt, Ob Er
2165 933 2224 1010 23.
2254 2042 2264 2052 R
2260 1004 3270 1105 Wohrten und zwar auf Leib undleben
2304 1053 2807 1165 ich vernemmen laßen.
2287 1124 3288 1254 kein Er habe Ihra niemahlen getröuct
2269 1227 3294 1356 Nun über so hartneckiges und freches Ver¬
2261 1313 3309 1419 laugnen alles deßen, so von Muchhl. Gra¬
2270 1375 3314 1481 minatoren Ihme vorgehalten worden war¬
2277 1436 3274 1529 die alhar gesandte ilb erne Trucken und
2267 1505 3292 1588 Gablen Ihme vor Augen gelegdt undt
2269 1557 3274 1670 Demnach Widerholtem Ernstwöhrtigem
2268 1621 2515 1723 zusprechen
2898 1633 3186 1738 Gefragdt
2252 1699 3313 1799 Ob Er mit diese Trucken undt gablen ent
2263 1774 3250 1888 wendet und zu 3. Mauritzen in wallis
2251 1834 2662 1941 Verkauft habe?
2303 1921 3265 2026 Nein, Er habe diesere Trucken undt
2267 1997 3241 2100 Zablen Niemahlen gehabt, auch selbige
2251 2062 3289 2152 Jeder entwendt noch verkaufft. Es könne
2249 2124 3274 2216 aber wohl seyn, daß der Casfarin Simmen
2246 2174 3289 2296 Thal suche, etwas dergleichen auf Ihne her¬
2243 2244 3227 2366 vor zu bringen, dann Er seye Capabel gung
2989 2324 3136 2422 Zuns
2185 1930 2263 2060 R
2240 1732 2253 1794 Ob Er mit diese Trucken undt gablen ent
2234 1839 2251 1913 Verkauft habe?
2267 1997 2281 2038 Zablen Niemahlen gehabt, auch selbige
2249 2098 2252 2133 Jeder entwendt noch verkaufft. Es könne
2245 2138 2251 2183 aber wohl seyn, daß der Casfarin Simmen
2231 2188 2248 2250 Thal suche, etwas dergleichen auf Ihne her¬
2237 2251 2245 2309 vor zu bringen, dann Er seye Capabel gung
2170 1160 2254 1278 H.
