4032 3024
902 915 968 986 50
1013 946 1981 1056 Als Er vor etwas Zeits Wegen eines mit
1011 1018 1942 1112 dem Curial de Louss gehabten processes zu
1011 1066 1963 1164 hen Kastelain Michand zu Benkomen, sich bey
1000 1111 1924 1227 Ihme Rahts zu erholen habe derselbe Ihne
1013 1185 1949 1273 Herit von seinen Krings diensten gefragdt, nach
1016 1237 1973 1335 deme Er Ihme darüberhen, solche angezeigdt, sagdte
1009 1287 1940 1386 under anderen der Kastelain zu Ihme, Er¬
1004 1331 1960 1453 habe Vernommen, der Obrist Sturler thuge Ihne
1007 1386 1942 1510 verfolgen, allein das seyen sachen so in Krieg
1003 1445 1951 1556 vorgangen, und haben alhier nichts zu bedenten
995 1506 1913 1617 achwehrts als Er sherin zu einer anderen
997 1572 1952 1675 Zeit mit dem Kastelain vorseiner Scheinern
990 1622 1957 1727 zu Ber geredt, habe derselbe zu Ihme Cherin
991 1671 1924 1782 gesagdt. Er solle nir diese sach steist laugnen
995 1718 1933 1816 und Obmann Ihmt schon werdt mit der Strecke
998 1788 1940 1888 tremden so thue mann Ihne dennoch nit strecken
988 1834 1939 1948 auff solche weis Würde Er seinen process ge¬
989 1887 1895 1991 winnen, und der Justicier Berald müße als
994 1940 1535 2035 dann seine Karge verliehren
1535 1952 1936 2047 dieses seye ge¬
983 1986 1960 2111 schechen bald nach anfang seines processes ehe¬
971 2061 1927 2159 Er gerit zu Alen in gefangenschafft kommen
977 2117 1934 2252 Wie nun darüberhin Er Gerix zu Alein
1642 2234 1871 2336 eingesetzt
2233 966 3248 1082 eingesetzt worden, seye der Dauid Pernet
2237 1034 3253 1142 offt mahls vor die Gefangenschafft daselbsten kom
2223 1095 3253 1191 Ihme zugeruffen und alles angezeigt, waß Er
2227 1147 3167 1247 reden und Wie Er sich verantworten solle
2188 1229 3270 1320 Diese Zweey Nämblich der Chastelain Michan
2230 1286 3245 1376 und damd pernet, seyen die Jeiigen die sowohl
2216 1343 3261 1430 zu alen als hier Ihne susreniert und angewie¬
2219 1392 2906 1489 sen daß Er alles langnen solle
2218 1439 3243 1547 über das haben der Chastelain und Sauid Per¬
2228 1512 3231 1591 net die Jenigen memorial und Supplicationen
2216 1566 3239 1656 zu seinen Gunsten außgesetzt deren Er Cherin
2221 1617 3235 1704 hernach bey seiner VerAntwortung sich bedie¬
2219 1690 3229 1774 net, solches seye mehr als 28. Persohnen
2219 1729 3256 1830 zu Bex in Wußen vnder Anderen aber werde
2225 1793 3177 1870 der Curial Testa des hen Juge Tecta Sohn,
2219 1840 3227 1938 Welcher die Jenige Schrift, so der Gastelain
2213 1904 3187 1997 fur Ihne Cherin auff gesetzt, abgeschriben habe,
2209 1957 2685 2042 solches Zeugen können
2222 2031 3227 2116 Auch habe der Curial solon eiihe Schrifften
2227 2077 3181 2168 abgeschriben, die der Chastelain Ihme Zuge¬
2211 2134 2379 2211 schickt
2224 2195 3245 2305 Verners Werden der Curial Testa, der Syndic
2230 2271 3156 2354 von Bex und pierre Gerix sein Vetter
2987 2318 3184 2404 sagen c.
2151 954 2200 1030 51
