4032 3024
873 1520 935 1666 R
878 1789 910 1858 d
946 1140 953 1218 Arburg befunden, als Er vor zweyen Jahren
895 1783 934 1883 E
940 1285 941 1297 mit Ihme von Arberg auff Wolpert wyl zu
866 1887 934 2061 E.
935 1400 937 1439 beschlaffen Wuße aber nit zusagen, ob Er
935 1450 937 1514 verheurahtet sey oder nit
880 2219 925 2299 2.
869 2280 917 2326 l
930 1695 935 1766 zu werden, und weßt wegen es dieses begehre.
927 1869 934 1932 thun gehabt.
930 2033 933 2100 zu Neuwenstatt am bielersee ungebührlich
931 2098 933 2156 zu Schaffen gehabt, zu was Zeit solches geschechen
932 2173 932 2193 und obselbiger verheurahtet sey:
935 1657 936 1659 R
986 1001 1931 1143 Ja es kenne den Frantz Varnier, wuße
959 1086 1941 1192 auch wohl wo Er dahennen seye, Es habe sich zu
934 1834 944 1885 E
947 1141 1933 1238 Arburg befunden, als Er vor zweyen Jahren
933 1862 968 2036 E.
946 1223 1937 1310 daselbst geworben. Selbiger seye Einsmahls
940 1257 1909 1354 mit Ihme von Arberg auff Wolpert wyl zu
940 1328 1898 1428 gangen, alda im Wührtshauß daselbsten Ihns
937 1380 1907 1480 beschlaffen Wuße aber nit zusagen, ob Er
936 1441 1567 1534 verheurahtet sey oder nit
955 1545 1910 1684 WWarumb es zu Wangen begehrt mit dem
948 1629 1936 1741 fuhrt im Zeimberg bey Thum confrontiert
935 1694 1946 1799 zu werden, und weßt wegen es dieses begehre.
1337 1776 1484 1840 vor diesem
949 1784 1943 1917 Es seye Einer so daselbsten mit Ihme auch zu¬
934 1856 1204 1950 thun gehabt.
965 1940 1955 2070 Ob Es nit auch mit klein Weibel Schneyder
933 2014 1913 2117 zu Neuwenstatt am bielersee ungebührlich
932 2076 1934 2195 zu Schaffen gehabt, zu was Zeit solches geschechen
932 2136 1585 2235 und obselbiger verheurahtet sey:
953 2221 1908 2327 Ja. Es habe bald nach seiner bannisation
1742 2313 1855 2406 Von
2204 1028 3217 1148 von dern mit gedeuten, klein Weibel zu
2203 1107 3218 1203 Neuntenstatt im Wihrtshauß zun fischeren
2208 1166 3220 1247 alda sundtliche Gemeindtschafft gehabt, selbi¬
2201 1227 3015 1325 zer seyn damahls verehrlichet gsin
2213 1322 3228 1430 Ob es nit auch zurselben Zeit mit Lieute
2198 1401 3179 1511 nant zschiffeli von Neuwenstatt zuthun
2197 1463 3133 1559 gehabt, und ob derselbe verehelichet gsin:
2190 1786 2197 1901 D
2225 1554 3191 1667 Ja es habe sich leider damahlen mit dem
2194 1629 3162 1732 Lirutenant Etschiffeli sundtlich vergeßen
2193 1694 3024 1795 Er seye aber noch unverheurahtet gsin
2200 1777 3177 1878 Ob Es nit auch mit daniel Seelmatter von
2190 1858 3187 1958 Laugenthal unzucht getriben, zu Welcher
2189 1919 2962 2015 Zeit und wo solches geschechen seyn.
2187 2006 3210 2132 R. Am Letsten herzogen buchser Marit habe es
2186 2089 3170 2169 mit diesem damel Deelmatter außert
2185 2145 3199 2237 dem dorf hertzogen Buchster die that begangen
2184 2199 2829 2304 selbiger seye auch noch ledig
2187 2284 3165 2386 Ob Es nit mit Antzoni Schaublin soEine
2087 976 2157 1067 89.
2191 1055 2205 1132 von dern mit gedeuten, klein Weibel zu
2183 1141 2204 1180 Neuntenstatt im Wihrtshauß zun fischeren
2113 1322 2195 1448 B.
2197 1262 2202 1304 zer seyn damahls verehrlichet gsin
2113 1558 2189 1678 A
2191 1429 2199 1480 nant zschiffeli von Neuwenstatt zuthun
2188 1491 2198 1552 gehabt, und ob derselbe verehelichet gsin:
2104 1782 2192 1918 D
2184 1654 2195 1723 Lirutenant Etschiffeli sundtlich vergeßen
2173 1727 2194 1781 Er seye aber noch unverheurahtet gsin
2152 1883 2191 1940 Laugenthal unzucht getriben, zu Welcher
2179 1943 2190 2005 Zeit und wo solches geschechen seyn.
2085 2006 2188 2122 R. Am Letsten herzogen buchser Marit habe es
2186 2109 2187 2155 mit diesem damel Deelmatter außert
2184 2151 2186 2204 dem dorf hertzogen Buchster die that begangen
2174 2225 2185 2284 selbiger seye auch noch ledig
