4032 3024
876 1054 916 1073 E Ob nit auch andere mehr zu Rötenbach der
811 940 887 1050 175
914 1329 914 1377 sagen
941 966 1947 1076 Verbstatt auf dem Amboß falsche nünen
926 994 1162 1083 geschlagen
915 1059 1926 1175 E Ob nit auch andere mehr zu Rötenbach der
920 1132 1924 1227 gleichen falsche mn gemacht haben
921 1182 1937 1291 Er habe von den Rötenbacheren mit gesehen,
928 1247 1921 1351 ber wohl schon gar lang von ihnen gehört
914 1319 1037 1410 sagen
913 1371 1945 1472 2. Ob Er Inngold nit auch thaler gemacht habe:
912 1445 1854 1535 R Nein Er habe nie kein Thaler gemacht.
922 1515 1879 1592 Ob er nit einen genant fortbub Kenne¬
920 1589 1932 1694 kein er kenne ihn nit, habe aber wohl von
911 1659 1357 1750 hie gehört sagen
922 1702 1814 1831 ob er keinen Herren Von Basel kenne,
922 1793 1792 1890 der underwylen da vorbey passirt.
922 1851 1918 1953 kein Er habe keinen gesehen, aber wohl
909 1913 1471 2002 von Einem gehört sagen
928 1990 1861 2091 Ob ihme nit bekant seye, mit win der
913 2050 1583 2161 All. Sigethaler umbgangen.
922 2121 1883 2237 Er wüße mit anders äußert daß Er ge¬
916 2182 1890 2301 hort daß der Alle Sigethaler dem Christen
907 2275 1900 2345 LangenEgger ein Keßi geben, gelt daraus
914 2312 1912 2397 zumachen, man habe auch gesagt, der Sigethaler
906 2369 1921 2465 habe einen im hauß gehabt, der ihme nunz gemacht.
874 1073 915 1148 E Ob nit auch andere mehr zu Rötenbach der
842 1202 897 1281 R
851 1536 894 1614 2
844 1611 887 1683 2
857 1733 901 1800 .
859 1391 913 1455 2. Ob Er Inngold nit auch thaler gemacht habe:
846 1463 913 1536 R Nein Er habe nie kein Thaler gemacht.
839 1965 908 2059 Ex
911 1694 911 1734 hie gehört sagen
817 2133 876 2222 K
909 1936 910 1998 von Einem gehört sagen
898 2275 907 2313 LangenEgger ein Keßi geben, gelt daraus
895 2369 907 2424 habe einen im hauß gehabt, der ihme nunz gemacht.
1983 994 2089 1107 1752
2028 1108 2035 1110 R Er wüße von keinem der da weiß Kurfer
2096 979 3072 1078 Ob nit auch einer zu Röttenbachseye, der
2094 1035 2821 1151 weiß Küpfer gemacht habe
2098 1623 2103 1663 2
2091 1065 3155 1204 R Er wüße von keinem der da weiß Kurfer
2104 1178 2325 1267 gemacht.
2093 1201 3061 1325 2. Ob Er den Ulle Müller von Röttenbachkein¬
2094 1265 3127 1412 R. Ja er kenne ihn und habe ihmertliche mahl¬
2095 1354 2678 1462 fusil schlößer gemacht
2118 1387 3113 1532 Ob Er byy dem Ull. Müller mit gesehen
2109 1475 2569 1577 oder gelehrt habe.
2109 1527 3133 1668 Nein Er habe von demselben mit gelehrt
2107 1607 3138 1700 und vuße mit von ihme zusagen, äußert
2106 1642 3147 1773 daß, alß Er Iungold einmahl gedeuten
2115 1718 3130 1824 all Müller 2. Jusie schloßer zu kauffen
2101 1780 3098 1896 gebracht, habe ihme derselbe nur 30. Bazen
2106 1855 3131 1941 darfür geben wollen, und darbey gesagt,
2112 1916 3111 2026 Er müße Gezund noch sorg haben, wann
2116 1973 3154 2075 er dann dermahleneinst sjede Bochen Ein
2105 2034 3043 2149 d. 5. Pfundler mit geworben verdien
2106 2083 3132 2202 könne, solle Er das handverkaufgeben,
2107 2173 3073 2298 Im Übrigen beharrete diser Inngold
2115 2220 3143 2337 daß Er mit dem Schuthoni nichts zuschaffen
2109 2279 3138 2424 gehabt, und daß seine Eestere bekantnuß
2952 2348 3076 2423 Vor
2028 1110 2092 1201 R Er wüße von keinem der da weiß Kurfer
2052 1575 2099 1666 2
2048 1258 2094 1332 2. Ob Er den Ulle Müller von Röttenbachkein¬
2048 1329 2095 1422 R. Ja er kenne ihn und habe ihmertliche mahl¬
2077 1407 2095 1450 fusil schlößer gemacht
2097 1838 2102 1898 gebracht, habe ihme derselbe nur 30. Bazen
2099 2075 2105 2122 d. 5. Pfundler mit geworben verdien
2094 2140 2106 2189 könne, solle Er das handverkaufgeben,
2096 2349 2110 2425 gehabt, und daß seine Eestere bekantnuß
