4032 3024
840 1201 905 1313 2
893 1103 912 1159 Buttler dem Scheidegger gestanden daß Sie viel
849 1335 892 1450 R
908 1472 914 1556 Zogen, der LangenEgger aber habe sich¬
909 1629 915 1721 so der Schu thön hinkommen.
845 1630 896 1715 2
861 1702 913 1792 2
834 1788 898 1885 2x
839 1916 882 1996 R
831 2226 896 2336 R
912 967 1925 1075 178 daß sie so Pragstechen, Er habe mehr gelt
923 1027 1891 1123 gesechen, alß Sie allesamen und habe der
912 1076 1961 1195 Buttler dem Scheidegger gestanden daß Sie viel
933 1146 1197 1227 Vertragen
939 1202 1910 1319 Wie langes seye, daß der Scheidegger sich¬
922 1281 1347 1378 hinweg gemacht?
940 1339 1893 1450 2 seye Erst damahlen hinweg gangen
928 1410 1906 1509 alß man ihne Ingold gefängtlich einge¬
914 1473 1920 1572 Zogen, der LangenEgger aber habe sich¬
922 1541 1838 1629 schon vor Einem Jahr hinweggemacht.
914 1610 1674 1726 so der Schu thön hinkommen.
938 1674 1803 1811 Er Büße nit wo Er sich hinbegeben
934 1772 1887 1885 ob Er nichts von Einem Herren von dapl
928 1857 1095 1919 auße.
936 1915 1915 2008 Er wuße nichtz von ihm, äußert daß¬
933 1979 1871 2081 er ihn gesechen, zweymahl in Schangnan¬
926 2040 1205 2132 durchreiten.
951 2111 1916 2222 16 Er nit muße, wo sich ein gewüser Vngel
931 2184 1138 2257 auffhalte
940 2203 1814 2320 Er habe gehört, daß er schon vor 4. Jahre
921 2283 1794 2375 solle inß Niderland gangen seyn.
1678 2328 1891 2437 Endlich
820 970 912 1062 178 daß sie so Pragstechen, Er habe mehr gelt
2014 999 2098 1099 1179
2124 983 3108 1101 Endlichen hat diser Ingeld mit großer
2126 1033 3143 1118 Bereinung seines fehlers sehr demitig
2140 1081 3148 1200 eine hochweise gnädige Oberkeit vmb¬
2124 1136 3119 1235 Verzeihung und in Betrachtung seiner
2129 1180 3135 1308 großen arnit und unerzognen drey
2120 1237 3132 1356 Kinderen, darvon noch eines das Tag¬
2113 1295 3122 1434 liecht nicht gesechen, vmb eine gnädige¬
2118 1396 2575 1493 Urtheil gebetten
