<?xml version="1.0" encoding="UTF-8" standalone="yes"?>
<PcGts xmlns="http://schema.primaresearch.org/PAGE/gts/pagecontent/2013-07-15" xmlns:xsi="http://www.w3.org/2001/XMLSchema-instance" xsi:schemaLocation="http://schema.primaresearch.org/PAGE/gts/pagecontent/2013-07-15 http://schema.primaresearch.org/PAGE/gts/pagecontent/2013-07-15/pagecontent.xsd">
    <Metadata>
        <Creator>prov=University of Rostock/Institute of Mathematics/CITlab|PLANET AI GmbH/Gundram Leifert/gundram.leifert@planet-ai.de:name=Transkribus German Kurrent M2(htr_id=29820)::::v=2.6.7
prov=University of Rostock/Institute of Mathematics/CITlab|PLANET AI GmbH/Tobias Gruening/tobias.gruening@planet-ai.de:name=de.uros.citlab.module.baseline2polygon.B2PSeamMultiOriented:v=2.6.7
prov=University of Rostock/Institute of Mathematics/CITlab|PLANET AI GmbH/Tobias Gruening/tobias.gruening@planet-ai.de:name=/net_tf/LA73_249_0mod360.pb:de.uros.citlab.segmentation.CITlab_LA_ML:v=2.6.7
Transkribus</Creator>
        <Created>2022-05-02T16:07:26.923+02:00</Created>
        <LastChange>2023-06-16T10:23:09.890+02:00</LastChange>
        <TranskribusMetadata docId="1336518" pageId="52420964" pageNr="23" tsid="127083502" status="IN_PROGRESS" userId="42748" imgUrl="https://files.transkribus.eu/Get?id=KATTPZRNIGKQLKWHAOEHAYXX&amp;fileType=view" xmlUrl="https://files.transkribus.eu/Get?id=FDMQWRPYKCCRSRZAMCZPANQA" imageId="30694251"/>
    </Metadata>
    <Page imageFilename="IMG_6577.jpg" imageWidth="4032" imageHeight="3024">
        <ReadingOrder>
            <OrderedGroup id="ro_1687513566446" caption="Regions reading order">
                <RegionRefIndexed index="0" regionRef="TextRegion_1686903761082_383"/>
                <RegionRefIndexed index="1" regionRef="TextRegion_1686903775153_392"/>
                <RegionRefIndexed index="2" regionRef="TextRegion_1686903775153_391"/>
                <RegionRefIndexed index="3" regionRef="r2"/>
            </OrderedGroup>
        </ReadingOrder>
        <TextRegion orientation="0.0" type="paragraph" id="TextRegion_1686903761082_383" custom="readingOrder {index:0;} structure {type:paragraph;}">
            <Coords points="940,870 2042,944 2020,1691 943,1642"/>
            <TextLine id="r1l1" custom="readingOrder {index:0;}">
                <Coords points="1033,1038 1447,1037 1592,1074 1705,1035 1760,1071 2009,1072 2011,1027 1952,998 1664,1011 1480,966 1419,1008 1378,977 1299,994 1037,950"/>
                <Baseline points="1041,1013 1089,1016 1137,1017 1185,1020 1233,1022 1281,1024 1329,1025 1377,1027 1425,1028 1473,1030 1522,1031 1570,1034 1618,1035 1666,1037 1714,1040 1762,1042 1810,1044 1858,1047 1906,1050 1954,1055 2003,1059"/>
                <TextEquiv>
                    <Unicode>Ja nach bezahlten Tuch Ihme diesere sachen</Unicode>
                </TextEquiv>
            </TextLine>
            <TextLine id="r1l2" custom="readingOrder {index:1;}">
                <Coords points="1024,1102 1043,1102 1069,1078 1084,1090 1106,1078 1174,1095 1218,1085 1246,1104 1281,1086 1342,1101 1365,1094 1366,1049 1349,1054 1322,1039 1291,1057 1275,1049 1251,1059 1163,1020 1026,1039"/>
                <Baseline points="1032,1073 1057,1074 1082,1074 1107,1074 1132,1074 1157,1076 1182,1076 1208,1077 1233,1077 1258,1079 1283,1079 1308,1080 1333,1082 1359,1083"/>
                <TextEquiv>
                    <Unicode>Zekauffen geben</Unicode>
                </TextEquiv>
            </TextLine>
            <TextLine id="r1l3" custom="readingOrder {index:2;} person {offset:11; length:7;}">
                <Coords points="1031,1155 1995,1188 1996,1152 1897,1113 1712,1100 1636,1128 1483,1085 1347,1117 1316,1089 1070,1078 1033,1101"/>
                <Baseline points="1038,1134 1085,1136 1133,1137 1180,1139 1228,1140 1275,1142 1323,1143 1370,1145 1418,1148 1465,1149 1513,1151 1561,1152 1608,1154 1656,1157 1703,1159 1751,1162 1798,1165 1846,1167 1893,1170 1941,1174 1989,1178"/>
                <TextEquiv>
                    <Unicode>Sagdte der Cheriae Er begehre bevorderst von</Unicode>
                </TextEquiv>
            </TextLine>
            <TextLine id="r1l4" custom="readingOrder {index:3;} person {offset:5; length:8;}">
                <Coords points="1015,1217 1133,1191 1455,1226 1502,1201 1815,1248 1953,1239 1955,1190 1442,1186 1343,1146 1271,1176 1143,1146 1017,1178"/>
                <Baseline points="1023,1191 1069,1192 1115,1193 1161,1194 1207,1195 1254,1196 1300,1197 1346,1200 1392,1202 1438,1203 1485,1205 1531,1208 1577,1209 1623,1211 1669,1214 1716,1215 1762,1218 1808,1220 1854,1222 1900,1224 1947,1226"/>
                <TextEquiv>
                    <Unicode>Ihme Dumoulin eine attestation seines</Unicode>
                </TextEquiv>
            </TextLine>
            <TextLine id="r1l5" custom="readingOrder {index:4;}">
                <Coords points="1016,1242 1542,1264 1661,1299 1807,1272 1961,1292 1963,1251 1783,1255 1698,1219 1452,1228 1381,1200 1291,1235 1113,1197 1018,1220"/>
                <Baseline points="1023,1241 1069,1242 1116,1244 1162,1245 1209,1247 1256,1249 1302,1251 1349,1253 1395,1256 1442,1258 1489,1260 1535,1262 1582,1265 1628,1267 1675,1270 1722,1272 1768,1275 1815,1278 1861,1280 1908,1283 1955,1284"/>
                <TextEquiv>
                    <Unicode>Lebwesens und Verhaltens zusechen, Ob Er</Unicode>
                </TextEquiv>
            </TextLine>
            <TextLine id="r1l6" custom="readingOrder {index:5;}">
                <Coords points="1031,1293 1222,1335 1443,1314 1673,1365 1736,1330 1822,1373 1880,1344 1951,1367 1955,1297 1880,1314 1807,1272 1736,1311 1575,1268 1501,1290 1430,1255 1190,1245 1138,1276 1033,1245"/>
                <Baseline points="1038,1286 1083,1288 1128,1292 1174,1293 1219,1296 1265,1299 1310,1301 1356,1304 1401,1308 1447,1310 1492,1313 1537,1316 1583,1319 1628,1321 1674,1323 1719,1327 1765,1329 1810,1332 1856,1334 1901,1336 1947,1337"/>
                <TextEquiv>
                    <Unicode>auch befuegt seye Wider Ihne Khundtschafft</Unicode>
                </TextEquiv>
            </TextLine>
            <TextLine id="r1l7" custom="readingOrder {index:6;}">
                <Coords points="1019,1370 1053,1356 1056,1360 1079,1345 1111,1356 1138,1348 1160,1367 1185,1369 1186,1311 1170,1309 1150,1325 1119,1299 1109,1299 1084,1321 1062,1304 1054,1308 1043,1299 1030,1308 1020,1305"/>
                <Baseline points="1026,1340 1051,1341 1077,1341 1102,1340 1128,1340 1153,1342 1179,1346"/>
                <TextEquiv>
                    <Unicode>Zureden</Unicode>
                </TextEquiv>
            </TextLine>
            <TextLine id="r1l8" custom="readingOrder {index:7;}">
                <Coords points="1003,1419 1508,1428 1562,1454 1665,1432 1912,1470 1967,1452 1969,1411 1733,1371 1640,1408 1487,1373 1352,1396 1284,1364 1004,1382"/>
                <Baseline points="1010,1410 1057,1410 1105,1412 1152,1413 1200,1413 1247,1415 1295,1418 1342,1419 1390,1421 1437,1423 1485,1426 1533,1428 1580,1430 1628,1432 1675,1435 1723,1437 1770,1439 1818,1441 1865,1443 1913,1445 1961,1446"/>
                <TextEquiv>
                    <Unicode>Im übrigen Verneinte dieser herin aller¬</Unicode>
                </TextEquiv>
            </TextLine>
            <TextLine id="r1l9" custom="readingOrder {index:8;} person {offset:25; length:8;}">
                <Coords points="1020,1472 1316,1477 1414,1516 1532,1478 1852,1495 1896,1527 1941,1504 1923,1464 1821,1476 1665,1432 1562,1460 1486,1428 1422,1452 1363,1424 1300,1447 1231,1419 1022,1432"/>
                <Baseline points="1028,1461 1073,1463 1118,1463 1163,1464 1209,1466 1254,1467 1299,1469 1345,1470 1390,1472 1435,1474 1481,1476 1526,1478 1571,1479 1616,1482 1662,1485 1707,1487 1752,1489 1798,1492 1843,1494 1888,1497 1934,1500"/>
                <TextEquiv>
                    <Unicode>dings, daß Er Weder Ihme Dumoulin noch</Unicode>
                </TextEquiv>
            </TextLine>
            <TextLine id="r1l10" custom="readingOrder {index:9;}">
                <Coords points="1012,1530 1427,1533 1492,1572 1568,1531 1731,1548 1762,1580 1798,1552 1842,1582 1957,1566 1958,1538 1853,1496 1714,1520 1558,1483 1411,1516 1234,1471 1093,1502 1015,1475"/>
                <Baseline points="1020,1517 1066,1518 1113,1520 1159,1520 1206,1521 1252,1523 1299,1524 1345,1526 1392,1529 1438,1530 1485,1532 1531,1534 1578,1536 1624,1538 1671,1541 1717,1542 1764,1544 1810,1547 1857,1548 1903,1550 1950,1551"/>
                <TextEquiv>
                    <Unicode>demand Anderei einihe silberne sachen</Unicode>
                </TextEquiv>
            </TextLine>
            <TextLine id="r1l11" custom="readingOrder {index:10;}">
                <Coords points="1016,1589 1998,1635 2000,1590 1939,1559 1730,1584 1570,1532 1493,1572 1374,1533 1289,1562 1019,1526"/>
                <Baseline points="1023,1572 1071,1572 1119,1574 1168,1575 1216,1576 1265,1578 1313,1580 1362,1581 1410,1584 1459,1586 1507,1589 1555,1590 1604,1593 1652,1596 1701,1599 1749,1602 1798,1605 1846,1609 1895,1613 1943,1615 1992,1619"/>
                <TextEquiv>
                    <Unicode>Weder gezeigdt, anerbotten noch Verkaufft</Unicode>
                </TextEquiv>
            </TextLine>
            <TextLine id="line_1686903761264_386" custom="readingOrder {index:11;}">
                <Coords points="1023,1590 1036,1588 1055,1575 1065,1580 1075,1581 1080,1576 1091,1583 1108,1584 1110,1650 1073,1648 1053,1635 1051,1638 1025,1639"/>
                <Baseline points="1031,1625 1067,1622 1103,1622"/>
                <TextEquiv>
                    <Unicode>habe</Unicode>
                </TextEquiv>
            </TextLine>
            <TextLine id="line_1686903761265_388" custom="readingOrder {index:12;}">
                <Coords points="1112,1618 1250,1594 1282,1614 1317,1590 1377,1618 1447,1591 1581,1621 1865,1619 1862,1684 1652,1674 1503,1648 1111,1647"/>
                <Baseline points="1118,1629 1154,1631 1191,1634 1228,1634 1265,1636 1302,1637 1339,1638 1376,1639 1413,1640 1450,1642 1487,1643 1523,1644 1560,1646 1597,1647 1634,1649 1671,1651 1708,1654 1745,1656 1782,1658 1819,1662 1856,1665"/>
                <TextEquiv>
                    <Unicode>Actum dd. Decemb. 1711.</Unicode>
                </TextEquiv>
            </TextLine>
            <TextEquiv>
                <Unicode>Ja nach bezahlten Tuch Ihme diesere sachen
Zekauffen geben
Sagdte der Cheriae Er begehre bevorderst von
Ihme Dumoulin eine attestation seines
Lebwesens und Verhaltens zusechen, Ob Er
auch befuegt seye Wider Ihne Khundtschafft
Zureden
Im übrigen Verneinte dieser herin aller¬
dings, daß Er Weder Ihme Dumoulin noch
demand Anderei einihe silberne sachen
Weder gezeigdt, anerbotten noch Verkaufft
habe
Actum dd. Decemb. 1711.</Unicode>
            </TextEquiv>
        </TextRegion>
        <TextRegion orientation="0.0" type="heading" id="TextRegion_1686903775153_392" custom="readingOrder {index:1;} structure {type:heading;}">
            <Coords points="943,1642 2020,1691 2014,1887 944,1817"/>
            <TextLine id="line_1686903775352_394" custom="readingOrder {index:0;}">
                <Coords points="1746,1869 1760,1864 1785,1872"/>
                <TextEquiv>
                    <Unicode>n suitte des Lettres Souueraines ad dressees</Unicode>
                </TextEquiv>
            </TextLine>
            <TextLine id="r1l14" custom="readingOrder {index:1;}">
                <Coords points="1169,1723 1216,1745 1343,1713 1520,1721 1740,1753 1741,1699 1677,1678 1484,1690 1450,1670 1413,1689 1366,1662 1333,1680 1239,1658 1199,1689 1170,1686"/>
                <Baseline points="1176,1715 1203,1713 1231,1713 1259,1713 1287,1713 1315,1713 1343,1713 1371,1715 1399,1716 1427,1716 1455,1718 1482,1718 1510,1719 1538,1721 1566,1722 1594,1723 1622,1724 1650,1725 1678,1727 1706,1727 1734,1727"/>
                <TextEquiv>
                    <Unicode>Eydtliche Manitestation</Unicode>
                </TextEquiv>
            </TextLine>
            <TextLine id="r1l15" custom="readingOrder {index:2;}">
                <Coords points="1084,1771 1627,1781 1674,1818 1726,1793 1889,1798 1870,1741 1793,1771 1521,1721 1214,1744 1087,1701"/>
                <Baseline points="1091,1758 1130,1759 1170,1760 1209,1760 1249,1761 1289,1763 1328,1764 1368,1766 1407,1769 1447,1770 1487,1773 1526,1775 1566,1776 1605,1779 1645,1781 1685,1784 1724,1785 1764,1787 1803,1788 1843,1790 1883,1791"/>
                <TextEquiv>
                    <Unicode>Hrn Dumoulin und Hrn Bergeon über</Unicode>
                </TextEquiv>
            </TextLine>
            <TextLine id="r1l16" custom="readingOrder {index:3;}">
                <Coords points="1105,1843 1164,1827 1206,1846 1264,1818 1325,1845 1355,1826 1379,1850 1458,1825 1550,1832 1585,1868 1734,1873 1736,1816 1672,1816 1633,1782 1462,1803 1404,1772 1370,1792 1108,1769"/>
                <Baseline points="1113,1812 1143,1812 1174,1814 1205,1814 1236,1814 1266,1815 1297,1815 1328,1817 1359,1818 1389,1820 1420,1821 1451,1823 1482,1824 1512,1826 1543,1827 1574,1829 1605,1831 1635,1832 1666,1835 1697,1836 1728,1838"/>
                <TextEquiv>
                    <Unicode>Ihre hievorgethane Außfang</Unicode>
                </TextEquiv>
            </TextLine>
            <TextLine id="line_1686903761264_385" custom="readingOrder {index:4;}">
                <Coords points="1073,1648 1110,1650 1111,1654 1083,1655"/>
                <TextEquiv>
                    <Unicode>habe</Unicode>
                </TextEquiv>
            </TextLine>
            <TextLine id="line_1686903761265_387" custom="readingOrder {index:5;}">
                <Coords points="1652,1674 1862,1684 1862,1688 1798,1701"/>
                <TextEquiv>
                    <Unicode>Actum dd. Decemb. 1711.</Unicode>
                </TextEquiv>
            </TextLine>
            <TextEquiv>
                <Unicode>n suitte des Lettres Souueraines ad dressees
Eydtliche Manitestation
Hrn Dumoulin und Hrn Bergeon über
Ihre hievorgethane Außfang
habe
Actum dd. Decemb. 1711.</Unicode>
            </TextEquiv>
        </TextRegion>
        <TextRegion orientation="0.0" type="paragraph" id="TextRegion_1686903775153_391" custom="readingOrder {index:2;} structure {type:paragraph;}">
            <Coords points="944,1817 2014,1887 2001,2387 947,2311"/>
            <TextLine id="line_1686903775352_395" custom="readingOrder {index:0;}">
                <Coords points="1019,1878 1399,1861 1659,1905 1746,1869 1785,1872 1904,1911 1973,1899 2002,1945 1916,1966 1856,1936 1017,1913"/>
                <Baseline points="1025,1907 1073,1905 1122,1904 1170,1904 1219,1904 1267,1905 1316,1907 1364,1910 1413,1912 1461,1915 1510,1917 1558,1920 1607,1925 1655,1927 1704,1930 1752,1933 1801,1935 1849,1938 1898,1940 1946,1940 1995,1940"/>
                <TextEquiv>
                    <Unicode>n suitte des Lettres Souueraines ad dressees</Unicode>
                </TextEquiv>
            </TextLine>
            <TextLine id="r1l18" custom="readingOrder {index:1;}">
                <Coords points="1006,1953 1155,1979 1188,1954 1584,1972 1630,2002 1915,1992 1916,1963 1793,1937 1008,1919"/>
                <Baseline points="1013,1949 1057,1947 1102,1947 1147,1947 1192,1949 1236,1950 1281,1951 1326,1953 1371,1956 1415,1960 1460,1964 1505,1967 1550,1970 1594,1973 1639,1976 1684,1980 1729,1983 1773,1985 1818,1987 1863,1989 1908,1991"/>
                <TextEquiv>
                    <Unicode>a Sa Seigi Balliuale de Vevey dattees du</Unicode>
                </TextEquiv>
            </TextLine>
            <TextLine id="r1l19" custom="readingOrder {index:2;}">
                <Coords points="1106,1976 1112,1975 1116,1971 1133,1983 1139,1982 1134,1952 1126,1953 1125,1955 1121,1953 1119,1953 1118,1955 1111,1953 1109,1955 1102,1956"/>
                <Baseline points="1113,1979 1131,1976"/>
                <TextEquiv>
                    <Unicode></Unicode>
                </TextEquiv>
            </TextLine>
            <TextLine id="r1l20" custom="readingOrder {index:3;} place {offset:7; length:7;}">
                <Coords points="1010,2012 1979,2058 1932,2019 1658,1982 1552,2005 1462,1964 1012,1972"/>
                <Baseline points="1017,1992 1064,1994 1112,1995 1160,1997 1208,2000 1256,2002 1303,2006 1351,2009 1399,2012 1447,2016 1495,2019 1542,2022 1590,2026 1638,2030 1686,2034 1734,2037 1781,2040 1829,2043 1877,2046 1925,2049 1973,2052"/>
                <TextEquiv>
                    <Unicode>15. zu Courant, qui Lug ordonnent de deman</Unicode>
                </TextEquiv>
            </TextLine>
            <TextLine id="r1l21" custom="readingOrder {index:4;} place {offset:23; length:7;}">
                <Coords points="995,2043 1576,2078 1664,2122 1728,2097 1761,2125 1961,2120 1963,2084 1855,2055 1812,2080 1424,2044 1372,2008 1172,2029 999,1996"/>
                <Baseline points="1002,2043 1049,2045 1097,2047 1144,2051 1192,2053 1240,2056 1287,2060 1335,2063 1383,2066 1430,2070 1478,2073 1526,2078 1573,2082 1621,2085 1669,2089 1716,2094 1764,2097 1812,2101 1859,2105 1907,2109 1955,2112"/>
                <TextEquiv>
                    <Unicode>der aux S. Dumoulin et Bergeon, Silsne</Unicode>
                </TextEquiv>
            </TextLine>
            <TextLine id="r1l22" custom="readingOrder {index:5;}">
                <Coords points="995,2097 1043,2132 1103,2106 1481,2128 1526,2167 1688,2151 1809,2202 1949,2178 1952,2149 1660,2121 1619,2087 1520,2114 1386,2072 1126,2078 999,2047"/>
                <Baseline points="1001,2096 1048,2097 1095,2099 1142,2102 1189,2104 1236,2108 1283,2112 1330,2114 1377,2118 1424,2122 1472,2127 1519,2132 1566,2136 1613,2141 1660,2146 1707,2150 1754,2155 1801,2160 1848,2164 1895,2168 1943,2172"/>
                <TextEquiv>
                    <Unicode>se peuuent rien sonuenir plus outre, que ae</Unicode>
                </TextEquiv>
            </TextLine>
            <TextLine id="r1l23" custom="readingOrder {index:6;}">
                <Coords points="989,2189 1048,2155 1377,2172 1430,2208 1742,2237 1827,2208 1951,2234 1954,2199 1299,2117 995,2115"/>
                <Baseline points="998,2154 1045,2154 1092,2155 1140,2156 1187,2158 1235,2161 1282,2163 1329,2168 1377,2171 1424,2175 1472,2180 1519,2184 1566,2189 1614,2193 1661,2199 1709,2204 1756,2207 1803,2213 1851,2216 1898,2219 1946,2223"/>
                <TextEquiv>
                    <Unicode>qui est contenu dans leus declaration cu</Unicode>
                </TextEquiv>
            </TextLine>
            <TextLine id="r1l24" custom="readingOrder {index:7;}">
                <Coords points="997,2211 1134,2246 1236,2221 1307,2260 1369,2231 1470,2269 1586,2250 1695,2299 1919,2289 1922,2244 1867,2251 1823,2210 1743,2240 1351,2174 1292,2203 1262,2172 1046,2190 1001,2167"/>
                <Baseline points="1005,2207 1050,2209 1095,2211 1141,2214 1186,2216 1232,2219 1277,2221 1322,2224 1368,2228 1413,2230 1459,2233 1504,2237 1549,2241 1595,2246 1640,2249 1686,2253 1731,2257 1776,2262 1822,2267 1867,2272 1913,2277"/>
                <TextEquiv>
                    <Unicode>contre, et Leur faire produire Leurs Tiures</Unicode>
                </TextEquiv>
            </TextLine>
            <TextLine id="r1l25" custom="readingOrder {index:8;}">
                <Coords points="1806,2360 1817,2361 1820,2358 1826,2360 1832,2356 1838,2360 1842,2358 1846,2363 1852,2363 1859,2368 1867,2368 1871,2310 1861,2308 1853,2314 1848,2310 1844,2312 1821,2296 1810,2295"/>
                <Baseline points="1814,2334 1862,2337"/>
                <TextEquiv>
                    <Unicode>de</Unicode>
                </TextEquiv>
            </TextLine>
            <TextEquiv>
                <Unicode>n suitte des Lettres Souueraines ad dressees
a Sa Seigi Balliuale de Vevey dattees du

15. zu Courant, qui Lug ordonnent de deman
der aux S. Dumoulin et Bergeon, Silsne
se peuuent rien sonuenir plus outre, que ae
qui est contenu dans leus declaration cu
contre, et Leur faire produire Leurs Tiures
de</Unicode>
            </TextEquiv>
        </TextRegion>
        <TextRegion orientation="0.0" type="paragraph" id="r2" custom="readingOrder {index:3;} structure {type:paragraph;}">
            <Coords points="2146,920 2154,2171 3279,2156 3313,956"/>
            <TextLine id="r2l1" custom="readingOrder {index:0;}">
                <Coords points="2247,1043 3159,1079 3256,1077 3285,1038 2836,981 2767,1017 2586,987 2456,1008 2369,971 2304,1013 2248,997"/>
                <Baseline points="2253,1034 2304,1032 2355,1032 2406,1032 2458,1032 2509,1034 2560,1035 2611,1037 2663,1038 2714,1040 2765,1042 2816,1044 2868,1046 2919,1049 2970,1050 3021,1052 3073,1053 3124,1055 3175,1056 3226,1056 3278,1056"/>
                <TextEquiv>
                    <Unicode>de boutique, pous voir Sit ne Sytrouuera rien</Unicode>
                </TextEquiv>
            </TextLine>
            <TextLine id="r2l2" custom="readingOrder {index:1;}">
                <Coords points="2247,1096 3269,1127 3286,1085 2248,1044"/>
                <Baseline points="2253,1088 2304,1088 2355,1089 2406,1089 2458,1090 2509,1091 2560,1092 2612,1095 2663,1096 2714,1098 2766,1100 2817,1102 2868,1104 2919,1106 2971,1107 3022,1109 3073,1110 3125,1112 3176,1112 3227,1112 3279,1112"/>
                <TextEquiv>
                    <Unicode>de marque ace sujet suiuant la circonstance</Unicode>
                </TextEquiv>
            </TextLine>
            <TextLine id="r2l3" custom="readingOrder {index:2;}">
                <Coords points="2236,1150 3258,1177 3270,1121 2937,1139 2237,1093"/>
                <Baseline points="2243,1143 2294,1143 2345,1143 2396,1143 2447,1143 2498,1145 2549,1146 2600,1147 2651,1148 2702,1149 2753,1151 2804,1152 2855,1154 2906,1155 2957,1157 3008,1158 3059,1159 3110,1160 3161,1160 3212,1161 3263,1160"/>
                <TextEquiv>
                    <Unicode>destemps, et en particulier and S. Dumoulin</Unicode>
                </TextEquiv>
            </TextLine>
            <TextLine id="r2l4" custom="readingOrder {index:3;}">
                <Coords points="2234,1214 2369,1238 2595,1203 2833,1236 3068,1212 3164,1248 3266,1227 3268,1176 2235,1169"/>
                <Baseline points="2241,1202 2294,1200 2348,1200 2401,1200 2455,1200 2509,1200 2562,1202 2616,1203 2670,1203 2723,1206 2777,1208 2830,1208 2884,1211 2938,1212 2991,1214 3045,1215 3099,1217 3152,1217 3206,1218 3260,1218"/>
                <TextEquiv>
                    <Unicode>Sil na plus rien riere Luu des Effets dargente</Unicode>
                </TextEquiv>
            </TextLine>
            <TextLine id="r2l5" custom="readingOrder {index:4;} person {offset:21; length:6;}">
                <Coords points="2236,1262 3245,1287 3246,1224 3156,1254 3044,1223 3001,1250 2956,1223 2737,1239 2631,1203 2369,1237 2237,1216"/>
                <Baseline points="2243,1256 2292,1254 2342,1254 2392,1254 2442,1254 2492,1254 2541,1256 2591,1256 2641,1257 2691,1259 2741,1260 2790,1262 2840,1263 2890,1265 2940,1266 2990,1268 3039,1269 3089,1271 3139,1271 3189,1272 3239,1272"/>
                <TextEquiv>
                    <Unicode>rie quil a achete de Cherix, et quils agjent</Unicode>
                </TextEquiv>
            </TextLine>
            <TextLine id="r2l6" custom="readingOrder {index:5;}">
                <Coords points="2235,1317 3249,1346 3250,1299 3079,1272 2991,1297 2508,1261 2236,1280"/>
                <Baseline points="2241,1313 2291,1311 2341,1310 2391,1310 2441,1310 2491,1310 2541,1310 2591,1311 2641,1313 2691,1314 2742,1315 2792,1317 2842,1319 2892,1320 2942,1322 2992,1324 3042,1326 3092,1328 3142,1329 3192,1331 3243,1332"/>
                <TextEquiv>
                    <Unicode>a confirmer par serment Leurs declarations,</Unicode>
                </TextEquiv>
            </TextLine>
            <TextLine id="r2l7" custom="readingOrder {index:6;}">
                <Coords points="2220,1386 2441,1414 2778,1379 2861,1418 3051,1385 3266,1418 3267,1348 2487,1340 2422,1312 2220,1342"/>
                <Baseline points="2226,1376 2277,1376 2329,1377 2381,1377 2432,1377 2484,1376 2536,1376 2587,1376 2639,1376 2691,1376 2743,1376 2794,1376 2846,1376 2898,1377 2949,1377 3001,1379 3053,1380 3104,1382 3156,1384 3208,1386 3260,1389"/>
                <TextEquiv>
                    <Unicode>Sa dt Seigi Balliuale agant enuoie lesu</Unicode>
                </TextEquiv>
            </TextLine>
            <TextLine id="r2l8" custom="readingOrder {index:7;}">
                <Coords points="2210,1459 2621,1430 2992,1475 3273,1460 3273,1419 3177,1395 2939,1420 2740,1379 2441,1414 2211,1394"/>
                <Baseline points="2217,1439 2269,1437 2321,1434 2374,1434 2426,1433 2479,1433 2531,1433 2584,1434 2636,1434 2689,1436 2741,1437 2793,1439 2846,1440 2898,1441 2951,1442 3003,1443 3056,1445 3108,1445 3161,1446 3213,1446 3266,1446"/>
                <TextEquiv>
                    <Unicode>Lettres a Monsieur Le Lieutenant Balliual</Unicode>
                </TextEquiv>
            </TextLine>
            <TextLine id="r2l9" custom="readingOrder {index:8;}">
                <Coords points="2235,1513 2677,1489 3151,1528 3191,1521 3192,1461 2236,1456"/>
                <Baseline points="2243,1490 2290,1488 2337,1488 2384,1488 2431,1488 2478,1488 2525,1488 2572,1489 2619,1490 2666,1490 2714,1491 2761,1491 2808,1493 2855,1494 2902,1494 2949,1497 2996,1497 3043,1500 3090,1502 3137,1503 3185,1506"/>
                <TextEquiv>
                    <Unicode>auei ordre de les mettre en Execution, Il</Unicode>
                </TextEquiv>
            </TextLine>
            <TextLine id="r2l10" custom="readingOrder {index:9;}">
                <Coords points="2225,1568 2560,1546 2672,1579 2748,1549 3149,1578 3246,1568 3247,1512 3151,1541 2766,1505 2631,1527 2580,1494 2446,1528 2391,1498 2226,1507"/>
                <Baseline points="2232,1547 2282,1545 2332,1545 2383,1545 2433,1545 2483,1547 2534,1547 2584,1547 2634,1548 2685,1550 2735,1550 2785,1551 2836,1553 2886,1554 2936,1554 2987,1556 3037,1557 3087,1557 3138,1559 3188,1559 3239,1560"/>
                <TextEquiv>
                    <Unicode>auroit ce gourduui fait conuenir par deuant</Unicode>
                </TextEquiv>
            </TextLine>
            <TextLine id="r2l11" custom="readingOrder {index:10;} place {offset:28; length:7;}">
                <Coords points="2221,1616 3276,1633 3277,1580 3163,1568 3066,1595 2560,1546 2222,1567"/>
                <Baseline points="2228,1599 2280,1599 2332,1601 2384,1602 2436,1602 2488,1604 2540,1604 2592,1605 2644,1607 2696,1608 2748,1608 2800,1610 2852,1610 2904,1611 2956,1613 3008,1613 3060,1614 3112,1614 3164,1616 3216,1616 3269,1617"/>
                <TextEquiv>
                    <Unicode>Lug les Jusd F. Dumoulin et Bergeon, Lesquels</Unicode>
                </TextEquiv>
            </TextLine>
            <TextLine id="r2l12" custom="readingOrder {index:11;}">
                <Coords points="2233,1681 2336,1655 2367,1682 2948,1670 3024,1707 3262,1686 3260,1647 2966,1616 2832,1641 2235,1620"/>
                <Baseline points="2241,1652 2291,1652 2342,1653 2393,1655 2443,1656 2494,1658 2545,1659 2595,1661 2646,1662 2697,1664 2748,1665 2798,1666 2849,1668 2900,1670 2950,1670 3001,1671 3052,1673 3102,1674 3153,1676 3204,1676 3255,1677"/>
                <TextEquiv>
                    <Unicode>niant produit leurs Liures de boutique, Glne</Unicode>
                </TextEquiv>
            </TextLine>
            <TextLine id="r2l13" custom="readingOrder {index:12;}">
                <Coords points="2216,1747 2340,1707 2623,1740 2774,1717 2843,1754 2893,1727 3028,1757 3225,1735 3226,1698 3155,1680 3021,1712 2972,1680 2910,1708 2786,1673 2648,1698 2218,1678"/>
                <Baseline points="2223,1712 2272,1710 2322,1710 2372,1710 2422,1710 2472,1712 2521,1712 2571,1713 2621,1715 2671,1716 2721,1718 2770,1721 2820,1722 2870,1724 2920,1725 2970,1725 3019,1727 3069,1727 3119,1727 3169,1727 3219,1727"/>
                <TextEquiv>
                    <Unicode>sy est trouue touihant le fact de question</Unicode>
                </TextEquiv>
            </TextLine>
            <TextLine id="r2l14" custom="readingOrder {index:13;}">
                <Coords points="2227,1783 2703,1771 3009,1822 3103,1791 3218,1808 3218,1749 3080,1734 3033,1762 2601,1747 2530,1716 2428,1750 2228,1744"/>
                <Baseline points="2234,1770 2282,1769 2331,1767 2380,1767 2429,1767 2478,1767 2527,1768 2576,1769 2625,1770 2674,1772 2723,1773 2771,1775 2820,1776 2869,1778 2918,1779 2967,1781 3016,1782 3065,1782 3114,1782 3163,1782 3212,1782"/>
                <TextEquiv>
                    <Unicode>et agaus entendu te contenu desd Lettres</Unicode>
                </TextEquiv>
            </TextLine>
            <TextLine id="r2l15" custom="readingOrder {index:14;}">
                <Coords points="3221,1794 3230,1794 3233,1791 3236,1794 3240,1794 3244,1798 3250,1798 3250,1746 3242,1746 3237,1742 3236,1744 3233,1744 3230,1741 3221,1742"/>
                <Baseline points="3228,1784 3243,1784"/>
                <TextEquiv>
                    <Unicode></Unicode>
                </TextEquiv>
            </TextLine>
            <TextLine id="r2l16" custom="readingOrder {index:15;}">
                <Coords points="2222,1829 2825,1830 2908,1869 3028,1838 3140,1875 3264,1869 3266,1799 3182,1823 2223,1778"/>
                <Baseline points="2229,1826 2280,1824 2331,1824 2383,1823 2434,1823 2486,1823 2537,1824 2589,1825 2640,1826 2692,1827 2743,1829 2794,1830 2846,1832 2897,1834 2949,1835 3000,1837 3052,1839 3103,1841 3155,1841 3206,1842 3258,1842"/>
                <TextEquiv>
                    <Unicode>Conueraines, Ilsont dectare, quils nauogent</Unicode>
                </TextEquiv>
            </TextLine>
            <TextLine id="r2l17" custom="readingOrder {index:16;}">
                <Coords points="2227,1886 3215,1916 3252,1860 2227,1849"/>
                <Baseline points="2234,1878 2284,1877 2335,1877 2385,1878 2436,1878 2486,1880 2537,1880 2587,1881 2638,1883 2688,1884 2739,1886 2790,1887 2840,1887 2891,1889 2941,1890 2992,1890 3042,1892 3093,1892 3143,1892 3194,1891 3245,1890"/>
                <TextEquiv>
                    <Unicode>rien a adjouter a Leur declaration cuscontre</Unicode>
                </TextEquiv>
            </TextLine>
            <TextLine id="r2l18" custom="readingOrder {index:17;}">
                <Coords points="2219,1973 2319,1936 2368,1960 2570,1937 2647,1973 2750,1941 2799,1977 3195,1958 3225,1914 2400,1911 2221,1881"/>
                <Baseline points="2226,1937 2275,1935 2325,1935 2374,1934 2424,1934 2474,1935 2523,1935 2573,1937 2622,1938 2672,1940 2722,1941 2771,1943 2821,1944 2870,1946 2920,1946 2970,1947 3019,1947 3069,1947 3118,1947 3168,1946 3218,1944"/>
                <TextEquiv>
                    <Unicode>taquelle jls ont confirme par le serment</Unicode>
                </TextEquiv>
            </TextLine>
            <TextLine id="r2l19" custom="readingOrder {index:18;}">
                <Coords points="2213,2021 2481,1991 2557,2019 3163,2001 3213,2029 3250,1964 3045,1950 2939,1988 2548,1939 2214,1973"/>
                <Baseline points="2220,1991 2271,1991 2322,1991 2373,1991 2424,1991 2475,1992 2526,1994 2578,1994 2629,1996 2680,1997 2731,1998 2782,2000 2833,2001 2884,2003 2936,2004 2987,2004 3038,2004 3089,2004 3140,2004 3191,2004 3243,2003"/>
                <TextEquiv>
                    <Unicode>quilo ont preste sur les mains dudusdi seigt</Unicode>
                </TextEquiv>
            </TextLine>
            <TextLine id="r2l20" custom="readingOrder {index:19;}">
                <Coords points="2194,2066 2814,2054 2952,2104 3232,2081 3268,2027 3192,2043 3115,2000 2623,2028 2481,1991 2440,2022 2337,1991 2195,2020"/>
                <Baseline points="2201,2049 2256,2048 2312,2046 2368,2045 2423,2045 2479,2046 2535,2046 2591,2048 2646,2049 2702,2051 2758,2052 2814,2055 2869,2057 2925,2058 2981,2061 3037,2062 3092,2063 3148,2064 3204,2064 3260,2064"/>
                <TextEquiv>
                    <Unicode>Lientenant Ballial ce Jourdhuy 18. Decemd</Unicode>
                </TextEquiv>
            </TextLine>
            <TextLine id="r2l21" custom="readingOrder {index:20;}">
                <Coords points="2209,2153 2251,2141 2265,2148 2278,2148 2288,2138 2303,2145 2319,2143 2331,2139 2358,2112 2380,2108 2379,2087 2345,2081 2335,2072 2325,2079 2309,2069 2273,2074 2256,2066 2240,2075 2205,2065"/>
                <Baseline points="2214,2115 2240,2109 2267,2106 2293,2105 2320,2106 2346,2106 2373,2103"/>
                <TextEquiv>
                    <Unicode>pu</Unicode>
                </TextEquiv>
            </TextLine>
            <TextLine id="r2l22" custom="readingOrder {index:21;}">
                <Coords points="2731,2143 2764,2149 2791,2169 2851,2147 2874,2158 2907,2145 2935,2144 2954,2158 2990,2153 2991,2073 2970,2082 2943,2060 2918,2071 2908,2061 2874,2084 2812,2055 2784,2077 2731,2065"/>
                <Baseline points="2738,2136 2765,2138 2792,2139 2820,2139 2847,2139 2874,2138 2902,2138 2929,2138 2956,2140 2984,2142"/>
                <TextEquiv>
                    <Unicode>Robertz</Unicode>
                </TextEquiv>
            </TextLine>
            <TextEquiv>
                <Unicode>de boutique, pous voir Sit ne Sytrouuera rien
de marque ace sujet suiuant la circonstance
destemps, et en particulier and S. Dumoulin
Sil na plus rien riere Luu des Effets dargente
rie quil a achete de Cherix, et quils agjent
a confirmer par serment Leurs declarations,
Sa dt Seigi Balliuale agant enuoie lesu
Lettres a Monsieur Le Lieutenant Balliual
auei ordre de les mettre en Execution, Il
auroit ce gourduui fait conuenir par deuant
Lug les Jusd F. Dumoulin et Bergeon, Lesquels
niant produit leurs Liures de boutique, Glne
sy est trouue touihant le fact de question
et agaus entendu te contenu desd Lettres

Conueraines, Ilsont dectare, quils nauogent
rien a adjouter a Leur declaration cuscontre
taquelle jls ont confirme par le serment
quilo ont preste sur les mains dudusdi seigt
Lientenant Ballial ce Jourdhuy 18. Decemd
pu
Robertz</Unicode>
            </TextEquiv>
        </TextRegion>
    </Page>
</PcGts>
