4032 3024
857 1062 1873 1203 ein beharrete auch beständig, daß es sonsten
840 1147 1870 1237 Weiters nichts gestohlen, als waß es bereits an¬
828 1205 1014 1286 gezeigt
833 1276 1858 1356 Weilen nun im übrigen keine formalische in¬
1277 1323 1306 1360 9
817 1339 1870 1418 dicia anderer diebstahlen verhanden hatt M Hh.
811 1376 1875 1461 Rahtsherr ohne reiterierlichen befelch mit an¬
817 1443 1829 1515 setzung der Marter für zufahren weiset be¬
822 1508 1878 1585 denken getragen. actum N2. Septemb. 1713
2890 1361 2970 1372 en 19: Septemb. 1713. hat MuA
2167 1085 2759 1208 Pranns ffeutt
2121 1162 2974 1292 aufdem Bundtacher der Kirchori
2293 1242 2626 1358 Buggisturg
2096 1372 3030 1497 en 19: Septemb. 1713. hat MuA
2029 1372 2094 1484 4
2044 1429 3070 1568 Rahtsherr Tscharner zu volg Oberkeit
2053 1514 3027 1634 gefelchs de dato dito mit Zuzeuchung
2063 1572 3036 1696 M ithl. Großweibel Imhooffs und Gricht
2594 1632 3060 1725 den von dem Frey¬
2037 1656 2592 1766 schreiber Wyttenbachs
2600 1694 2796 1747 gefängtlich
2056 1702 3062 1816 eibel zu Ingistorff achar gesandten Hanns
2055 1765 3000 1884 Pfeutt außem Gundtacher der Kilchöri
2046 1838 2654 1952 Zuggisperg Examiniert
2138 1889 2835 2014 elcher Bekennt wie folget
2041 1965 3057 2102 Er seye erst 42: Jahr alt 9sin als Er von seinen
2171 2057 2296 2102 hinwolh
2042 2032 3061 2150 Elteren kommen, sein Vatter lebe noch und wohn
2065 2114 2394 2213 zu genggistorg
2051 2145 2999 2268 Anfangs habe Er im Eryburg gebiet die
2048 2214 3010 2346 Schaaf gehütet, darvon sein Vatter den Lohn
2068 2320 2229 2400 zezogen
2054 2312 3057 2477 Nachnehrts habe Er auch bey Acht Someren anf
