4032 3024
859 1206 938 1320 D
871 1341 957 1464 d
938 993 1953 1127 haben; allein es habe nachwehrts mit des H. Zoll
937 1063 1868 1192 ners Tochter selbsten geredt, und Ihra solches
926 1125 1155 1217 Verwißen
942 1203 1887 1324 Ob Es nit zu Buchster dem Niggli könne
950 1274 1850 1393 ie Költsche dackbetth Ziechen entwendt
960 1349 1925 1482 kein, Es habe dem könne zu Buchster nichts
933 1421 1149 1488 entwendt.
925 1505 1895 1614 Obwohlen nun Muhhl. Exeaminator die sem
927 1564 1862 1677 Ann Waßer, so wohl vernuhtlich begange
1692 1642 1780 1688 duch
931 1639 1907 1738 nen mehreren diebstählen halb, als sonderlich
941 1687 1885 1793 wegen des Eingelegdten Fenwers trefftig zuge¬
925 1734 1867 1848 sprochen, hatt es doch dazumahl mehrers
929 1791 1370 1901 nit bekennen wollen.
920 1842 1876 2003 WWeilen aber Mrhhl. Examinator nöhtig be¬
1270 1946 1313 1985 1.
938 1936 1861 2044 funden wegen des eingelegdten Feuwes als
940 2001 1836 2106 einer wichtigen sach mehrers nach zuforschen,
934 2056 1863 2158 als ist deßtwegen H. Zollner Rohr darüber
913 2103 1864 2220 Vernomen worden, Welcher folgenden bericht
930 2164 1119 2250 erstattet.
1615 2235 1795 2356 daß
2115 1020 3114 1141 daß nach deme vor ohngefehrt 9. Wuchen an
2129 1106 3145 1211 Einem Sambstag Abends, während dem Nacht
2132 1161 3157 1262 Eßen, Ihme ein dackbetth ein hauptbuße ambt
2141 1210 3147 1305 einem Leinbachen entwendt worden und seine
2118 1270 3131 1393 Leuthe von dem auß dißmahlen auch gefengklich
2135 1343 3089 1446 enthaltenen Maria Chum Anwer vernommen,
2133 1392 3131 1494 daß das Anne Waßer, so sich in H. Allmußner
2146 1444 3108 1553 Sturlers Stöklin zuzieche, dieses entwendte
2135 1508 3165 1626 Betthgwandt dem wührten auf dem Bruggfeldt
2134 1566 3141 1674 zu gebracht und verkauft, habe Er solches der
2121 1631 3093 1735 Wührtin wider abgeforderet, die Ihme auch
2140 1706 3141 1800 solches verabfolgen laßen. ohngefehrt 3. wuchen
2143 1744 3112 1861 ternach habend Sie das Anni Waßer ertappet
2140 1798 3141 1897 und bey der Bruge in daselbstige gefengknuß ge¬
2134 1883 3132 1968 spehrt, gegen dem Abend aber solches widergehen
2152 1919 3095 2016 aßen und außmittleiden wegen seiner Ar¬
2153 1969 3136 2078 nicht, Ihme ein stuck brodt geben: Es seye aber
2144 2032 3145 2148 dieses Ann, Waßer grad eben selbigen Abendt
2148 2110 3116 2214 ohngefehrt umb 7. Uhren, als sie zu nacht geßen
2145 2154 3110 2261 widrumb durch eben das vorige Pfenster hinan¬
2159 2222 3108 2322 n das gemach gestigen, die gleiche scheiben wider
2910 2284 3150 2367 außgestoßen
2039 1008 2116 1102 45
