4032 3024
908 1035 1934 1168 Den 8. Julii 1712. hatt Mithl. Rahts
929 1113 1909 1222 Herr Steiger zu volg Oberkeitlichen befelchs
937 1170 1908 1272 de dito mit Zuzeuchung Mbithl. großwei¬
940 1235 1899 1341 bel Wurstembergers und des Grichtschrei¬
932 1300 1920 1390 bers die in der Gefangenschafft enthaltene
939 1357 1897 1433 Zwo weibs Persohnen, Namens Anna Ma¬
941 1414 1950 1517 ria Hhunauner von Niderleutz der Graf
929 1472 1883 1568 schafft Lentzburg, und Anna Waßer von
923 1536 1845 1640 Schonbrinen der Kilchori Waltkringen
925 1610 1851 1695 so wegen verübten diebstählen eingezogen
937 1650 1889 1751 worden examiniert und ward Erstlichen Vor
934 1708 1876 1813 gelaßen Anna Maria Thunauwer vndt
926 1770 1350 1873 demnach befragdt.
934 1822 1878 1932 Wie alt es sey, wo es dahein und waß
929 1896 1400 1990 sein thun und laßen.
947 1953 1910 2071 Es seye ongeführt bey 23. Jahren alt, vnd
935 2034 1859 2128 zu Niderlentz in der Graßschafft Lentzhurg
943 2112 1920 2190 daheimb, Erhalte sich hin und wider mit Werchen
932 2174 1926 2287 Wie Lang Es inn, und umb die Statt herumb
1700 2272 1812 2361 auch
860 973 891 1046 6
869 1972 939 2041 R.
841 2170 938 2285 2.
2029 1011 2119 1115 137
2159 999 3162 1113 auch wo, und an welchen Ohrten es sich auf
2161 1085 2394 1183 gehalten?
2169 1155 3170 1272 Etwann Zeit haß nachten habe es sich bey der
2159 1237 3149 1329 Statt außgehalten, und letztlich in lenntet
2152 1288 3128 1381 seiner Landtsmännig dalome Genant
2149 1363 3179 1454 bey Stuckis hauß ohngefehrt 8. taglang helßen
2147 1418 2319 1495 Senen
2163 1443 3134 1585 Wons zu vor9sin eht es zu Stuckeshauß
2161 1550 2309 1624 komen
2157 1615 2655 1726 bald hier balddorth.
2163 1693 3174 1816 Wie es mit dem Jenigen diebstahl zu gangen
2162 1779 3138 1872 o auf der Landgarben dem Weibel zu Rei¬
2148 1842 2574 1945 chenbach beschechen?
2137 1922 3141 2021 Es wolle hierüber die Bloße wahrheit an¬
2150 1989 3131 2085 Zeigen und sahen wie es hergangen. Alß es
2145 2043 3102 2151 verschinnen henntet, wie bedeutet, sich bey
2131 2099 3127 2200 Stucks haußbefunden, seye Einsmahls die
2132 2168 3110 2256 betschiffelenen daher kommen und habe in Einem
2129 2226 3120 2337 Körblin zeug, als ein Rock und ein wullhemb,
2853 2283 3150 2386 dahergebracht
2078 1199 2138 1302 E
2052 1485 2147 1611 A.
2071 1606 2148 1731 d
2062 1718 2128 1831 E
2064 1939 2135 2047 H
