4032 3024
814 957 913 1048 166
857 1066 927 1167 2.
851 1193 910 1297 2
844 1351 918 1429 R.
831 1667 904 1760 2
831 1788 894 1889 2
845 2042 907 2138 2
828 2202 910 2301 R.
958 970 1884 1084 16 Er den Hauß Müller in der Oberer
952 1027 1227 1112 Matt kenn
967 1078 1943 1195 ls wohne ein Kaßgeaapter in der Oberen
950 1170 1928 1252 Matt, vuße aber nit eigentlich ob os diser sey.
941 1211 1890 1325 ob Er ine gehört, daß man i der
940 1275 1794 1385 oberen Ern falsches gelt mache:
950 1336 1894 1454 Er habe wohl von Leuten gehört daß¬
945 1408 1881 1498 man daselbsten falsches gelt gemacht,
942 1461 1911 1565 er könne es aber nit fureine Bahr¬
941 1519 1895 1633 heit sagen, weilen Er solches nur von
937 1608 1278 1686 hören sagen.
949 1638 1915 1763 ob sein Sohn mit Ein Schwäger habe, der
934 1711 1896 1820 auch mit denen Sachen umbgangen:
925 1777 1915 1893 Ja sein Sohn habe Ein Schwager Nahmens
921 1851 1899 1959 Hauß Scheidegger von vub welcher
932 1899 1894 2004 auch, wie die gemeine Sag seye, falsche
934 1987 1454 2080 munz machen solle
946 2054 1911 2164 Ob Er Ingold nit auch andere sachen mehr,
937 2121 1771 2225 und zwar Diebstahl begangen.
935 2222 1909 2311 Alß Er vor Jahren hinder dem Niclaus
919 2261 1881 2363 rechti im Mungnan schachen gewohnet
901 2327 1877 2419 habe derselbe ihne gezwungen mit ihme
1753 2376 1898 2469 Jych
2008 974 3132 1103 167 zgahn, da Sie dan auf dem bramer boen
2104 1026 3152 1139 Ein auch voll heuw auß einem Scheurl¬
2116 1080 3152 1209 Item in der Langenbach scheur under¬
2121 1142 3116 1282 schidliche mahl Tucher Voll kein ge¬
2119 1207 3095 1319 nemen denne habe der Liecht einen
2107 1263 3154 1404 Eisernen Wirbel auß einem Schleiff¬
2113 1325 3031 1443 stein, die auch Sägisen, gablen?
2121 1378 3145 1514 eiserne striten ab Einem kommet
2122 1460 3026 1545 entwendet, darfür aber der
2102 1541 2647 1650 Riecht abgebüst.
2733 2162 2994 2293 hierauf
