4032 3024
2344 1062 2796 1188 Vrjula Liechti
2012 1026 2128 1150 241
2061 2230 2144 2337 E.
2088 2337 2135 2426 d
2399 1188 2421 1191 Vrjula Liechti
2130 1189 3118 1311 en 97 Febri 1713. att M. H. alt
2119 1254 3131 1361 Bauwlesr von dießbach zu volg Oberkeitl.
2125 1315 3117 1423 Befelchs de 30e Januarn mit Zuthun Ihr
2121 1368 3118 1477 Ghl. Dieneren Hrn Großweibel Wurstem.
2134 1424 3053 1521 Hergers und des Grichtschreibers, das in¬
2134 1468 3142 1573 Oberen Spittahl gefangcklich enthaltene Mensch
2136 1522 3125 1619 namens Ursula Liechti von Biglen, Wegen
2119 1568 3120 1688 vor dem UnderRichter zu Atingen bekandten
2116 1637 3075 1731 Diebstählen und anderen in dem Schreiben
2131 1688 3078 1800 von gegistorst enthaltenen Punten, mit
2131 1747 3060 1868 Vor hergangenem krefftigen zusprechen
2140 1813 2839 1919 ernst wöhrtigklichen examiniert
2130 1857 3096 1986 Ward also Befragt. Wie es heiße, Waß
2146 1938 2875 2040 Alters, und von Wannen es seye
2148 2002 3098 2120 Anter. Es heiße Vrtel Liecht und seyn zu
2145 2073 3094 2178 Biglen daheumb, Wuße aber mit Wie alt es
2158 2175 2247 2233 egt
2156 2186 3124 2307 Wer seine Ellteren 9sin, und Ob selbige noch
2149 2289 2368 2353 bey leben
2176 2294 3108 2407 ei Vatter habe Lienhardt Liechti geheißen
2171 2358 3099 2456 und seyn vorlengsten gestorben, die Mutter aber
2158 2413 2941 2512 seye noch beyleben und wohne zu Biglen
