4032 3024
882 2229 984 2313 7 bey
1028 922 2029 1045 nit amn Morgen fruhe sonderen vmb Mittag
1019 998 2026 1105 da durch getrieben, gestalten Er Sie zu Sinnen
1025 1052 2015 1167 ringen wegen der Hitz in einem Brinnen trog
1019 1100 1224 1194 abgefühlt
1049 1169 2007 1274 Wie Er doch so frechlaugnen dorfe daß Er¬
1022 1225 1982 1327 an keinem Morgen Schaaf zu stettlen durch
1025 1297 1999 1389 gebrieben, Er habe Ja damahlen einen händtschen
1025 1331 1998 1426 verlohren, welchen sein Vatter eine weil nach
1019 1398 2016 1497 deme Er mit denen 5. Schaaffen vorbeygewesen
1000 1449 1980 1545 komen gen suchen und den leuthen solchen abge¬
1008 1493 1185 1572 forderet.
1017 1592 1986 1696 Er habe nie mahls keinen hendtschen Verlohren
1022 1645 1957 1734 seye Ihme auch nit bekannt, ob sein Vatter
1000 1702 1934 1821 Einen handtschen gesucht oder nit, Er wüße
991 1770 1269 1840 Dar von mit.
996 1818 2015 1946 hierauff ward hinein beruffen hanns Schägfter
1006 1889 1981 2000 von Stettlen, welcher Ihme under augen Vor¬
995 1934 1952 2054 gehalten. Waß maßeVerwichenen So mer
995 1989 1948 2108 anfangsheuwet, als Er Schaaffer und seine
995 2058 1920 2168 Bruder eines morgends fruhe Zangen gan
1029 2096 1146 2138 maren
997 2113 1932 2228 hamben, Sie diesen Rohtnitzger gesachen 5.
983 2160 1907 2283 Irfel durchs Schwange bey Stettlei auf
994 2241 1354 2343 anbrechendem Tag
1736 2279 1875 2375 bollig
2161 901 2209 977 9
2251 938 3279 1060 volligen zu Jagen Ein Weil hernach seye
2279 1022 3275 1129 sein Vatter komen und habe Einen handtschen
2262 1085 2444 1193 gesucht.
2252 1153 3300 1279 Hierauff Wardt von Muchhl. Examinatoren
2270 1235 3258 1335 diesem Hoofer nochmahlen gantz ernstlich
2270 1297 3237 1391 zugesprochen, daß Er Gott dem Herren
2265 1341 3258 1456 die Ehr geben, und der hochendberkeit als
2261 1419 3274 1512 deßen Statthalterin, durch eine runde be¬
2261 1472 3292 1570 kandtnuß die bloße wahrheit bekennen solle
2246 1532 3276 1626 Widrigen fahls mann mit mehrerem Ernst
2255 1589 3299 1694 an Ihne setzen vnd die wahrheit von Ihme her¬
2258 1644 2957 1748 auß zu bringen erachten werde
2220 1719 3266 1836 Deßen alleß in aber ohngeacht beharrete
2236 1796 3263 1870 Er steiß und Vnst daß Er niemahlen 5. Schaaf
2258 1846 3228 1945 mit Ein anderen, auch keines des Morgent
2234 1897 3262 2018 fruhe beyStettlen durch getrieben habe auch
2256 1959 3219 2072 ein Cobtag kein Schaaf entwendt noch ein
2255 2024 3155 2127 nehrers begangen als hievor angezeigt
2229 2103 3269 2205 Weilen nun bey die sem Hooffer Weder zuspro¬
2242 2167 3236 2257 chen noch vermahnen nichts verfangen wollen
2222 2212 3226 2328 hat Muhs Eaaminator Ihne wider au sein
2241 2272 2632 2368 ohrt fuhren laßen.
