<?xml version="1.0" encoding="UTF-8" standalone="yes"?>
<PcGts xmlns="http://schema.primaresearch.org/PAGE/gts/pagecontent/2013-07-15" xmlns:xsi="http://www.w3.org/2001/XMLSchema-instance" xsi:schemaLocation="http://schema.primaresearch.org/PAGE/gts/pagecontent/2013-07-15 http://schema.primaresearch.org/PAGE/gts/pagecontent/2013-07-15/pagecontent.xsd">
    <Metadata>
        <Creator>prov=University of Rostock/Institute of Mathematics/CITlab|PLANET AI GmbH/Gundram Leifert/gundram.leifert@planet-ai.de:name=Transkribus German Kurrent M2(htr_id=29820)::::v=2.6.7
prov=University of Rostock/Institute of Mathematics/CITlab|PLANET AI GmbH/Tobias Gruening/tobias.gruening@planet-ai.de:name=de.uros.citlab.module.baseline2polygon.B2PSeamMultiOriented:v=2.6.7
prov=University of Rostock/Institute of Mathematics/CITlab|PLANET AI GmbH/Tobias Gruening/tobias.gruening@planet-ai.de:name=/net_tf/LA73_249_0mod360.pb:de.uros.citlab.segmentation.CITlab_LA_ML:v=2.6.7
Transkribus</Creator>
        <Created>2022-05-02T16:07:27.564+02:00</Created>
        <LastChange>2023-06-16T11:18:49.663+02:00</LastChange>
        <TranskribusMetadata docId="1336518" pageId="52421150" pageNr="60" tsid="127085916" status="IN_PROGRESS" userId="42748" imgUrl="https://files.transkribus.eu/Get?id=XTWTIELFIAVSMSAYVPRDRAQL&amp;fileType=view" xmlUrl="https://files.transkribus.eu/Get?id=GTJJFLZINJCFLLZXNCQIZALY" imageId="30694346"/>
    </Metadata>
    <Page imageFilename="IMG_6614.jpg" imageWidth="4032" imageHeight="3024">
        <ReadingOrder>
            <OrderedGroup id="ro_1687513569101" caption="Regions reading order">
                <RegionRefIndexed index="0" regionRef="TextRegion_1686907085390_1905"/>
                <RegionRefIndexed index="1" regionRef="TextRegion_1686907085390_1904"/>
                <RegionRefIndexed index="2" regionRef="TextRegion_1686907119962_1924"/>
                <RegionRefIndexed index="3" regionRef="TextRegion_1686907115731_1918"/>
            </OrderedGroup>
        </ReadingOrder>
        <TextRegion orientation="0.0" type="marginalia" id="TextRegion_1686907085390_1905" custom="readingOrder {index:0;} structure {type:marginalia;}">
            <Coords points="893,1006 982,1018 976,1099 897,1114"/>
            <TextLine id="line_1686907085536_1908" custom="readingOrder {index:0;} place {offset:22; length:7;}">
                <Coords points="926,994 980,1012 950,1101 923,1097"/>
                <Baseline points="930,1082 957,1082"/>
                <TextEquiv>
                    <Unicode>E. Er seye Anfangs zu Signauw auff der Stör¬</Unicode>
                </TextEquiv>
            </TextLine>
            <TextLine id="line_1686907085537_1910" custom="readingOrder {index:1;}">
                <Coords points="943,1201 944,1201 942,1258 941,1258"/>
                <TextEquiv>
                    <Unicode>Schloßer gangen, ein Schlößlin machen zulaßen</Unicode>
                </TextEquiv>
            </TextLine>
            <TextLine id="line_1686907085538_1912" custom="readingOrder {index:2;} place {offset:36; length:5;}">
                <Coords points="933,1531 936,1531 934,1593 932,1594"/>
                <TextEquiv>
                    <Unicode>Ihme nach Signanw gehen Sollen, gan Speiß</Unicode>
                </TextEquiv>
            </TextLine>
            <TextEquiv>
                <Unicode>E. Er seye Anfangs zu Signauw auff der Stör¬
Schloßer gangen, ein Schlößlin machen zulaßen
Ihme nach Signanw gehen Sollen, gan Speiß</Unicode>
            </TextEquiv>
        </TextRegion>
        <TextRegion orientation="0.0" type="paragraph" id="TextRegion_1686907085390_1904" custom="readingOrder {index:1;} structure {type:paragraph;}">
            <Coords points="803,1004 813,916 1987,987 1961,2369 918,2319 974,1002"/>
            <TextLine id="line_1686907085536_1907" custom="readingOrder {index:0;} place {offset:22; length:7;}">
                <Coords points="980,1012 1055,1037 1468,1029 1622,1066 1768,1039 1949,1071 1933,1129 1661,1095 1434,1091 1358,1122 1256,1083 1074,1124 950,1101"/>
                <Baseline points="957,1082 980,1082 1031,1080 1081,1080 1132,1082 1182,1082 1233,1083 1283,1085 1334,1086 1384,1087 1435,1089 1486,1091 1536,1093 1587,1095 1637,1097 1688,1100 1738,1101 1789,1103 1839,1106 1890,1107 1941,1109"/>
                <TextEquiv>
                    <Unicode>E. Er seye Anfangs zu Signauw auff der Stör¬</Unicode>
                </TextEquiv>
            </TextLine>
            <TextLine id="r1l2" custom="readingOrder {index:1;}">
                <Coords points="959,1155 1780,1157 1917,1202 1951,1134 1761,1100 1584,1134 1498,1100 1280,1120 1245,1087 1142,1121 960,1104"/>
                <Baseline points="966,1137 1014,1136 1063,1135 1112,1134 1161,1136 1210,1136 1259,1136 1308,1138 1357,1139 1406,1141 1455,1143 1503,1145 1552,1148 1601,1149 1650,1152 1699,1154 1748,1156 1797,1158 1846,1160 1895,1163 1944,1164"/>
                <TextEquiv>
                    <Unicode>Ihm, und dorthen bey 14. Tagen gearbeitet, Nach¬</Unicode>
                </TextEquiv>
            </TextLine>
            <TextLine id="r1l3" custom="readingOrder {index:2;} place {offset:19; length:8;}">
                <Coords points="952,1201 1874,1223 1875,1188 1741,1190 1677,1158 1527,1182 1490,1159 1428,1180 1385,1145 1340,1180 1067,1138 954,1159"/>
                <Baseline points="960,1185 1005,1185 1050,1185 1096,1187 1141,1187 1187,1188 1232,1189 1277,1191 1323,1193 1368,1194 1414,1195 1459,1197 1504,1199 1550,1200 1595,1202 1641,1204 1686,1206 1731,1207 1777,1209 1822,1211 1868,1212"/>
                <TextEquiv>
                    <Unicode>wehrts seye Er gen Laugnauw hinein Zem</Unicode>
                </TextEquiv>
            </TextLine>
            <TextLine id="line_1686907085537_1909" custom="readingOrder {index:3;}">
                <Coords points="944,1201 1939,1242 1914,1293 942,1258"/>
                <Baseline points="948,1241 997,1240 1046,1239 1095,1241 1144,1241 1193,1242 1242,1242 1292,1244 1341,1245 1390,1247 1439,1249 1488,1251 1537,1253 1586,1256 1636,1257 1685,1260 1734,1263 1783,1265 1832,1267 1881,1269 1931,1272"/>
                <TextEquiv>
                    <Unicode>Schloßer gangen, ein Schlößlin machen zulaßen</Unicode>
                </TextEquiv>
            </TextLine>
            <TextLine id="r1l5" custom="readingOrder {index:4;} place {offset:25; length:9;}">
                <Coords points="953,1310 1336,1298 1428,1333 1514,1303 1813,1345 1877,1315 1878,1271 1692,1293 1551,1259 1485,1283 954,1257"/>
                <Baseline points="960,1292 1005,1292 1051,1291 1096,1292 1142,1292 1187,1292 1233,1293 1278,1295 1324,1296 1369,1298 1415,1299 1461,1301 1506,1303 1552,1305 1597,1307 1643,1308 1688,1310 1734,1311 1779,1313 1825,1313 1871,1314"/>
                <TextEquiv>
                    <Unicode>Da seye Er underwegs ins Boßenhauß zu</Unicode>
                </TextEquiv>
            </TextLine>
            <TextLine id="r1l6" custom="readingOrder {index:5;}">
                <Coords points="1882,1318 1888,1320 1891,1319 1903,1320 1909,1317 1918,1320 1925,1293 1920,1291 1912,1292 1908,1289 1904,1283 1898,1285 1892,1283"/>
                <Baseline points="1890,1314 1911,1320"/>
                <TextEquiv>
                    <Unicode></Unicode>
                </TextEquiv>
            </TextLine>
            <TextLine id="r1l7" custom="readingOrder {index:6;}">
                <Coords points="952,1351 1787,1367 1894,1407 1962,1384 1964,1330 953,1310"/>
                <Baseline points="959,1341 1008,1340 1058,1340 1108,1341 1158,1341 1208,1343 1258,1344 1307,1346 1357,1349 1407,1352 1457,1353 1507,1356 1557,1359 1607,1361 1656,1364 1706,1367 1756,1368 1806,1370 1856,1371 1906,1373 1956,1373"/>
                <TextEquiv>
                    <Unicode>einer Kindtbett; komen, daselbsten Er des Träyers</Unicode>
                </TextEquiv>
            </TextLine>
            <TextLine id="r1l8" custom="readingOrder {index:7;} person {offset:9; length:14;} person {offset:36; length:4;}">
                <Coords points="941,1424 1147,1391 1345,1433 1729,1420 1846,1456 1886,1449 1888,1404 1792,1368 1490,1391 1431,1350 1360,1382 1099,1343 1044,1379 943,1355"/>
                <Baseline points="948,1394 994,1393 1041,1392 1087,1392 1134,1394 1181,1395 1227,1397 1274,1398 1321,1400 1367,1403 1414,1406 1461,1408 1507,1411 1554,1413 1601,1415 1647,1417 1694,1419 1741,1420 1787,1421 1834,1422 1881,1422"/>
                <TextEquiv>
                    <Unicode>Sohn und Ulli Brachbuhl, sonst wald Alli ge¬</Unicode>
                </TextEquiv>
            </TextLine>
            <TextLine id="r1l9" custom="readingOrder {index:8;} person {offset:12; length:9;}">
                <Coords points="947,1449 1199,1443 1259,1477 1366,1455 1425,1488 1473,1460 1543,1491 1746,1467 1834,1506 1907,1493 1909,1446 1629,1415 1361,1441 1151,1405 1111,1432 1056,1396 1015,1430 948,1420"/>
                <Baseline points="954,1445 1001,1445 1048,1446 1096,1446 1143,1448 1191,1449 1238,1451 1285,1452 1333,1455 1380,1457 1428,1458 1475,1461 1522,1463 1570,1464 1617,1466 1665,1468 1712,1470 1759,1471 1807,1472 1854,1473 1902,1473"/>
                <TextEquiv>
                    <Unicode>nant in des Goßenhauß angetroffen denen</Unicode>
                </TextEquiv>
            </TextLine>
            <TextLine id="r1l10" custom="readingOrder {index:9;}">
                <Coords points="941,1527 1289,1507 1448,1538 1506,1511 1913,1549 1914,1487 1826,1511 1796,1481 1619,1503 1515,1470 1441,1497 1365,1455 1283,1489 943,1453"/>
                <Baseline points="948,1506 998,1506 1048,1506 1099,1505 1149,1506 1200,1506 1250,1508 1301,1508 1351,1509 1402,1511 1452,1512 1503,1514 1553,1516 1604,1518 1654,1520 1705,1521 1755,1523 1806,1524 1856,1526 1907,1527"/>
                <TextEquiv>
                    <Unicode>habe Er angeben und angetragen, daß Sie mit</Unicode>
                </TextEquiv>
            </TextLine>
            <TextLine id="line_1686907085538_1911" custom="readingOrder {index:10;} place {offset:36; length:5;}">
                <Coords points="936,1531 1142,1541 1224,1513 1322,1550 1506,1511 1686,1557 1899,1545 1898,1597 1690,1613 1585,1577 1421,1602 1277,1565 1214,1601 1170,1566 1126,1594 1081,1566 934,1593"/>
                <Baseline points="939,1565 986,1563 1034,1562 1081,1562 1129,1562 1177,1562 1224,1563 1272,1563 1320,1565 1367,1566 1415,1567 1463,1569 1510,1570 1558,1571 1606,1573 1653,1574 1701,1575 1749,1577 1796,1577 1844,1578 1892,1578"/>
                <TextEquiv>
                    <Unicode>Ihme nach Signanw gehen Sollen, gan Speiß</Unicode>
                </TextEquiv>
            </TextLine>
            <TextLine id="r1l12" custom="readingOrder {index:11;}">
                <Coords points="950,1626 993,1650 1051,1622 1446,1626 1484,1651 1900,1633 1836,1594 1680,1614 1494,1579 1429,1608 1294,1565 1213,1600 951,1593"/>
                <Baseline points="956,1614 1002,1614 1049,1615 1096,1616 1143,1616 1190,1617 1237,1619 1283,1620 1330,1621 1377,1622 1424,1623 1471,1625 1518,1626 1565,1627 1611,1628 1658,1629 1705,1630 1752,1631 1799,1631 1846,1632 1893,1632"/>
                <TextEquiv>
                    <Unicode>reichen, darauf Sie mit Einanderen dahin</Unicode>
                </TextEquiv>
            </TextLine>
            <TextLine id="r1l13" custom="readingOrder {index:12;} place {offset:24; length:7;}">
                <Coords points="948,1678 1369,1702 1418,1677 1541,1714 1611,1683 1697,1720 1900,1693 1874,1646 1817,1631 1620,1659 1553,1629 1483,1656 1445,1626 1291,1658 949,1628"/>
                <Baseline points="954,1667 1003,1668 1052,1668 1102,1670 1151,1670 1201,1670 1250,1671 1299,1673 1349,1673 1398,1674 1448,1676 1497,1676 1547,1677 1596,1679 1645,1680 1695,1680 1744,1682 1794,1683 1843,1685 1893,1685"/>
                <TextEquiv>
                    <Unicode>zangen und dem wuhrt zu Signaun hinder</Unicode>
                </TextEquiv>
            </TextLine>
            <TextLine id="r1l14" custom="readingOrder {index:13;}">
                <Coords points="938,1733 1065,1754 1213,1725 1278,1768 1435,1732 1833,1762 1883,1751 1884,1705 938,1690"/>
                <Baseline points="944,1725 990,1725 1037,1724 1083,1724 1130,1724 1177,1724 1223,1725 1270,1725 1317,1727 1363,1727 1410,1728 1457,1730 1503,1731 1550,1731 1597,1733 1643,1734 1690,1736 1737,1736 1783,1737 1830,1737 1877,1739"/>
                <TextEquiv>
                    <Unicode>dem Hauß in einen Keller gebrochen, darauß</Unicode>
                </TextEquiv>
            </TextLine>
            <TextLine id="r1l15" custom="readingOrder {index:14;}">
                <Coords points="943,1778 1075,1812 1257,1776 1379,1823 1563,1789 1832,1824 1856,1821 1858,1751 944,1744"/>
                <Baseline points="950,1776 995,1776 1040,1777 1085,1778 1130,1779 1175,1779 1220,1781 1265,1782 1310,1782 1355,1784 1400,1785 1445,1785 1490,1787 1535,1788 1580,1789 1625,1790 1670,1791 1715,1793 1760,1793 1805,1794 1850,1796"/>
                <TextEquiv>
                    <Unicode>einen Gantzen einen halben und Einstücki</Unicode>
                </TextEquiv>
            </TextLine>
            <TextLine id="r1l16" custom="readingOrder {index:15;}">
                <Coords points="938,1842 1892,1873 1893,1817 1767,1799 1382,1821 1268,1776 1192,1815 939,1793"/>
                <Baseline points="944,1830 991,1830 1038,1830 1085,1832 1132,1832 1179,1832 1226,1833 1273,1833 1320,1835 1367,1836 1415,1838 1462,1839 1509,1839 1556,1841 1603,1842 1650,1842 1697,1844 1744,1844 1791,1845 1838,1845 1886,1845"/>
                <TextEquiv>
                    <Unicode>Kaß entwendt, und seyend Sie alle drey mit</Unicode>
                </TextEquiv>
            </TextLine>
            <TextLine id="r1l17" custom="readingOrder {index:16;}">
                <Coords points="929,1916 980,1890 1265,1910 1351,1888 1524,1920 1525,1843 1448,1870 1333,1844 1203,1873 1160,1852 1055,1847 1011,1867 930,1852"/>
                <Baseline points="936,1884 965,1884 994,1884 1023,1884 1052,1884 1081,1884 1110,1886 1139,1886 1168,1886 1197,1887 1227,1887 1256,1887 1285,1888 1314,1889 1343,1889 1372,1889 1401,1890 1430,1890 1459,1890 1488,1890 1518,1890"/>
                <TextEquiv>
                    <Unicode>Ein anderen im Keller gsin</Unicode>
                </TextEquiv>
            </TextLine>
            <TextLine id="r1l18" custom="readingOrder {index:17;}">
                <Coords points="938,1954 1113,1980 1226,1956 1291,1985 1351,1954 1437,1990 1562,1951 1749,1984 1882,1958 1882,1921 1770,1897 1524,1928 939,1901"/>
                <Baseline points="945,1949 991,1949 1038,1947 1084,1947 1131,1948 1177,1949 1224,1949 1270,1950 1317,1952 1363,1953 1410,1953 1456,1955 1503,1956 1549,1956 1596,1956 1642,1956 1689,1956 1735,1956 1782,1955 1828,1953 1875,1950"/>
                <TextEquiv>
                    <Unicode>Weiters habend Sie auch in der Landtschrei¬</Unicode>
                </TextEquiv>
            </TextLine>
            <TextLine id="r1l19" custom="readingOrder {index:18;} place {offset:9; length:7;}">
                <Coords points="938,2005 1020,2036 1182,2036 1228,2007 1381,2033 1418,2009 1770,2018 1822,2050 1875,2045 1876,1977 1695,1956 1627,1987 1532,1960 1438,1991 1386,1959 1220,1985 938,1957"/>
                <Baseline points="944,2000 990,2000 1036,2000 1082,2000 1129,2000 1175,2001 1221,2001 1267,2003 1314,2003 1360,2004 1406,2006 1452,2006 1499,2007 1545,2009 1591,2009 1637,2010 1684,2010 1730,2010 1776,2012 1822,2012 1869,2010"/>
                <TextEquiv>
                    <Unicode>berey zu Signanw Ein käßlin und etliche</Unicode>
                </TextEquiv>
            </TextLine>
            <TextLine id="r1l20" custom="readingOrder {index:19;}">
                <Coords points="926,2070 1154,2092 1403,2058 1444,2082 1645,2074 1705,2105 1795,2090 1795,2032 1676,2016 1648,2038 1513,2012 1448,2042 1406,2013 1349,2042 927,2010"/>
                <Baseline points="933,2057 975,2055 1018,2055 1061,2055 1104,2055 1146,2055 1189,2055 1232,2055 1275,2057 1317,2057 1360,2057 1403,2058 1446,2058 1488,2060 1531,2060 1574,2061 1617,2062 1659,2063 1702,2064 1745,2064 1788,2066"/>
                <TextEquiv>
                    <Unicode>strangen Garn genommen vndt entragen</Unicode>
                </TextEquiv>
            </TextLine>
            <TextLine id="r1l21" custom="readingOrder {index:20;}">
                <Coords points="924,2147 1399,2134 1505,2162 1645,2144 1747,2179 1849,2150 1773,2093 1569,2108 1508,2083 1446,2115 1360,2073 1194,2097 993,2059 925,2079"/>
                <Baseline points="930,2132 975,2132 1021,2130 1066,2130 1112,2129 1158,2129 1203,2130 1249,2130 1294,2130 1340,2132 1386,2132 1431,2133 1477,2135 1522,2136 1568,2138 1614,2139 1659,2139 1705,2141 1750,2142 1796,2143 1842,2144"/>
                <TextEquiv>
                    <Unicode>Von diesen entwendten Käsen und sachen</Unicode>
                </TextEquiv>
            </TextLine>
            <TextLine id="r1l22" custom="readingOrder {index:21;}">
                <Coords points="939,2188 1489,2213 1689,2187 1840,2217 1840,2181 1645,2144 1598,2167 1352,2133 1258,2167 940,2150"/>
                <Baseline points="945,2183 989,2181 1033,2181 1078,2180 1122,2180 1167,2180 1211,2180 1255,2181 1300,2181 1344,2182 1389,2183 1433,2184 1477,2186 1522,2187 1566,2188 1611,2189 1655,2190 1699,2192 1744,2193 1788,2193 1833,2195"/>
                <TextEquiv>
                    <Unicode>habe Er seinen Antheil dem Alten mann</Unicode>
                </TextEquiv>
            </TextLine>
            <TextLine id="r1l23" custom="readingOrder {index:22;} person {offset:8; length:7;}">
                <Coords points="937,2259 1025,2239 1223,2264 1319,2238 1824,2264 1824,2225 1690,2187 1478,2216 1365,2192 1216,2213 1162,2181 938,2197"/>
                <Baseline points="944,2232 987,2232 1031,2231 1075,2231 1118,2231 1162,2231 1206,2232 1249,2234 1293,2234 1337,2235 1381,2237 1424,2238 1468,2240 1512,2241 1555,2243 1599,2244 1643,2246 1686,2246 1730,2247 1774,2249 1818,2249"/>
                <TextEquiv>
                    <Unicode>und des Trayers Mutter verkaufft, die</Unicode>
                </TextEquiv>
            </TextLine>
            <TextLine id="r1l24" custom="readingOrder {index:23;}">
                <Coords points="1683,2343 1722,2357 1750,2350 1760,2340 1788,2348 1819,2329 1833,2341 1848,2342 1849,2275 1818,2263 1803,2272 1792,2267 1778,2274 1743,2274 1730,2267 1708,2279 1702,2273 1684,2276"/>
                <Baseline points="1689,2318 1714,2318 1740,2318 1765,2318 1791,2318 1816,2319 1842,2321"/>
                <TextEquiv>
                    <Unicode>Ihme</Unicode>
                </TextEquiv>
            </TextLine>
            <TextEquiv>
                <Unicode>E. Er seye Anfangs zu Signauw auff der Stör¬
Ihm, und dorthen bey 14. Tagen gearbeitet, Nach¬
wehrts seye Er gen Laugnauw hinein Zem
Schloßer gangen, ein Schlößlin machen zulaßen
Da seye Er underwegs ins Boßenhauß zu

einer Kindtbett; komen, daselbsten Er des Träyers
Sohn und Ulli Brachbuhl, sonst wald Alli ge¬
nant in des Goßenhauß angetroffen denen
habe Er angeben und angetragen, daß Sie mit
Ihme nach Signanw gehen Sollen, gan Speiß
reichen, darauf Sie mit Einanderen dahin
zangen und dem wuhrt zu Signaun hinder
dem Hauß in einen Keller gebrochen, darauß
einen Gantzen einen halben und Einstücki
Kaß entwendt, und seyend Sie alle drey mit
Ein anderen im Keller gsin
Weiters habend Sie auch in der Landtschrei¬
berey zu Signanw Ein käßlin und etliche
strangen Garn genommen vndt entragen
Von diesen entwendten Käsen und sachen
habe Er seinen Antheil dem Alten mann
und des Trayers Mutter verkaufft, die
Ihme</Unicode>
            </TextEquiv>
        </TextRegion>
        <TextRegion orientation="0.0" type="paragraph" id="TextRegion_1686907119962_1924" custom="readingOrder {index:2;}">
            <Coords points="2036,1114 2032,969 3228,991 3198,2347 2144,2347 2164,1126"/>
            <TextLine id="r2l1" custom="readingOrder {index:0;}">
                <Coords points="2062,1061 2071,1061 2075,1055 2095,1058 2100,1052 2115,1052 2137,1066 2148,1066 2138,988 2120,986 2098,1005 2084,997 2079,999 2064,994 2054,998"/>
                <Baseline points="2066,1046 2102,1039 2138,1037"/>
                <TextEquiv>
                    <Unicode>N0 7</Unicode>
                </TextEquiv>
            </TextLine>
            <TextLine id="r3l1" custom="readingOrder {index:1;}">
                <Coords points="2155,1130 2301,1085 2391,1115 2474,1087 2801,1123 2939,1094 3198,1111 3198,1066 3041,1044 2598,1032 2484,1060 2443,1030 2299,1054 2200,1025 2156,1054"/>
                <Baseline points="2162,1091 2213,1089 2265,1088 2316,1086 2368,1086 2419,1086 2471,1086 2522,1088 2574,1088 2625,1089 2677,1091 2728,1092 2780,1092 2831,1094 2883,1094 2934,1095 2986,1095 3037,1095 3089,1095 3140,1095 3192,1094"/>
                <TextEquiv>
                    <Unicode>Ihme darfür alsobald 16: b. geben, und noch</Unicode>
                </TextEquiv>
            </TextLine>
            <TextLine id="r3l2" custom="readingOrder {index:2;}">
                <Coords points="2182,1168 2440,1152 2591,1181 2869,1146 3178,1181 3205,1113 2938,1095 2866,1134 2751,1100 2336,1091 2183,1125"/>
                <Baseline points="2189,1152 2239,1149 2289,1148 2340,1146 2390,1146 2441,1145 2491,1145 2542,1145 2592,1146 2643,1146 2693,1147 2743,1148 2794,1149 2844,1149 2895,1151 2945,1151 2996,1152 3046,1152 3097,1152 3147,1152 3198,1152"/>
                <TextEquiv>
                    <Unicode>10. b. Ihme schuldig verblieben, welche Er deß</Unicode>
                </TextEquiv>
            </TextLine>
            <TextLine id="r3l3" custom="readingOrder {index:3;}">
                <Coords points="2172,1235 2513,1199 2806,1247 2874,1211 2931,1243 3162,1236 3162,1176 3082,1158 2453,1186 2385,1154 2321,1181 2172,1165"/>
                <Baseline points="2178,1209 2226,1208 2275,1206 2324,1204 2373,1203 2422,1202 2471,1202 2519,1202 2568,1202 2617,1202 2666,1203 2715,1203 2764,1203 2813,1205 2861,1205 2910,1205 2959,1206 3008,1206 3057,1206 3106,1205 3155,1205"/>
                <TextEquiv>
                    <Unicode>Goßen Frauw deren Er auch 10 b schuldig,</Unicode>
                </TextEquiv>
            </TextLine>
            <TextLine id="r3l4" custom="readingOrder {index:4;}">
                <Coords points="2172,1267 2389,1298 2474,1263 2545,1265 2574,1285 2709,1276 2709,1231 2672,1214 2655,1231 2578,1232 2544,1206 2474,1242 2325,1214 2290,1237 2235,1218 2172,1235"/>
                <Baseline points="2178,1256 2204,1256 2230,1257 2256,1257 2283,1257 2309,1257 2335,1257 2361,1257 2388,1256 2414,1256 2440,1256 2466,1256 2493,1256 2519,1256 2545,1256 2571,1256 2598,1256 2624,1256 2650,1257 2676,1257 2703,1259"/>
                <TextEquiv>
                    <Unicode>einzuzeuchen übergeben</Unicode>
                </TextEquiv>
            </TextLine>
            <TextLine id="r3l5" custom="readingOrder {index:5;}">
                <Coords points="2170,1373 2410,1362 2475,1391 2604,1348 2782,1386 2863,1354 3171,1374 3152,1312 3027,1336 2967,1300 2755,1300 2602,1333 2170,1302"/>
                <Baseline points="2177,1356 2226,1355 2275,1353 2325,1353 2374,1352 2424,1352 2473,1352 2522,1352 2572,1352 2621,1352 2671,1352 2720,1352 2769,1352 2819,1353 2868,1353 2918,1353 2967,1355 3016,1355 3066,1355 3115,1356 3165,1356"/>
                <TextEquiv>
                    <Unicode>Ob Er in Gedachtem des Wuhrts Keller nit</Unicode>
                </TextEquiv>
            </TextLine>
            <TextLine id="r3l6" custom="readingOrder {index:6;}">
                <Coords points="2167,1437 2323,1414 2597,1443 3021,1434 3020,1361 2782,1386 2746,1355 2604,1349 2475,1391 2323,1359 2167,1383"/>
                <Baseline points="2174,1409 2216,1409 2258,1408 2300,1407 2342,1407 2384,1407 2426,1407 2468,1407 2510,1407 2552,1407 2594,1407 2636,1407 2678,1407 2720,1407 2762,1407 2804,1407 2846,1406 2888,1406 2930,1406 2972,1406 3014,1406"/>
                <TextEquiv>
                    <Unicode>auch Brodt, Anken und Obß genommen</Unicode>
                </TextEquiv>
            </TextLine>
            <TextLine id="r3l7" custom="readingOrder {index:7;}">
                <Coords points="2183,1509 2593,1486 2937,1522 3000,1486 3088,1517 3179,1490 3179,1431 2937,1469 2875,1438 2479,1434 2183,1468"/>
                <Baseline points="2190,1494 2239,1492 2288,1490 2337,1489 2386,1488 2435,1487 2484,1487 2534,1487 2583,1485 2632,1485 2681,1485 2730,1485 2779,1485 2828,1485 2878,1485 2927,1485 2976,1485 3025,1485 3074,1484 3123,1484 3173,1482"/>
                <TextEquiv>
                    <Unicode>Er wüße nit, Ob die Anderen, so auch mit Ihme</Unicode>
                </TextEquiv>
            </TextLine>
            <TextLine id="r3l8" custom="readingOrder {index:8;}">
                <Coords points="2175,1559 3064,1561 3180,1543 3180,1512 2551,1490 2368,1521 2254,1498 2175,1532"/>
                <Baseline points="2181,1548 2230,1547 2280,1545 2329,1544 2379,1542 2429,1542 2478,1541 2528,1541 2578,1539 2627,1539 2677,1539 2727,1539 2776,1539 2826,1539 2876,1538 2925,1538 2975,1538 3025,1538 3074,1538 3124,1536 3174,1536"/>
                <TextEquiv>
                    <Unicode>im Keller Gsin) etwann brodt und anken genom</Unicode>
                </TextEquiv>
            </TextLine>
            <TextLine id="r3l9" custom="readingOrder {index:9;}">
                <Coords points="2172,1613 2222,1601 2253,1628 2309,1597 2387,1617 2418,1604 2471,1625 2544,1595 2585,1601 2584,1543 2549,1542 2497,1573 2444,1561 2398,1580 2351,1548 2250,1571 2171,1556"/>
                <Baseline points="2178,1593 2203,1593 2228,1593 2253,1593 2278,1593 2303,1593 2328,1593 2353,1593 2378,1592 2403,1592 2428,1592 2453,1590 2478,1590 2503,1589 2528,1587 2553,1587 2579,1586"/>
                <TextEquiv>
                    <Unicode>men haben, oder nit</Unicode>
                </TextEquiv>
            </TextLine>
            <TextLine id="r3l10" custom="readingOrder {index:10;}">
                <Coords points="2160,1710 2508,1671 3005,1695 3164,1663 3162,1608 2874,1649 2785,1610 2741,1644 2493,1640 2417,1604 2274,1636 2157,1616"/>
                <Baseline points="2165,1685 2214,1683 2264,1682 2313,1679 2363,1678 2413,1676 2462,1674 2512,1673 2562,1671 2611,1671 2661,1670 2711,1668 2760,1667 2810,1665 2860,1665 2909,1664 2959,1662 3009,1661 3058,1659 3108,1658 3158,1656"/>
                <TextEquiv>
                    <Unicode>Repliciert, wie das seyn könne daß Er solches</Unicode>
                </TextEquiv>
            </TextLine>
            <TextLine id="r3l11" custom="readingOrder {index:11;}">
                <Coords points="2171,1734 2300,1749 2370,1720 2447,1764 2502,1725 2912,1748 3004,1718 3116,1757 3175,1726 3174,1668 2997,1704 2506,1672 2371,1710 2281,1681 2170,1706"/>
                <Baseline points="2177,1730 2226,1728 2276,1728 2325,1727 2375,1725 2424,1725 2474,1724 2523,1724 2573,1722 2622,1722 2672,1721 2722,1721 2771,1721 2821,1721 2870,1719 2920,1719 2969,1718 3019,1718 3068,1718 3118,1716 3168,1716"/>
                <TextEquiv>
                    <Unicode>it wüße Er habe Ja alles zusamen, als Kaß</Unicode>
                </TextEquiv>
            </TextLine>
            <TextLine id="r3l12" custom="readingOrder {index:12;}">
                <Coords points="2160,1808 2440,1775 3163,1781 3162,1746 3001,1733 2655,1750 2594,1723 2447,1764 2392,1726 2335,1767 2281,1731 2229,1757 2160,1737"/>
                <Baseline points="2166,1784 2215,1783 2265,1782 2314,1781 2364,1779 2413,1779 2463,1778 2512,1776 2562,1775 2611,1774 2661,1773 2710,1773 2760,1772 2809,1772 2859,1772 2908,1772 2958,1772 3007,1772 3057,1773 3106,1773 3156,1776"/>
                <TextEquiv>
                    <Unicode>brodt, Ancken e auf ein Schlittlin geladen und</Unicode>
                </TextEquiv>
            </TextLine>
            <TextLine id="r3l13" custom="readingOrder {index:13;}">
                <Coords points="2159,1842 2330,1839 2402,1872 2574,1826 2617,1852 2778,1819 2860,1851 3180,1834 3179,1800 3123,1783 2158,1810"/>
                <Baseline points="2165,1838 2215,1836 2265,1835 2316,1834 2366,1833 2417,1832 2467,1830 2517,1829 2568,1828 2618,1827 2669,1826 2719,1824 2769,1824 2820,1823 2870,1823 2921,1823 2971,1823 3021,1823 3072,1824 3122,1824 3173,1826"/>
                <TextEquiv>
                    <Unicode>darmit Vorthgefahren, und denen anderen Ver¬</Unicode>
                </TextEquiv>
            </TextLine>
            <TextLine id="r3l14" custom="readingOrder {index:14;}">
                <Coords points="2147,1923 2341,1885 2688,1905 2885,1875 3138,1910 3162,1858 3080,1828 2963,1856 2808,1827 2692,1861 2451,1842 2370,1871 2146,1851"/>
                <Baseline points="2153,1890 2203,1889 2253,1889 2303,1887 2353,1886 2403,1885 2453,1884 2503,1883 2553,1883 2603,1881 2654,1880 2704,1880 2754,1878 2804,1878 2854,1877 2904,1877 2954,1877 3004,1877 3054,1877 3104,1877 3155,1877"/>
                <TextEquiv>
                    <Unicode>sprochen morndrigen Tags etwas an geldt Ihnen</Unicode>
                </TextEquiv>
            </TextLine>
            <TextLine id="r3l15" custom="readingOrder {index:15;}">
                <Coords points="2164,1965 2289,1943 2387,1971 2524,1949 2905,1967 3000,1953 2999,1906 2867,1881 2821,1913 2653,1884 2162,1910"/>
                <Baseline points="2169,1944 2210,1943 2251,1943 2292,1941 2333,1941 2375,1940 2416,1940 2457,1938 2498,1937 2539,1937 2581,1935 2622,1934 2663,1933 2704,1932 2745,1931 2787,1929 2828,1928 2869,1928 2910,1926 2951,1925 2993,1923"/>
                <TextEquiv>
                    <Unicode>Zubring für Ihren Theill zu bringen</Unicode>
                </TextEquiv>
            </TextLine>
            <TextLine id="r3l16" custom="readingOrder {index:16;}">
                <Coords points="2153,2035 2194,2011 2222,2017 2243,2005 2263,2016 2279,2008 2304,2020 2317,2010 2355,2022 2353,1942 2319,1949 2284,1943 2254,1953 2237,1970 2220,1974 2185,1962 2152,1977"/>
                <Baseline points="2159,2003 2186,2004 2213,2004 2240,2003 2267,2003 2294,2001 2321,2001 2348,2000"/>
                <TextEquiv>
                    <Unicode>Antwort.</Unicode>
                </TextEquiv>
            </TextLine>
            <TextLine id="r3l17" custom="readingOrder {index:17;}">
                <Coords points="2249,2072 2510,2094 2567,2065 2643,2095 2746,2069 2803,2102 2829,2078 3152,2079 3152,2018 3074,2008 2677,2037 2612,2010 2495,2045 2249,2017"/>
                <Baseline points="2255,2066 2299,2066 2344,2064 2388,2064 2433,2064 2477,2064 2522,2064 2566,2066 2611,2066 2655,2066 2700,2066 2745,2066 2789,2066 2834,2066 2878,2066 2923,2066 2967,2066 3012,2064 3056,2064 3101,2062 3146,2060"/>
                <TextEquiv>
                    <Unicode>Mein, Er habe nichts weggeführt, sonderen</Unicode>
                </TextEquiv>
            </TextLine>
            <TextLine id="r3l18" custom="readingOrder {index:18;}">
                <Coords points="2165,2124 2733,2147 2794,2116 3077,2139 3165,2115 3103,2071 2803,2100 2747,2070 2513,2095 2424,2070 2380,2101 2165,2068"/>
                <Baseline points="2171,2117 2220,2115 2269,2115 2319,2115 2368,2115 2417,2115 2467,2115 2516,2115 2565,2115 2615,2115 2664,2115 2713,2115 2763,2115 2812,2115 2861,2115 2911,2115 2960,2114 3009,2114 3059,2114 3108,2112 3158,2111"/>
                <TextEquiv>
                    <Unicode>Wie verdeutet, alles waß Er für seinen Antheil</Unicode>
                </TextEquiv>
            </TextLine>
            <TextLine id="r3l19" custom="readingOrder {index:19;} person {offset:32; length:7;}">
                <Coords points="2164,2173 3127,2185 3127,2124 2913,2144 2794,2116 2612,2155 2557,2122 2450,2151 2164,2128"/>
                <Baseline points="2171,2165 2218,2165 2265,2165 2313,2166 2360,2166 2408,2166 2455,2168 2503,2168 2550,2168 2598,2168 2645,2168 2692,2169 2740,2168 2787,2168 2835,2168 2882,2168 2930,2167 2977,2166 3025,2165 3072,2164 3120,2163"/>
                <TextEquiv>
                    <Unicode>hekommen dem Alten Mann und des Träyers</Unicode>
                </TextEquiv>
            </TextLine>
            <TextLine id="r3l20" custom="readingOrder {index:20;}">
                <Coords points="2162,2242 2439,2220 2695,2251 2827,2221 2865,2252 2944,2227 3032,2250 3154,2235 3154,2172 3039,2204 2890,2172 2162,2185"/>
                <Baseline points="2168,2225 2219,2223 2271,2223 2322,2222 2374,2222 2425,2222 2477,2222 2528,2223 2580,2223 2631,2223 2683,2225 2734,2225 2786,2225 2837,2225 2889,2225 2940,2225 2992,2223 3043,2222 3095,2219 3147,2217"/>
                <TextEquiv>
                    <Unicode>Mutter verkauft, und stehe das Schlittlin, wel¬</Unicode>
                </TextEquiv>
            </TextLine>
            <TextLine id="r3l21" custom="readingOrder {index:21;} person {offset:9; length:7;}">
                <Coords points="2156,2297 2323,2272 2446,2304 2633,2283 2760,2313 2849,2281 3132,2305 3132,2233 3101,2229 2997,2257 2391,2220 2157,2244"/>
                <Baseline points="2163,2274 2211,2274 2259,2274 2307,2273 2355,2274 2403,2274 2451,2274 2500,2274 2548,2276 2596,2276 2644,2277 2692,2277 2740,2277 2788,2277 2837,2279 2885,2277 2933,2277 2981,2277 3029,2275 3077,2274 3126,2271"/>
                <TextEquiv>
                    <Unicode>ches des Frayers Sohn daher gebracht, noch Vor</Unicode>
                </TextEquiv>
            </TextLine>
            <TextLine id="r3l22" custom="readingOrder {index:22;}">
                <Coords points="2139,2353 2177,2360 2206,2339 2245,2334 2288,2362 2324,2355 2374,2365 2404,2341 2435,2357 2443,2355 2441,2294 2371,2277 2348,2295 2325,2285 2287,2304 2190,2278 2157,2302 2136,2294"/>
                <Baseline points="2144,2336 2170,2332 2196,2329 2223,2327 2249,2325 2276,2324 2302,2323 2329,2322 2355,2322 2382,2322 2408,2322 2435,2324"/>
                <TextEquiv>
                    <Unicode>Ihrem hauß.</Unicode>
                </TextEquiv>
            </TextLine>
            <TextEquiv>
                <Unicode>N0 7
Ihme darfür alsobald 16: b. geben, und noch
10. b. Ihme schuldig verblieben, welche Er deß
Goßen Frauw deren Er auch 10 b schuldig,
einzuzeuchen übergeben
Ob Er in Gedachtem des Wuhrts Keller nit
auch Brodt, Anken und Obß genommen
Er wüße nit, Ob die Anderen, so auch mit Ihme
im Keller Gsin) etwann brodt und anken genom
men haben, oder nit
Repliciert, wie das seyn könne daß Er solches
it wüße Er habe Ja alles zusamen, als Kaß
brodt, Ancken e auf ein Schlittlin geladen und
darmit Vorthgefahren, und denen anderen Ver¬
sprochen morndrigen Tags etwas an geldt Ihnen
Zubring für Ihren Theill zu bringen
Antwort.
Mein, Er habe nichts weggeführt, sonderen
Wie verdeutet, alles waß Er für seinen Antheil
hekommen dem Alten Mann und des Träyers
Mutter verkauft, und stehe das Schlittlin, wel¬
ches des Frayers Sohn daher gebracht, noch Vor
Ihrem hauß.</Unicode>
            </TextEquiv>
        </TextRegion>
        <TextRegion orientation="0.0" type="marginalia" id="TextRegion_1686907115731_1918" custom="readingOrder {index:3;} structure {type:marginalia;}">
            <Coords points="2064,1256 2156,1256 2156,1548 2064,1548"/>
            <TextLine id="r2l2" custom="readingOrder {index:0;}">
                <Coords points="2056,1363 2069,1366 2081,1358 2102,1381 2109,1379 2124,1394 2142,1397 2154,1289 2134,1282 2120,1282 2114,1287 2105,1282 2093,1292 2064,1288"/>
                <Baseline points="2064,1355 2089,1362 2114,1364 2139,1364"/>
                <TextEquiv>
                    <Unicode>E.</Unicode>
                </TextEquiv>
            </TextLine>
            <TextLine id="r2l3" custom="readingOrder {index:1;}">
                <Coords points="2112,1548 2121,1547 2124,1543 2135,1544 2144,1537 2155,1520 2165,1518 2151,1447 2144,1450 2138,1447 2126,1460 2110,1466 2105,1464 2096,1469"/>
                <Baseline points="2111,1511 2156,1502"/>
                <TextEquiv>
                    <Unicode>R.</Unicode>
                </TextEquiv>
            </TextLine>
            <TextEquiv>
                <Unicode>E.
R.</Unicode>
            </TextEquiv>
        </TextRegion>
    </Page>
</PcGts>
