4032 3024
1949 1036 1951 1036 Hier auf ward auch vorgelaßen vndt
1264 881 1784 1017 Christen Dantzler
1001 1072 1009 1114 Hier auf ward auch vorgelaßen vndt
1009 1130 1011 1166 examiniert Christen dantzler Ein Junger
1006 1162 1014 1231 Gesell außem Eggintyl bürtig, und demnach
1007 1230 1016 1290 befragdt.
986 1296 1018 1357 Vielang es seye, daß Er mit dem Roht
956 1432 999 1520 H
953 1888 1006 1999 2
1001 1516 1015 1567 sondernn erst ohnlengsten zu Thun, alda Er
1000 1620 1011 1658 kennen, Ihne angetroffen mit Ihme Khundsame
942 1723 1025 1794 Waß Er droben zu Thun gemacht? Auch
1003 1773 1008 1787 wie und auß was anlas der Rohlmetzger
994 2039 1005 2091 und etwas verdienen könne, da habe Er den
989 2098 1001 2142 Rohtmetger vor der Statt angetroffen, welcher
973 2168 996 2219 Ihne angeredt und gefragdt, wo Er außwolle
1008 1028 1950 1134 Hier auf ward auch vorgelaßen vndt
1010 1095 1990 1207 examiniert Christen dantzler Ein Junger
1011 1150 2042 1273 Gesell außem Eggintyl bürtig, und demnach
1014 1205 1206 1294 befragdt.
1016 1285 1994 1398 Vielang es seye, daß Er mit dem Roht
1026 1335 1700 1437 netzgerkhandtschafft gemacht?
1001 1891 1010 1925 2
1031 1431 2014 1527 Er habe den Rohtmetzger hievor nitgkennt
1007 1490 2010 1583 sondernn erst ohnlengsten zu Thun, alda Er
1013 1547 2008 1643 nechst vor der Statt zu Ihme kommen gelehrt
1003 1596 1959 1696 kennen, Ihne angetroffen mit Ihme Khundsame
1033 1639 1202 1716 gemächt.
1009 1690 1999 1814 Waß Er droben zu Thun gemacht? Auch
1003 1768 2004 1879 wie und auß was anlas der Rohlmetzger
1012 1812 1621 1915 daselbsten zu Ihme kommen.
1017 1911 1939 2039 Er habe sich hinauf zur Cander begeben
1007 1976 1970 2097 Wollen Zusuchen Ob Er dorthen arbeit finden
1001 2026 1970 2164 und etwas verdienen könne, da habe Er den
997 2098 2012 2227 Rohtmetger vor der Statt angetroffen, welcher
992 2168 1990 2262 Ihne angeredt und gefragdt, wo Er außwolle
1786 2275 2009 2365 Nachdem
2256 968 3260 1084 Machdeme Er nun dem Mutzger, daß Er
2262 1043 3270 1138 zur Lander gan arbeit suchen wolle ange¬
2260 1108 3275 1196 zeigt, habe der Mutzgen gesagdt Er solle
2257 1166 3269 1270 Wahrten, Es seie Intzunder Erlenbacher
2254 1228 3298 1311 Maritz und komen allezeit frömbde Mitz¬
2257 1277 3318 1383 ger dahin welche daselbsten viel Veichkauff
2254 1339 3306 1418 sie konnen ebwann Ein haupt Reich erwut¬
2261 1416 3288 1500 shrn diesem deß Metzgers bösei angebe
2239 1461 3265 1561 habe Er heder gevolget, Vnd als die Leuthe
2260 1522 3236 1613 mit dem Reich vom Erlenbacher Marit
2263 1582 3267 1684 kommen, seyen sie denenselben als genach
2256 1640 3268 1746 bißgen Munsingen nach gangen, daselbste
2237 1697 3252 1797 sie sich bey der Kirchen auff einen bauck ge¬
2247 1759 3094 1855 setzt, und als anfangen nacht glde
2243 1816 3271 1923 und sie die Leuth im Wuhrtshauß gehördt
2248 1881 3243 1988 schregen und ein Muestes wesen machen
2242 1941 3235 2039 habend Sie denen Reichhandleren ein stuck
2257 1996 3260 2094 Veich nomen wollen, habend aber zu allem
2246 2055 3246 2160 ungluck des ruhrts Kuhe genomen und
2237 2130 3216 2226 solche zu des Netzgers Keuthen gebracht,
2249 2178 3233 2300 die Ihnen noch dar zu vnderschlauf geben
2246 2243 3230 2373 anstatt selbige Ihnen als Jungen gesellen
3065 2340 3244 2436 solches
