4032 3024
1156 989 1231 1054 tes
1107 1000 1694 1114 . Examen mit
808 1031 900 1127 270
1068 1099 1915 1229 teter Hooffmann von Lattrigen
801 2206 865 2321 E
915 1435 919 1489 Vnß in die Gefangenschafft begeben daselb¬
911 1588 914 1658 Kinder Hydaunt bekanndten seithero aber
769 1912 902 1998 selbste olches einen Muller verkaufft
872 2020 898 2067 Antwort. Ja Er habe kohrn gan Biel ge¬
944 1216 1833 1361 an 17. Juli 1733. habend zu volg
925 1301 1882 1420 Oberkeitlichen Befelchs, Mn nthl. Groß
1226 1209 1233 1211 teter Hooffmann von Lattrigen
925 1392 1854 1474 weibel Im hooff und der Grichtschreiber
917 1435 1928 1532 Vnß in die Gefangenschafft begeben daselb¬
923 1479 1906 1592 sten den darinnen enthaltenen Peter hoff¬
929 1546 1846 1651 mann Schmidt zu Latzigen, wegen der
911 1588 1865 1704 Kinder Hydaunt bekanndten seithero aber
920 1656 1890 1768 wider gelaugneten diebstählen zu Convin
913 1722 1660 1826 cieren und bekandtlich zumachen
917 1771 1786 1896 Ward also derselbe Erstlich Gefragdt
914 1837 1887 1968 Ob Er nit Kohrn nach Biel geführt und da¬
899 1912 1665 2006 selbste olches einen Muller verkaufft
897 2000 1812 2110 Antwort. Ja Er habe kohrn gan Biel ge¬
899 2069 1827 2154 führt und solches einem Müller seinem
899 2115 1345 2206 Gefatter Verkauft
917 2188 1892 2319 No Er dieses Kohrn bekommen und Ob Er das
906 2269 1530 2369 selbige nit entwendt habe:
1631 2365 1753 2481 H.
2022 1128 2087 1214 d.
2089 1214 2092 1257 seinem Knecht gekauft und 6. P. darfür be¬
2090 1257 2092 1282 zahlt
2014 1313 2092 1426 Repliciert, daß seye mit die Wahrheit, dann
2090 1632 2092 1675 hannß zu Kauffelen habe Ihmeselbiges Ver¬
2089 1820 2092 1884 ohngefehrt b. Wuchen darnach habe Er von
2083 2335 2092 2401 Knecht, habe das Kohrn bey 14. Tagen lang
2034 2120 2076 2194 i
2108 1094 3078 1220 Er haabe selbiges nit entwendt, sonderen von
2092 1167 3075 1270 seinem Knecht gekauft und 6. P. darfür be¬
2092 1244 2230 1329 zahlt
2092 1282 3090 1420 Repliciert, daß seye mit die Wahrheit, dann
2102 1362 3090 1464 wo sein Knecht wolte das Kohrn hergenommen
2094 1404 3083 1521 haben, daß Er Ihme hätte kohrn können ver¬
2099 1483 2262 1565 lauffen
2111 1508 3107 1659 Sein Knecht habe Ihm Vorgeben der Thurli
2092 1588 3096 1697 hannß zu Kauffelen habe Ihmeselbiges Ver¬
2094 1641 3043 1755 kauft, welches Er anfangs geglaubt und
2093 1702 3112 1803 deßt wegen Ichme das Kohrn abgekaufft, aber
2092 1754 3050 1884 ohngefehrt b. Wuchen darnach habe Er von
2097 1814 3109 1928 dem Thürli hannß das Widerspihl vernommen
2096 1873 3059 1983 und verstanden daß es sein Knecht gestohlen
2097 1930 3087 2031 habe, allein damahls habe Er das Gewachs
2102 1998 2469 2098 nit mehr gehabt.
2110 2054 3101 2185 Ob Er zu vor nit gemußt, daß das Kohrn ge¬
2095 2150 2460 2256 stohlen worden
2098 2212 3060 2350 Mein Er habe es nit gewaßt, dann der
2092 2285 3033 2410 Knecht, habe das Kohrn bey 14. Tagen lang
2889 2358 3084 2453 im §. h.
