4032 3024
931 967 1922 1080 222. Ob Er nit auch Einen Nahmens Otz von
931 1036 1560 1131 Diebolcschausen kenne
964 1086 1918 1208 E kenne denselben mit Vßert daß¬
953 1173 1894 1273 Er ihne Einmahl an Einem Ambeyler
944 1231 1315 1319 Mahl gesehen.
934 1330 1909 1460 Nachdeme nun Mehhl. die Examinator
941 1414 1906 1513 disem All Müller befohlenein Benng
947 1471 1903 1584 abzutretten, und derselbe villeicht
935 1538 1896 1637 vermeint, daß es abermahlen vmb
939 1601 1890 1712 3ie Marter zuthun seyn wrde, hat er
940 1665 1875 1785 begehrt, widrumb hinein gelaßen zu
935 1730 1888 1834 werden, da Er dan bey seinem Eintritt
939 1794 1912 1913 gesagt, daß Er sein herz allerdings¬
932 1866 1824 1963 Raumen wolle, und darauff ange¬
947 1928 1909 2041 zeigt, Er bekenne und gestehe, daß Er
936 1996 1892 2101 und der Stiffelmacher hauß Lermann
939 2059 1898 2167 mit Einanderen haben wollen gelt
943 2130 1866 2226 machen, und zwar halb gulden, allein
936 2192 1861 2300 Sie habend nichts herauß bringen können
933 2263 1871 2389 2 Wie Sie es gemacht, und wad für Mater, Sie
933 2341 1266 2427 darzu genommen
1628 2360 1792 2474 I Sie
804 973 931 1065 222. Ob Er nit auch Einen Nahmens Otz von
931 1045 931 1057 Diebolcschausen kenne
929 1905 932 1936 Raumen wolle, und darauff ange¬
875 2288 933 2354 2 Wie Sie es gemacht, und wad für Mater, Sie
932 2348 933 2426 darzu genommen
1987 1013 2102 1122 213 2
2069 1478 2140 1581 21
2067 1577 2124 1650 2
2010 1811 2142 1894 Replicii
2044 2044 2112 2161 2
2121 991 3164 1100 Sie habend Erz. Küpfer, Mosch und zim Zusame
2138 1055 3168 1156 in Einen Sigel geschnäzt, und solches in Einem
2116 1121 3154 1226 bald im Schurpach graben geschmelzt und¬
2121 1176 3156 1270 hernach in eiserne gießflashen gegoßen
2923 1224 3054 1272 die haben
2135 1231 3151 1315 und 6. halb gulc gemacht, allein so oust
2139 1314 3129 1397 außgesechen, daß Sie kein Mensch genomen
2123 1336 3125 1441 hätte derowegen Sie selbige wider einge¬
2131 1435 2326 1517 schmelzt
2147 1460 2987 1572 Wo sie die gießfläschen harbekommen
2153 1513 3142 1632 er gold schind Lanz kein von Thum habe
2114 1572 3163 1708 Ihme dieselbigen verEhrt, die Er nachwerte
2148 1638 3123 1773 dem Christen Winkler zu hilterfingen
2132 1754 2301 1840 geben
2180 1750 3099 1885 Es seye darbey nicht gebliben, Er habe
2158 1834 3117 1928 lage handwert viel zulang getriben
2146 1888 3150 2014 daß Er nur 6. halb gulc solte gemacht
2139 1987 2287 2073 haben
2136 1997 3166 2142 Das seye alles das Er gemacht, nunmehr
2143 2090 3099 2190 habe Er alles bekent und wuße ganz in
2145 2140 3133 2237 gar nichts weiters Gottwuße ein herz,
2137 2197 3047 2323 und daß Er alles angezeigt habe.
