4032 3024
777 1246 956 1389 befrage
833 1548 909 1667 .
859 1704 910 1805 z
846 1849 916 1963 d
854 2202 916 2278 2
838 2291 912 2372 R
1179 952 1858 1095 rauff ward auch zur
1015 963 1310 1080 Stamina
1043 1045 1861 1141 Confrontation vorgelaßen
1042 1105 1888 1203 Cheisten Ingold der Sohn seines
1035 1164 1877 1263 alters by dreysin Jahren vnd
1283 1227 1546 1331 demnach.
975 1292 1931 1408 Shr die renige Stämpfel mit denen sein
957 1362 1903 1473 Vatter falsche Kreizer und Rappen ge¬
937 1427 1921 1533 schlagen, gemacht und seinem Vatter geben
945 1498 1063 1579 habe,
957 1539 1891 1649 Ja Er habe Sie gemacht und dem Vatter
935 1625 1095 1730 geben
949 1680 1896 1806 Sie langes seye, daß Er dise Stempfel
925 1770 1737 1867 gemacht und gebraucht habe?
949 1843 1908 1958 Er habe die Stampfel erst nach geEn¬
941 1923 1903 2027 detem Krieg aupfangen machen, und
921 1982 1917 2078 seye etwan 7. Wochen, daß Er dieselbi¬
926 2047 1878 2150 genvollens außgemacht und ge¬
922 2116 1236 2205 braucht habe
928 2162 1904 2280 Wie viel und dar für Stämpfel Er alles ge¬
929 2244 1168 2315 macht habe.
925 2283 1859 2402 Er habe in allem Vier Stämpfel gemacht
1829 2332 1888 2437 b
2109 971 3154 1103 Alß nämlich zu dem Kreuzer zween, einen
2103 1048 3151 1139 oben und einen unden, und zweenKappen
2101 1630 2104 1652 2
2100 1090 3093 1207 stempfel. Er habe dem Vatter den Rapge
2109 1155 3142 1256 den Naphpen (tämpfel außgestohen vnd
2096 1216 3138 1330 den Kreuzer Stämpfel haben Sie mitein¬
2121 1275 3124 1410 inderen gemacht; ohngefehrd by einem
2102 1345 3115 1463 thaler habend sein Vatter und Er ins ge¬
2113 1404 2476 1500 mein gemacht.
2105 1439 3097 1598 Wo Er die Krenzer hingethan und Ver¬
2100 1535 2455 1647 braucht habe
2138 1565 3103 1724 ee habe den Nachbarlenten umb Saltz
2101 1614 3149 1776 Anfen, oder was Sie Vonnoten gehabt, dar¬
2102 1749 2255 1833 vongeben
2103 1720 3172 1875 2ob Er mit auch andere alß etwan zurich oder¬
2120 1815 2835 1943 daßber munz gemacht habe.
2104 1877 3147 2001 R. Nein Er habe sein Lebtag keine dergleichen
2106 1966 2520 2070 munz gemacht.
2105 1993 3169 2133 2. Ob Er dan nit auch stämpfel zu Saßler oder
2115 2081 3127 2208 Zurich nunz alß 2. schilliger Plappert
2107 2171 2799 2279 oder Zurich schilling gemacht.
2107 2219 3098 2339 R. Nein er habe keine Stämpfel zu Baßler
2110 2285 3012 2401 oder zuwich munz nimahlen gemacht.
2012 997 2073 1115 169
2043 1361 2095 1447 C
2026 1490 2094 1585 9
2027 1616 2101 1729 2
2093 1249 2097 1331 den Kreuzer Stämpfel haben Sie mitein¬
2099 1584 2100 1609 braucht habe
2096 1698 2102 1777 Anfen, oder was Sie Vonnoten gehabt, dar¬
2050 1753 2103 1841 vongeben
2063 1830 2103 1879 2ob Er mit auch andere alß etwan zurich oder¬
2046 1931 2105 2003 R. Nein Er habe sein Lebtag keine dergleichen
2048 2054 2106 2136 2. Ob Er dan nit auch stämpfel zu Saßler oder
2103 2202 2107 2246 oder Zurich schilling gemacht.
2029 2252 2108 2341 R. Nein er habe keine Stämpfel zu Baßler
