4032 3024
975 1022 1939 1117 Anders nichts bekennen wollen. Als Waß
959 1082 1945 1191 Er bereits in hievoriger Vergicht vom 29ten
956 1137 1930 1241 hujus angezeigt, beharrete auch steiß vnd
968 1194 1947 1291 Vest, daß Er den Tag seines lebens einihen
947 1252 1904 1350 Weiteren diebstahl nicht begangen und so
944 1314 1933 1412 Er mehrers sagen thate wurde Er Ihme selb
944 1355 1924 1461 sten unrecht thun. Mit dieser Erläuther¬
964 1406 1923 1508 ung und Zusatz über seine Vormahlige be¬
953 1473 1895 1570 kandtnuß daß der Hanns Meyer von
953 1524 1849 1625 Blumenstein Welcher Teusch und welsch
955 1583 1872 1665 reden könne Ihme geholffen die Jenigen
941 1626 1878 1735 3. Pferdt, so Er Meÿer und der Christen
953 1690 1866 1802 Burck den Baunren zu allmendingen
947 1742 1891 1847 genommen, hinder kenwenburg nach code
945 1800 1893 1904 zu führen, so der Schmidt daselbsten Vnd
947 1865 1922 1971 andere Leuth mehr werden zeugen können.
970 1932 1900 2027 Denne daß Er außert denen, Imhhl. Ven¬
948 1985 1928 2090 neren Frisching, zu Langnauw entwendten
932 2050 1919 2148 hievor angezeigten sachen noch eine Goldwang
935 2093 1888 2192 genomen, so Er zu Thun umb 8. batzen ver¬
931 2141 1082 2239 haußt.
972 2189 1896 2323 diesere seine begangene Mißethaten nun
1702 2292 1858 2370 setzend
2186 1024 3190 1132 seyend Ihme von Hertzen leid, bätte Gott
2491 1320 2622 1340 23tes
2183 1099 3179 1183 und eine hoche Oberkeit vmb Bnad vndt
2162 1148 3178 1244 Verzeichung auch in betrachtung seines
2180 1220 3162 1293 Armen Weibs und Zweyer unerzognen
2174 1258 3197 1352 kleinen Kinderen vmb eine Gnädige urtheil
2058 1002 2145 1100 115
2122 1527 2436 1557 Alß Muhl. Rahts Herr Frishing
2491 1340 2621 1437 23tes
2652 1384 2865 1459 Kamen
2362 1429 3080 1524 mit hievorgemeltem Dauis
2563 1482 2787 1571 Staußer
2122 1557 3171 1655 Alß Muhl. Rahts Herr Frishing
2165 1614 3183 1712 sub 2ten Aprilis sich mit vorgemelten Ihr
2163 1669 3131 1764 Gkl. Dieneren des Hre Großweibes
2180 1727 3131 1818 und Grichtschreibers widrumb in die
2161 1781 3133 1883 Gefängenschafft begeben und Zu volg
2166 1846 3129 1936 eines sonderbahr erfruschten befelchs¬
2170 1900 3192 1998 diesen Stauser Anfengtlich mit ernstlichen
2163 1961 3124 2055 Betröuwung, volgends auch seylen Er
2165 2009 3135 2112 nichts weiters bekandtlich seyn wollen
2156 2082 3197 2170 bey anwendung der Marter und auhf
2162 2130 3166 2215 henckung des 25. A 2 steins Hefragdt
2152 2202 3131 2296 Ob Ihme dann nit bekandt gewesen, daß
2162 2276 3120 2348 die Jenigen 3. Pferdt, so Er dem Hanns
2960 2332 3114 2400 Mevor
