4032 3024
730 1599 802 1718 2
801 1163 808 1252 gehen, da Er nun am Morgen die fuhli hin
802 1248 807 1296 außgezagdt, habe Er hinden aben auf die
803 1290 806 1350 Stieren weyd begeben, daselbsten ein kleines
803 1349 805 1400 Stierlich so seines Vatters Bruder dem Peter
804 1404 1855 1521 Bücher zugehorig, mit einer Rahrschnur
803 1472 804 1519 an ein Reckholterstuden gebunden allein
794 1517 803 1603 das Stierlin habe nit wollen still halten
788 1985 797 2052 ehabt
770 2119 795 2217 2. Ob Er sich nit entbloßt und sein Glied cher¬
779 2207 794 2262 Vorgezogen
729 2038 776 2120 R
713 992 787 1089 336
802 1600 808 1649 2
815 1077 1856 1219 Es seye Ichm in Sinkomen die that zu be¬
807 1163 1874 1286 gehen, da Er nun am Morgen die fuhli hin
806 1223 1844 1332 außgezagdt, habe Er hinden aben auf die
805 1289 1895 1390 Stieren weyd begeben, daselbsten ein kleines
805 1346 1877 1470 Stierlich so seines Vatters Bruder dem Peter
803 1404 805 1472 Bücher zugehorig, mit einer Rahrschnur
803 1472 1815 1568 an ein Reckholterstuden gebunden allein
802 1517 1744 1637 das Stierlin habe nit wollen still halten
833 1614 1859 1732 Ob Er nit etwas genomen daß Er darauff
803 1684 1132 1781 stehen könne
812 1760 1651 1877 kein das Stierlin seye gar klein
848 1891 1832 2008 Ob Er sein Schamglied dem Veich am leib
796 1963 964 2061 ehabt
807 2047 955 2135 Nein
794 2125 1846 2242 2. Ob Er sich nit entbloßt und sein Glied cher¬
794 2200 1051 2298 Vorgezogen
806 2294 1000 2379 Nein
1582 2359 1732 2482 Rept.
2051 1139 2081 1209 Repliciert, der Bericht der Jenigen Leuthen
2075 1209 2079 1272 die Ihn bey dem Stierlin angetroffen, Laute
2075 1285 2077 1334 daß sie Ihn müßen in entblößter gestalt
2067 1329 2076 1422 gesechen haben mit ernstlichem ermahnen
2009 1469 2069 1587 A
2021 1617 2067 1726 D
1945 2176 2051 2281 D.
2043 1802 2062 1867 hierauff sagdte Er anfangs, daß als das Stier¬
2058 1878 2060 1914 Ein nit still halten wollen seye Ihn einreinen
2053 1938 2058 1969 ankomen Er solle die that nit thun, es seye gar
2056 1979 2057 2011 ein große undt, nachwehrts aber gestühnde
2037 2020 2056 2105 Er, daß wann das Stierlin still gehalten,
2048 2120 2053 2159 hätte Er sein Glied hervorgezogen.
1972 2329 2047 2463 d. Ja.
2079 1113 3047 1249 Repliciert, der Bericht der Jenigen Leuthen
2078 1209 3059 1306 die Ihn bey dem Stierlin angetroffen, Laute
2076 1256 3034 1365 daß sie Ihn müßen in entblößter gestalt
2073 1323 3012 1431 gesechen haben mit ernstlichem ermahnen
2069 1565 2071 1582 A
2065 1617 2083 1710 D
2051 2187 2052 2188 D.
2084 1386 2601 1483 solches nit zuleugnen
2113 1469 3043 1590 Er habe sein Glied gar mit her vorgezogen
2082 1547 2428 1643 noch entbloßt.
2104 1621 3031 1745 Waß dann die ursach, daß solches nit ge¬
2101 1703 2296 1804 sechen.
2060 1802 3054 1882 hierauff sagdte Er anfangs, daß als das Stier¬
2059 1845 3053 1941 Ein nit still halten wollen seye Ihn einreinen
2057 1895 3033 2004 ankomen Er solle die that nit thun, es seye gar
2056 1956 3042 2060 ein große undt, nachwehrts aber gestühnde
2054 2009 2967 2111 Er, daß wann das Stierlin still gehalten,
2052 2077 2878 2186 hätte Er sein Glied hervorgezogen.
2060 2166 3009 2272 Ob dieses das Erstemahl, daß Er die that
2051 2257 2434 2350 begehen wollen
2043 2330 2182 2465 d. Ja.
1972 1059 2071 1179 987
