4032 3024
751 1125 830 1136 916.
737 1405 832 1540 E.
756 1572 798 1696 E
712 1950 800 2086 J
849 1081 1912 1229 gesagdt, Er wüße wo sie seye, und wolle Ihns
855 1155 1901 1293 dahin führen, habe Ihns aber in die gefangen¬
839 1235 1875 1354 schaft geführt. Es seye gantz unschuldig gsin
839 1282 1859 1416 und von der Tschiffelenen diebstahl nichts ge¬
854 1345 1001 1438 bußt.
862 1423 1838 1547 36 Es nit auch der Tschiffelenn geholfen
838 1503 1460 1605 an anderen ohrten stählen
827 1565 1853 1692 Nein der Tschiffelenen habe es mit helffen
820 1650 1880 1756 stehlen, wohl aber zwey stücklin Zeug, als eine
814 1716 1824 1806 Brannt Cassaggen und eine Veste Verk so sie
808 1769 1846 1876 Ihme geben, verkauft allein im übrigen seye
821 1829 1866 1931 es nit alleZeit bey Jhragsin, sonderen auch offt¬
826 1894 1872 1984 mahls hin und au oder bey den banoren gewerchet.
827 1975 1780 2089 Wie es hergangen mit dem Diebstahl so¬
823 2054 1797 2155 dem Weibel zu Reichenbach auf der Landt
813 2112 1217 2207 garben beschechen.
799 2180 1823 2284 Anfängklich gabe es hierüber vor daß als es
805 2263 1830 2358 denen Lechen Leuthen bey Stuckishauß helffen
791 2310 1806 2392 häuen, habe es gesechen, daß die Ebtschiffelenen
1651 2378 1757 2454 das
744 1037 829 1125 916.
1970 1078 2040 1157 117
2061 1074 3157 1205 das Gestohlne Zeug dahin zu Stuckis haußge¬
2072 1164 3087 1262 hracht, solches habe es dem Weibel angezeigt.
2053 1224 3169 1312 Nachwehrts aber auf erzeigten Ernst, Bekennte
2062 1283 3133 1382 es daß die Rschiffelenen Ihme befohlen bey Stu¬
2056 1358 3155 1440 dis Hauß zu wahrten in deßen wolle Sie schanwe
2067 1417 3144 1508 daß Sie in des Weibels hauß etwas auff der
2046 1449 3155 1561 Landtgarben et was erwütschen könne, dar auß
2054 1511 3089 1610 sie ein Rock und ein Wullhembd dahar ge¬
2059 1588 2196 1676 bracht
2082 1643 3118 1745 Ob die Tschiffelenen nit allwegen von de
2062 1720 3144 1823 nen gestohlnen sachen Ihme auch seinen Antheil
2055 1785 2196 1848 geben
2066 1829 3140 1952 Sie habe Ihm allwegen zu Eßen darvon geben
2068 1945 3107 2077 Ob Es nit auch dem Anna Waßer habe helffen
2055 2035 2215 2115 stählen
2060 2101 2530 2212 Nein gar niemahl
2071 2210 3048 2323 36 es sonsten nit auch andere und mehrere
2050 2293 3084 2378 Diebstahl begangen und deren seyend die Ihme
2033 2338 2773 2438 Geholsten selbige zu verbringen
2842 2383 2954 2495 H.
1987 1652 2044 1770 G
1969 1848 2037 1964 H.
1953 1957 2027 2063 D
1951 2113 2016 2208 H
1973 2214 2032 2305 E
