<?xml version="1.0" encoding="UTF-8" standalone="yes"?>
<PcGts xmlns="http://schema.primaresearch.org/PAGE/gts/pagecontent/2013-07-15" xmlns:xsi="http://www.w3.org/2001/XMLSchema-instance" xsi:schemaLocation="http://schema.primaresearch.org/PAGE/gts/pagecontent/2013-07-15 http://schema.primaresearch.org/PAGE/gts/pagecontent/2013-07-15/pagecontent.xsd">
    <Metadata>
        <Creator>prov=University of Rostock/Institute of Mathematics/CITlab|PLANET AI GmbH/Gundram Leifert/gundram.leifert@planet-ai.de:name=Transkribus German Kurrent M2(htr_id=29820)::::v=2.6.7
prov=University of Rostock/Institute of Mathematics/CITlab|PLANET AI GmbH/Tobias Gruening/tobias.gruening@planet-ai.de:name=de.uros.citlab.module.baseline2polygon.B2PSeamMultiOriented:v=2.6.7
prov=University of Rostock/Institute of Mathematics/CITlab|PLANET AI GmbH/Tobias Gruening/tobias.gruening@planet-ai.de:name=/net_tf/LA73_249_0mod360.pb:de.uros.citlab.segmentation.CITlab_LA_ML:v=2.6.7
Transkribus</Creator>
        <Created>2022-05-02T16:07:27.068+02:00</Created>
        <LastChange>2023-06-16T10:29:47.474+02:00</LastChange>
        <TranskribusMetadata docId="1336518" pageId="52420996" pageNr="29" tsid="127083627" status="IN_PROGRESS" userId="42748" imgUrl="https://files.transkribus.eu/Get?id=QCHWMRGLQAPAYZNOVFSMJYFT&amp;fileType=view" xmlUrl="https://files.transkribus.eu/Get?id=DVWUYYLEWOUTUACDADFQKSVR" imageId="30694266"/>
    </Metadata>
    <Page imageFilename="IMG_6583.jpg" imageWidth="4032" imageHeight="3024">
        <ReadingOrder>
            <OrderedGroup id="ro_1687513566902" caption="Regions reading order">
                <RegionRefIndexed index="0" regionRef="TextRegion_1686904153176_559"/>
                <RegionRefIndexed index="1" regionRef="TextRegion_1686904139717_548"/>
                <RegionRefIndexed index="2" regionRef="r3"/>
            </OrderedGroup>
        </ReadingOrder>
        <TextRegion orientation="0.0" type="marginalia" id="TextRegion_1686904153176_559" custom="readingOrder {index:0;}">
            <Coords points="914,975 1041,975 1016,2261 917,2255"/>
            <TextLine id="line_1686904139844_552" custom="readingOrder {index:0;}">
                <Coords points="970,993 1035,991 1034,1055 967,1081"/>
                <Baseline points="975,1041 1025,1043 1034,1043"/>
                <TextEquiv>
                    <Unicode>Warumb Er bey vorigen examen difere</Unicode>
                </TextEquiv>
            </TextLine>
            <TextLine id="line_1686904139845_554" custom="readingOrder {index:1;}">
                <Coords points="1033,1110 1032,1166 1030,1166 1033,1111"/>
                <TextEquiv>
                    <Unicode>krefftigen zusprechens, niemahls bekennen</Unicode>
                </TextEquiv>
            </TextLine>
            <TextLine id="line_1686904139845_556" custom="readingOrder {index:2;}">
                <Coords points="1027,1323 1029,1322 1029,1376 1024,1376"/>
                <TextEquiv>
                    <Unicode>Wann Er nit von anderen Leuthen wäre</Unicode>
                </TextEquiv>
            </TextLine>
            <TextLine id="r1l1" custom="readingOrder {index:3;}">
                <Coords points="937,1707 947,1705 960,1711 965,1708 975,1710 982,1704 996,1702 986,1566 962,1565 950,1558 927,1563"/>
                <Baseline points="942,1677 987,1674"/>
                <TextEquiv>
                    <Unicode>E.</Unicode>
                </TextEquiv>
            </TextLine>
            <TextLine id="r1l2" custom="readingOrder {index:4;}">
                <Coords points="927,1876 940,1876 947,1884 964,1888 972,1886 981,1890 1003,1793 978,1783 960,1792 948,1785"/>
                <Baseline points="938,1860 978,1869"/>
                <TextEquiv>
                    <Unicode>R</Unicode>
                </TextEquiv>
            </TextLine>
            <TextLine id="r1l3" custom="readingOrder {index:5;}">
                <Coords points="924,2110 938,2113 944,2108 952,2110 964,2103 968,2106 990,2103 1000,2006 993,2005 983,1995 968,1998 955,1995 946,2003 934,2002"/>
                <Baseline points="935,2064 959,2076 986,2070"/>
                <TextEquiv>
                    <Unicode>E.</Unicode>
                </TextEquiv>
            </TextLine>
            <TextLine id="r1l4" custom="readingOrder {index:6;}">
                <Coords points="929,2248 948,2247 963,2257 974,2257 978,2253 989,2256 983,2160 976,2160 968,2168 961,2168 946,2182 924,2179"/>
                <Baseline points="935,2219 980,2216"/>
                <TextEquiv>
                    <Unicode>R</Unicode>
                </TextEquiv>
            </TextLine>
            <TextEquiv>
                <Unicode>Warumb Er bey vorigen examen difere
krefftigen zusprechens, niemahls bekennen
Wann Er nit von anderen Leuthen wäre
E.
R
E.
R</Unicode>
            </TextEquiv>
        </TextRegion>
        <TextRegion orientation="0.0" type="paragraph" id="TextRegion_1686904139717_548" custom="readingOrder {index:1;} structure {type:paragraph;}">
            <Coords points="1050,960 912,939 902,853 2045,929 1995,2420 1011,2373"/>
            <TextLine id="r2l2" custom="readingOrder {index:0;}">
                <Coords points="1035,1113 1130,1092 1238,1144 1334,1116 1399,1148 1554,1124 1652,1167 1683,1139 1987,1158 1976,1115 1798,1086 1740,1113 1616,1065 1039,1055"/>
                <Baseline points="1044,1098 1090,1100 1137,1103 1184,1104 1231,1107 1278,1110 1324,1112 1371,1113 1418,1116 1465,1119 1512,1120 1558,1123 1605,1125 1652,1128 1699,1131 1746,1134 1792,1136 1839,1140 1886,1143 1933,1146 1980,1151"/>
                <TextEquiv>
                    <Unicode>That so frech gelaugnet, und ohngeacht alles</Unicode>
                </TextEquiv>
            </TextLine>
            <TextLine id="r2l4" custom="readingOrder {index:1;}">
                <Coords points="1033,1234 1331,1274 1512,1236 1625,1287 1844,1275 1925,1306 1979,1298 1984,1223 1852,1243 1781,1206 1541,1187 1491,1217 1380,1180 1182,1204 1037,1163"/>
                <Baseline points="1041,1214 1087,1215 1134,1218 1180,1221 1227,1224 1274,1227 1320,1229 1367,1232 1414,1235 1460,1238 1507,1241 1554,1243 1600,1245 1647,1249 1694,1251 1740,1255 1787,1258 1834,1261 1880,1263 1927,1268 1974,1271"/>
                <TextEquiv>
                    <Unicode>Wollen, daß Er diesen Diebstahl begangen.</Unicode>
                </TextEquiv>
            </TextLine>
            <TextLine id="r2l5" custom="readingOrder {index:2;}">
                <Coords points="1046,1320 1238,1323 1278,1353 1323,1326 1490,1335 1646,1381 1706,1350 1929,1367 1932,1309 1675,1317 1597,1280 1368,1295 1194,1249 1050,1253"/>
                <Baseline points="1053,1308 1096,1310 1140,1313 1183,1314 1227,1317 1270,1319 1314,1322 1357,1324 1401,1326 1444,1330 1488,1332 1531,1334 1575,1338 1618,1340 1662,1343 1705,1346 1749,1347 1792,1350 1836,1352 1879,1353 1923,1355"/>
                <TextEquiv>
                    <Unicode>Er hätte die sach von Anfang bekennt</Unicode>
                </TextEquiv>
            </TextLine>
            <TextLine id="r2l7" custom="readingOrder {index:3;}">
                <Coords points="1028,1464 1264,1432 1376,1480 1587,1455 1654,1490 1710,1465 1769,1486 1772,1444 1614,1404 1564,1432 1505,1394 1448,1407 1425,1387 1032,1387"/>
                <Baseline points="1038,1424 1074,1425 1110,1426 1146,1427 1183,1428 1219,1430 1255,1431 1291,1432 1328,1434 1364,1436 1400,1437 1436,1439 1473,1441 1509,1443 1545,1445 1581,1448 1618,1451 1654,1455 1690,1457 1726,1461 1763,1464"/>
                <TextEquiv>
                    <Unicode>gesteifft worden solches zu laugnen</Unicode>
                </TextEquiv>
            </TextLine>
            <TextLine id="r2l8" custom="readingOrder {index:4;}">
                <Coords points="1065,1507 1236,1498 1405,1551 1455,1513 1735,1529 1827,1576 1895,1551 1899,1483 1779,1502 1710,1465 1649,1493 1603,1457 1426,1483 1259,1444 1221,1471 1189,1437 1069,1452"/>
                <Baseline points="1074,1491 1114,1493 1155,1495 1196,1497 1237,1499 1277,1501 1318,1503 1359,1506 1400,1509 1440,1511 1481,1513 1522,1515 1563,1518 1603,1521 1644,1523 1685,1526 1726,1529 1766,1530 1807,1533 1848,1535 1889,1538"/>
                <TextEquiv>
                    <Unicode>Wormit Er einiche Brieff auff den Tisch</Unicode>
                </TextEquiv>
            </TextLine>
            <TextLine id="r2l9" custom="readingOrder {index:5;}">
                <Coords points="1100,1571 1150,1548 1195,1584 1320,1560 1397,1587 1578,1576 1822,1620 1967,1610 1970,1574 1781,1571 1707,1530 1514,1518 1383,1549 1236,1500 1104,1518"/>
                <Baseline points="1110,1545 1152,1548 1195,1550 1237,1551 1280,1554 1322,1556 1365,1559 1407,1561 1450,1564 1492,1566 1535,1569 1578,1572 1620,1576 1663,1580 1705,1582 1748,1585 1790,1589 1833,1593 1875,1596 1918,1600 1961,1604"/>
                <TextEquiv>
                    <Unicode>gelegdt, darauß solches zu sechen seyei solle</Unicode>
                </TextEquiv>
            </TextLine>
            <TextLine id="r2l10" custom="readingOrder {index:6;}">
                <Coords points="1103,1598 1785,1656 1864,1683 1868,1627 1774,1594 1730,1618 1685,1587 1651,1607 1575,1576 1194,1584 1151,1549 1105,1567"/>
                <Baseline points="1110,1590 1147,1593 1184,1595 1222,1597 1259,1599 1297,1602 1334,1604 1372,1607 1409,1608 1447,1611 1484,1614 1521,1616 1559,1619 1596,1622 1634,1625 1671,1628 1709,1632 1746,1635 1784,1639 1821,1642 1859,1646"/>
                <TextEquiv>
                    <Unicode>Worinnen aber mit sonderbahrs zu finden</Unicode>
                </TextEquiv>
            </TextLine>
            <TextLine id="r2l11" custom="readingOrder {index:7;}">
                <Coords points="1028,1675 1292,1674 1350,1719 1443,1686 1511,1728 1553,1698 1738,1726 1906,1693 1635,1641 1565,1659 1340,1623 1293,1656 1225,1620 1167,1647 1032,1599"/>
                <Baseline points="1035,1665 1078,1665 1121,1665 1164,1666 1207,1667 1250,1668 1293,1670 1337,1674 1380,1676 1423,1679 1466,1681 1509,1684 1552,1688 1595,1691 1639,1693 1682,1695 1725,1698 1768,1701 1811,1704 1854,1706 1898,1707"/>
                <TextEquiv>
                    <Unicode>Ob Er nit auch zween Große Silberne</Unicode>
                </TextEquiv>
            </TextLine>
            <TextLine id="r2l12" custom="readingOrder {index:8;}">
                <Coords points="1029,1745 1179,1726 1279,1765 1579,1749 1653,1797 1690,1763 1998,1788 1959,1721 1746,1741 1624,1699 1515,1729 1442,1685 1349,1718 1291,1673 1183,1698 1033,1673"/>
                <Baseline points="1038,1724 1085,1724 1133,1725 1180,1727 1228,1728 1276,1731 1323,1733 1371,1736 1419,1739 1466,1742 1514,1743 1562,1748 1609,1750 1657,1752 1705,1755 1752,1758 1800,1760 1848,1763 1895,1764 1943,1766 1991,1767"/>
                <TextEquiv>
                    <Unicode>Kertzenstök sambt den Abbrechen vnd porte¬</Unicode>
                </TextEquiv>
            </TextLine>
            <TextLine id="r2l13" custom="readingOrder {index:9;}">
                <Coords points="1038,1797 1315,1786 1395,1819 1564,1803 1815,1845 1818,1771 1689,1765 1647,1794 1575,1751 1397,1766 1324,1744 1288,1765 1179,1727 1127,1757 1042,1742"/>
                <Baseline points="1047,1775 1085,1776 1123,1778 1161,1778 1199,1779 1237,1781 1275,1783 1313,1785 1351,1786 1389,1789 1428,1791 1466,1794 1504,1796 1542,1800 1580,1802 1618,1804 1656,1808 1694,1811 1732,1814 1770,1818 1809,1821"/>
                <TextEquiv>
                    <Unicode>monchettes damahls entwendt habe,</Unicode>
                </TextEquiv>
            </TextLine>
            <TextLine id="r2l14" custom="readingOrder {index:10;}">
                <Coords points="1026,1892 1187,1874 1250,1912 1351,1878 1510,1927 1735,1906 1851,1938 1965,1923 1969,1862 1151,1841 1032,1796"/>
                <Baseline points="1035,1865 1081,1866 1127,1868 1173,1869 1219,1871 1265,1874 1311,1877 1358,1879 1404,1883 1450,1886 1496,1889 1542,1891 1588,1895 1634,1899 1681,1902 1727,1905 1773,1909 1819,1912 1865,1915 1911,1917 1958,1920"/>
                <TextEquiv>
                    <Unicode>ein Er habe keine großen Kertzenstöck</Unicode>
                </TextEquiv>
            </TextLine>
            <TextLine id="r2l15" custom="readingOrder {index:11;}">
                <Coords points="1036,1917 1170,1928 1238,1971 1323,1929 1411,1971 1588,1952 1828,2003 1951,1976 1953,1947 1780,1937 1740,1907 1630,1930 1496,1922 1443,1887 1120,1873 1038,1898"/>
                <Baseline points="1044,1916 1089,1919 1134,1920 1179,1922 1224,1926 1269,1928 1314,1931 1359,1934 1404,1937 1449,1941 1494,1944 1539,1947 1584,1951 1629,1954 1674,1958 1719,1960 1764,1963 1809,1966 1854,1970 1899,1972 1944,1974"/>
                <TextEquiv>
                    <Unicode>noch abbrechen vnd porte monihettes ge¬</Unicode>
                </TextEquiv>
            </TextLine>
            <TextLine id="r2l16" custom="readingOrder {index:12;}">
                <Coords points="1035,1989 1057,1997 1076,1986 1097,1993 1106,1989 1139,2007 1148,1999 1159,2006 1169,2005 1173,1947 1143,1939 1130,1943 1124,1935 1112,1939 1101,1932 1092,1937 1069,1924 1062,1930 1050,1920 1040,1922"/>
                <Baseline points="1044,1970 1074,1973 1104,1974 1134,1976 1164,1979"/>
                <TextEquiv>
                    <Unicode>nömen</Unicode>
                </TextEquiv>
            </TextLine>
            <TextLine id="r2l17" custom="readingOrder {index:13;}">
                <Coords points="1029,2078 1247,2066 1352,2111 1387,2082 1504,2086 1693,2139 1801,2121 1844,2153 1914,2129 1919,2064 1436,2021 1325,2056 1036,1993"/>
                <Baseline points="1038,2055 1081,2058 1124,2060 1168,2062 1211,2064 1255,2068 1298,2070 1342,2073 1385,2077 1429,2080 1472,2084 1515,2087 1559,2092 1602,2096 1646,2100 1689,2103 1733,2109 1776,2113 1820,2118 1863,2122 1907,2127"/>
                <TextEquiv>
                    <Unicode>Ih Er mit eine Cuvette oder Eßig vnd ohl</Unicode>
                </TextEquiv>
            </TextLine>
            <TextLine id="r2l18" custom="readingOrder {index:14;}">
                <Coords points="1021,2108 1636,2197 1719,2159 1779,2206 1901,2216 1963,2204 1969,2139 1689,2140 1388,2082 1346,2111 1214,2062 1024,2079"/>
                <Baseline points="1029,2106 1075,2108 1121,2110 1168,2113 1214,2117 1261,2120 1307,2124 1354,2128 1400,2132 1447,2135 1493,2141 1539,2144 1586,2149 1632,2152 1679,2157 1725,2161 1772,2165 1818,2169 1865,2172 1911,2175 1958,2178"/>
                <TextEquiv>
                    <Unicode>Vutter und Ein bougevis dargant auch gestoh¬</Unicode>
                </TextEquiv>
            </TextLine>
            <TextLine id="r2l19" custom="readingOrder {index:15;}">
                <Coords points="1027,2166 1035,2167 1048,2159 1052,2162 1058,2159 1067,2161 1072,2167 1089,2163 1103,2172 1120,2173 1123,2122 1109,2117 1093,2119 1088,2114 1084,2117 1061,2113 1050,2115 1042,2106 1030,2105"/>
                <Baseline points="1035,2153 1061,2153 1087,2153 1113,2159"/>
                <TextEquiv>
                    <Unicode>en</Unicode>
                </TextEquiv>
            </TextLine>
            <TextLine id="r2l20" custom="readingOrder {index:16;}">
                <Coords points="1023,2234 1408,2284 1480,2247 1569,2273 1633,2251 1914,2305 1929,2227 1700,2197 1613,2229 1503,2189 1406,2210 1212,2162 1160,2186 1027,2166"/>
                <Baseline points="1031,2220 1075,2220 1119,2220 1164,2222 1208,2223 1253,2225 1297,2227 1341,2229 1386,2231 1430,2234 1475,2237 1519,2240 1563,2243 1608,2247 1652,2250 1697,2255 1741,2258 1785,2261 1830,2265 1874,2269 1919,2274"/>
                <TextEquiv>
                    <Unicode>kein selbige sachen habe Er nit entwendt.</Unicode>
                </TextEquiv>
            </TextLine>
            <TextLine id="r2l21" custom="readingOrder {index:17;}">
                <Coords points="1793,2383 1808,2379 1815,2383 1842,2363 1855,2363 1864,2356 1871,2356 1871,2294 1862,2294 1852,2288 1832,2291 1815,2284 1806,2287 1801,2282 1793,2282"/>
                <Baseline points="1800,2360 1831,2360 1863,2360"/>
                <TextEquiv>
                    <Unicode>2</Unicode>
                </TextEquiv>
            </TextLine>
            <TextLine id="line_1686904139844_551" custom="readingOrder {index:18;}">
                <Coords points="1035,991 1486,982 1558,1027 1790,984 1996,1044 1994,1088 1879,1107 1821,1068 1442,1052 1376,1078 1059,1046 1034,1055"/>
                <Baseline points="1034,1043 1076,1043 1126,1044 1177,1046 1228,1047 1278,1049 1329,1050 1380,1052 1430,1053 1481,1055 1532,1057 1582,1059 1633,1062 1684,1064 1734,1067 1785,1069 1836,1072 1886,1075 1937,1077 1988,1080"/>
                <TextEquiv>
                    <Unicode>Warumb Er bey vorigen examen difere</Unicode>
                </TextEquiv>
            </TextLine>
            <TextLine id="line_1686904139845_553" custom="readingOrder {index:19;}">
                <Coords points="1033,1110 1134,1093 1215,1147 1351,1127 1625,1172 1853,1139 1927,1189 1974,1175 1972,1224 1553,1186 1492,1217 1368,1178 1146,1197 1032,1166"/>
                <Baseline points="1038,1155 1084,1159 1130,1162 1177,1164 1223,1167 1269,1170 1316,1172 1362,1175 1408,1177 1455,1179 1501,1182 1547,1184 1594,1187 1640,1188 1686,1191 1733,1193 1779,1196 1825,1199 1872,1202 1918,1205 1965,1208"/>
                <TextEquiv>
                    <Unicode>krefftigen zusprechens, niemahls bekennen</Unicode>
                </TextEquiv>
            </TextLine>
            <TextLine id="line_1686904139845_555" custom="readingOrder {index:20;}">
                <Coords points="1029,1322 1095,1317 1136,1355 1323,1325 1598,1379 1728,1352 1936,1390 1914,1424 1782,1407 1695,1437 1618,1398 1029,1376"/>
                <Baseline points="1031,1371 1075,1370 1120,1370 1165,1370 1210,1371 1255,1373 1300,1374 1344,1377 1389,1380 1434,1383 1479,1385 1524,1389 1569,1392 1614,1396 1658,1398 1703,1401 1748,1404 1793,1407 1838,1408 1883,1410 1928,1412"/>
                <TextEquiv>
                    <Unicode>Wann Er nit von anderen Leuthen wäre</Unicode>
                </TextEquiv>
            </TextLine>
            <TextEquiv>
                <Unicode>That so frech gelaugnet, und ohngeacht alles
Wollen, daß Er diesen Diebstahl begangen.
Er hätte die sach von Anfang bekennt
gesteifft worden solches zu laugnen
Wormit Er einiche Brieff auff den Tisch
gelegdt, darauß solches zu sechen seyei solle
Worinnen aber mit sonderbahrs zu finden
Ob Er nit auch zween Große Silberne
Kertzenstök sambt den Abbrechen vnd porte¬
monchettes damahls entwendt habe,
ein Er habe keine großen Kertzenstöck
noch abbrechen vnd porte monihettes ge¬
nömen
Ih Er mit eine Cuvette oder Eßig vnd ohl
Vutter und Ein bougevis dargant auch gestoh¬
en
kein selbige sachen habe Er nit entwendt.
2
Warumb Er bey vorigen examen difere
krefftigen zusprechens, niemahls bekennen
Wann Er nit von anderen Leuthen wäre</Unicode>
            </TextEquiv>
        </TextRegion>
        <TextRegion orientation="0.0" type="paragraph" id="r3" custom="readingOrder {index:2;} structure {type:paragraph;}">
            <Coords points="2103,931 2109,2387 3261,2387 3281,964"/>
            <TextLine id="r3l1" custom="readingOrder {index:0;}">
                <Coords points="2103,1123 2729,1126 2871,1168 3136,1138 3181,1172 3249,1150 3251,1087 2105,1043"/>
                <Baseline points="2111,1103 2167,1106 2224,1108 2280,1110 2337,1113 2393,1115 2450,1116 2506,1119 2563,1121 2619,1122 2676,1124 2733,1125 2789,1127 2846,1127 2902,1128 2959,1130 3015,1130 3072,1131 3128,1133 3185,1133 3242,1134"/>
                <TextEquiv>
                    <Unicode>E. Auß der Liste der Endtwendten sachen</Unicode>
                </TextEquiv>
            </TextLine>
            <TextLine id="r3l2" custom="readingOrder {index:1;}">
                <Coords points="2245,1171 2396,1200 2447,1173 2760,1184 2926,1227 2969,1194 3225,1209 3226,1172 3132,1137 2932,1169 2678,1124 2246,1143"/>
                <Baseline points="2253,1163 2301,1166 2349,1168 2397,1170 2446,1172 2494,1174 2542,1176 2590,1178 2639,1179 2687,1181 2735,1182 2783,1184 2832,1185 2880,1187 2928,1188 2976,1190 3025,1190 3073,1191 3121,1193 3169,1193 3218,1194"/>
                <TextEquiv>
                    <Unicode>gefinde sich vnder anderen auch ein Kugel</Unicode>
                </TextEquiv>
            </TextLine>
            <TextLine id="r3l3" custom="readingOrder {index:2;}">
                <Coords points="2236,1236 2432,1264 2516,1233 2842,1243 3012,1288 3086,1251 3233,1263 3245,1221 2238,1179"/>
                <Baseline points="2243,1221 2292,1223 2342,1225 2391,1227 2441,1229 2491,1230 2540,1232 2590,1233 2640,1235 2689,1236 2739,1238 2789,1240 2838,1242 2888,1243 2938,1245 2987,1245 3037,1248 3087,1248 3136,1250 3186,1251 3236,1253"/>
                <TextEquiv>
                    <Unicode>von außgebrondten Silbernen Schniren die</Unicode>
                </TextEquiv>
            </TextLine>
            <TextLine id="r3l4" custom="readingOrder {index:3;}">
                <Coords points="2236,1310 2324,1282 2364,1313 2434,1322 2522,1285 2694,1329 2758,1292 2799,1297 2800,1259 2711,1243 2674,1269 2566,1271 2500,1254 2432,1265 2406,1247 2370,1268 2276,1230 2237,1243"/>
                <Baseline points="2243,1278 2270,1278 2298,1280 2325,1280 2353,1281 2380,1282 2408,1283 2435,1283 2463,1284 2490,1284 2518,1285 2545,1286 2573,1286 2600,1286 2628,1287 2655,1287 2683,1289 2710,1289 2738,1290 2765,1290 2793,1292"/>
                <TextEquiv>
                    <Unicode>Er auch genomen habe</Unicode>
                </TextEquiv>
            </TextLine>
            <TextLine id="r3l5" custom="readingOrder {index:4;}">
                <Coords points="2138,1418 2150,1416 2171,1400 2182,1410 2185,1407 2196,1408 2204,1306 2188,1308 2170,1322 2164,1323 2157,1317 2146,1318"/>
                <Baseline points="2148,1382 2190,1385"/>
                <TextEquiv>
                    <Unicode>.</Unicode>
                </TextEquiv>
            </TextLine>
            <TextLine id="r3l6" custom="readingOrder {index:5;}">
                <Coords points="2236,1384 2523,1421 2589,1390 2754,1423 2876,1389 2933,1423 3033,1386 3156,1422 3239,1404 3240,1342 2986,1314 2884,1351 2737,1326 2490,1368 2237,1344"/>
                <Baseline points="2243,1377 2292,1379 2342,1380 2391,1382 2441,1382 2490,1383 2540,1385 2589,1385 2639,1386 2688,1387 2738,1388 2787,1389 2837,1389 2886,1390 2936,1391 2985,1391 3035,1391 3084,1392 3134,1392 3183,1392 3233,1392"/>
                <TextEquiv>
                    <Unicode>Er bezeuge höchlich daß Er dieselbe nit Ent¬</Unicode>
                </TextEquiv>
            </TextLine>
            <TextLine id="r3l7" custom="readingOrder {index:6;}">
                <Coords points="2228,1453 3135,1473 3248,1459 3250,1403 2973,1435 2856,1392 2792,1429 2658,1392 2479,1426 2229,1401"/>
                <Baseline points="2235,1437 2285,1437 2335,1439 2386,1439 2436,1440 2486,1441 2537,1442 2587,1444 2637,1445 2688,1446 2738,1448 2788,1449 2839,1451 2889,1451 2939,1452 2990,1454 3040,1454 3090,1454 3141,1454 3191,1454 3242,1452"/>
                <TextEquiv>
                    <Unicode>Wendt, und deen Silbergschirr nichts mehrers</Unicode>
                </TextEquiv>
            </TextLine>
            <TextLine id="r3l8" custom="readingOrder {index:7;}">
                <Coords points="2237,1506 2373,1495 2523,1540 2590,1498 2733,1547 2809,1511 2904,1539 3232,1522 3233,1467 3160,1492 3101,1453 2886,1488 2856,1461 2748,1486 2667,1445 2499,1485 2238,1463"/>
                <Baseline points="2244,1493 2293,1494 2342,1494 2391,1496 2440,1497 2489,1499 2538,1500 2587,1502 2636,1503 2685,1505 2734,1505 2783,1506 2832,1508 2881,1509 2930,1509 2979,1511 3028,1511 3077,1512 3126,1512 3175,1512 3224,1512"/>
                <TextEquiv>
                    <Unicode>genommen, als waß Er bereits bekennt</Unicode>
                </TextEquiv>
            </TextLine>
            <TextLine id="r3l9" custom="readingOrder {index:8;}">
                <Coords points="2229,1574 2376,1596 2412,1578 2581,1594 2614,1567 2695,1561 2695,1512 2568,1514 2525,1539 2466,1520 2436,1535 2410,1519 2329,1532 2281,1516 2230,1538"/>
                <Baseline points="2237,1554 2262,1554 2287,1554 2312,1554 2337,1554 2362,1554 2387,1554 2412,1554 2437,1554 2462,1556 2487,1556 2512,1556 2537,1557 2562,1557 2587,1558 2612,1559 2637,1559 2662,1559 2688,1559"/>
                <TextEquiv>
                    <Unicode>und angezeigdt habe</Unicode>
                </TextEquiv>
            </TextLine>
            <TextLine id="r3l10" custom="readingOrder {index:9;}">
                <Coords points="2224,1679 2782,1685 2994,1730 3160,1696 3099,1641 3001,1617 2790,1666 2678,1604 2419,1639 2339,1599 2226,1610"/>
                <Baseline points="2232,1670 2278,1671 2324,1672 2370,1673 2416,1674 2462,1676 2508,1677 2554,1679 2600,1680 2646,1680 2692,1682 2738,1683 2784,1685 2830,1686 2876,1687 2922,1689 2968,1691 3014,1692 3060,1694 3106,1695 3152,1697"/>
                <TextEquiv>
                    <Unicode>Ob Er mit Äußert obigem Silbergschier</Unicode>
                </TextEquiv>
            </TextLine>
            <TextLine id="r3l11" custom="readingOrder {index:10;}">
                <Coords points="2117,1712 2128,1712 2138,1702 2148,1698 2165,1704 2175,1695 2188,1692 2188,1602 2135,1599 2128,1605 2117,1603"/>
                <Baseline points="2124,1683 2152,1683 2181,1683"/>
                <TextEquiv>
                    <Unicode>E.</Unicode>
                </TextEquiv>
            </TextLine>
            <TextLine id="r3l12" custom="readingOrder {index:11;}">
                <Coords points="2219,1739 2464,1731 2531,1770 2750,1732 2969,1784 3268,1767 3270,1714 2363,1711 2293,1673 2220,1703"/>
                <Baseline points="2226,1724 2277,1725 2329,1727 2381,1728 2433,1730 2484,1731 2536,1733 2588,1734 2640,1737 2691,1739 2743,1740 2795,1742 2847,1744 2898,1745 2950,1748 3002,1749 3054,1751 3105,1752 3157,1755 3209,1755 3261,1757"/>
                <TextEquiv>
                    <Unicode>auch ein paar pistolet Wie auch Leinwaadt.</Unicode>
                </TextEquiv>
            </TextLine>
            <TextLine id="r3l13" custom="readingOrder {index:12;}">
                <Coords points="2224,1794 2296,1821 2441,1793 2600,1834 3172,1816 3173,1769 3067,1757 2820,1781 2751,1734 2484,1772 2419,1738 2226,1733"/>
                <Baseline points="2231,1785 2277,1785 2324,1787 2371,1787 2417,1788 2464,1788 2511,1790 2557,1791 2604,1793 2651,1793 2698,1794 2744,1796 2791,1797 2838,1799 2884,1799 2931,1800 2978,1802 3024,1802 3071,1803 3118,1805 3165,1805"/>
                <TextEquiv>
                    <Unicode>und seidene strumpf veruntreidet habe</Unicode>
                </TextEquiv>
            </TextLine>
            <TextLine id="r3l14" custom="readingOrder {index:13;}">
                <Coords points="2136,1921 2150,1926 2156,1922 2164,1926 2167,1923 2177,1923 2182,1830 2172,1828 2171,1830 2161,1823 2152,1829 2141,1829"/>
                <Baseline points="2145,1886 2172,1887"/>
                <TextEquiv>
                    <Unicode></Unicode>
                </TextEquiv>
            </TextLine>
            <TextLine id="r3l15" custom="readingOrder {index:14;} person {offset:4; length:8;}">
                <Coords points="2200,1925 2337,1896 2508,1937 2684,1909 2757,1937 2800,1904 2891,1940 2964,1907 3175,1933 3190,1863 2649,1825 2580,1862 2489,1825 2379,1869 2201,1837"/>
                <Baseline points="2208,1886 2256,1889 2305,1892 2354,1895 2402,1896 2451,1898 2500,1899 2548,1901 2597,1901 2646,1902 2695,1902 2743,1902 2792,1903 2841,1904 2889,1904 2938,1904 2987,1905 3035,1905 3084,1906 3133,1907 3182,1908"/>
                <TextEquiv>
                    <Unicode>Ein pistolet habe Entwendt, aber weder</Unicode>
                </TextEquiv>
            </TextLine>
            <TextLine id="r3l16" custom="readingOrder {index:15;}">
                <Coords points="2204,1966 2350,1955 2501,2000 2699,1970 2795,2006 2979,1970 3189,1989 3189,1931 2952,1910 2894,1939 2789,1914 2509,1938 2461,1903 2205,1926"/>
                <Baseline points="2211,1949 2259,1952 2308,1953 2356,1956 2405,1957 2453,1958 2502,1959 2550,1961 2599,1961 2647,1962 2696,1964 2745,1964 2793,1964 2842,1965 2890,1965 2939,1965 2987,1965 3036,1965 3084,1965 3133,1965 3182,1965"/>
                <TextEquiv>
                    <Unicode>Leinwaadt noch seidene strumpf habe Er nit</Unicode>
                </TextEquiv>
            </TextLine>
            <TextLine id="r3l17" custom="readingOrder {index:16;}">
                <Coords points="2204,2030 2269,2008 2294,2024 2320,2006 2368,2029 2384,2046 2424,2052 2426,1977 2399,1962 2371,1967 2350,1955 2307,1978 2286,1962 2205,1965"/>
                <Baseline points="2211,2006 2236,2004 2262,2004 2288,2004 2314,2004 2340,2006 2366,2007 2392,2009 2418,2009"/>
                <TextEquiv>
                    <Unicode>genommen</Unicode>
                </TextEquiv>
            </TextLine>
            <TextLine id="r3l18" custom="readingOrder {index:17;}">
                <Coords points="2201,2107 2670,2135 2988,2113 3068,2141 3214,2114 3215,2068 3151,2044 3029,2093 2859,2058 2758,2094 2698,2054 2589,2085 2202,2055"/>
                <Baseline points="2208,2093 2260,2094 2313,2095 2365,2097 2418,2099 2470,2100 2523,2102 2576,2103 2628,2105 2681,2106 2733,2108 2786,2109 2838,2111 2891,2112 2944,2114 2996,2114 3049,2114 3101,2114 3154,2114 3207,2114"/>
                <TextEquiv>
                    <Unicode>Wo, an welchen Orthen und Wein Er das</Unicode>
                </TextEquiv>
            </TextLine>
            <TextLine id="r3l19" custom="readingOrder {index:18;}">
                <Coords points="2134,2157 2152,2152 2155,2146 2159,2146 2162,2135 2188,2129 2137,2028 2131,2031 2117,2029 2110,2033 2098,2060 2092,2058 2086,2061"/>
                <Baseline points="2123,2120 2165,2099"/>
                <TextEquiv>
                    <Unicode>E.</Unicode>
                </TextEquiv>
            </TextLine>
            <TextLine id="r3l20" custom="readingOrder {index:19;}">
                <Coords points="2202,2181 2263,2145 2317,2174 2461,2153 2629,2200 2772,2174 3023,2219 3083,2185 3165,2223 3168,2147 3119,2125 2205,2112"/>
                <Baseline points="2211,2145 2258,2147 2305,2148 2353,2151 2400,2153 2448,2155 2495,2157 2542,2160 2590,2162 2637,2163 2685,2166 2732,2168 2779,2169 2827,2172 2874,2174 2922,2174 2969,2175 3016,2177 3064,2177 3111,2177 3159,2177"/>
                <TextEquiv>
                    <Unicode>genomene Silber Gschirr verkaufft habe.</Unicode>
                </TextEquiv>
            </TextLine>
            <TextLine id="r3l21" custom="readingOrder {index:20;} place {offset:24; length:10;}">
                <Coords points="2101,2297 2295,2260 2423,2291 2482,2256 2739,2315 2804,2290 2964,2323 3105,2281 3171,2316 3173,2232 2740,2246 2105,2184"/>
                <Baseline points="2109,2255 2161,2253 2214,2252 2267,2252 2320,2252 2373,2253 2425,2253 2478,2255 2531,2258 2584,2260 2637,2262 2689,2265 2742,2267 2795,2270 2848,2271 2901,2274 2953,2276 3006,2276 3059,2277 3112,2277 3165,2277"/>
                <TextEquiv>
                    <Unicode>R. Er habe underwegs in Frankreich Einen</Unicode>
                </TextEquiv>
            </TextLine>
            <TextLine id="r3l22" custom="readingOrder {index:21;}">
                <Coords points="2912,2386 2942,2386 2959,2402 3018,2387 3025,2394 3076,2397 3112,2413 3111,2331 3080,2313 3054,2319 3012,2285 2943,2340 2930,2328 2912,2333"/>
                <Baseline points="2919,2373 2945,2370 2972,2368 2998,2367 3025,2367 3051,2367 3078,2369 3105,2372"/>
                <TextEquiv>
                    <Unicode>Lösel</Unicode>
                </TextEquiv>
            </TextLine>
            <TextEquiv>
                <Unicode>E. Auß der Liste der Endtwendten sachen
gefinde sich vnder anderen auch ein Kugel
von außgebrondten Silbernen Schniren die
Er auch genomen habe
.
Er bezeuge höchlich daß Er dieselbe nit Ent¬
Wendt, und deen Silbergschirr nichts mehrers
genommen, als waß Er bereits bekennt
und angezeigdt habe
Ob Er mit Äußert obigem Silbergschier
E.
auch ein paar pistolet Wie auch Leinwaadt.
und seidene strumpf veruntreidet habe

Ein pistolet habe Entwendt, aber weder
Leinwaadt noch seidene strumpf habe Er nit
genommen
Wo, an welchen Orthen und Wein Er das
E.
genomene Silber Gschirr verkaufft habe.
R. Er habe underwegs in Frankreich Einen
Lösel</Unicode>
            </TextEquiv>
        </TextRegion>
    </Page>
</PcGts>
