4032 3024
896 1082 1889 1246 Wie es heiße und Wo es doheimb seyn.
902 1221 1848 1353 Es heiße Barbli Müller, und seye zu
889 1290 1776 1409 Rohrbach im Ambt wangen daheimb
881 1404 1847 1531 Wie lang es seye, daß es des bendicht
878 1491 1849 1573 Speichers Frauwen zu Oberwangen den
881 1528 1855 1631 Dock entwendt, und Wie es darmit her¬
882 1596 1075 1668 Zangen?
875 1667 1864 1774 Etwann vor 6. Wuchen seye es geschochen
882 1734 1872 1827 und also hergangen; Es habe hinwahrts Kap¬
873 1787 1870 1891 pelen das Maria Thun auwer angetroffen
866 1850 1891 1952 so Ihme gesagdt; daß es etwelchen Zeug wüße,
859 1898 1880 2006 Es solle mit Ihm kommen, darauf hin Sie mit
869 1965 1866 2061 Ein anderen nach Wangen gangen, daselbsten
863 2020 1820 2117 das Thun Auwerli in Einhauß, so Ihme
860 2087 1875 2172 Wohl bekannt Gsin, hinein gangen. Es barbli
858 2130 1887 2237 Müller aber voraußen Schiltwacht gestanden,
877 2192 1851 2283 da habe das 2hun Auwerli den Rock ein
844 2242 1878 2338 Hzembd und andere sachen genommen, und selbi¬
852 2301 1836 2412 ges in ein Költsches Ziechlin gethan; Von
1673 2395 1826 2472 diesen
769 994 859 1067 296.
774 1056 842 1080 296.
806 1214 867 1308 .
765 1391 868 1509 D.
767 1645 837 1770 d
2100 1144 3084 1240 diesen entwendten sachen, habe es Ihme den
2105 1213 3090 1311 Rock und ein hembd geben das übrige Zeug
2116 1261 3074 1360 aber behalten; darauf hin sie von Einan¬
2108 1324 3090 1417 deren gangen und zwar das Thun anwerli
2099 1381 2824 1470 auff Murten und es nach Bern
2111 1461 3083 1562 Ob Sie in selbigem hauß nit anders mehr
2114 1515 3082 1607 entwendt, weder es dißmahlen angezeigt
2105 1600 3096 1694 Nein. Doch habe das andere noch ein Bunte¬
2101 1682 3063 1766 Ein gehabt, Wuße aber nit waß darinnen
2092 1730 2186 1816 Gus
2109 1788 3108 1911 Ob Es nit hievor auch schon im Schallenwerck
2097 1874 2221 1965 Gsin:
2104 1933 2633 2036 Ja, zu zweyen mahlen
2133 2037 2993 2161 Vaß es gethan, daß es darein kommen?
2104 2138 3026 2240 daß erste mahl so vor Elst Jahren gewesen
2098 2198 3059 2296 habe es eine dackbeth zieghen gestohlen; vnd
3003 2248 3048 2291 at
2110 2264 3099 2349 das andere Mahl vergangenen, Vinter weilen
2105 2305 3029 2405 es einer Kellermagdt in Einem Küller bey
2864 2378 2988 2454 Vier
1978 1079 2075 1171 297
1996 1457 2074 1563 Di
2026 1599 2082 1706 .
1983 1794 2072 1908 2.
2001 1952 2067 2055 H
2018 2080 2062 2155 E
