4032 3024
987 951 1931 1084 Weilen nun dieser Christen Dantzler alles
999 1044 1930 1132 ernstlichen Zusprechen und betröuwens ohnge¬
995 1095 1905 1173 achtet, nichts anders bekandtlich seyn wollen
987 1151 1962 1248 hat Mahhl. Examinator befohlen Ihne hin¬
994 1206 1941 1298 auf zur Strecke zuführen Alda Er mit an¬
1002 1259 1923 1357 Vendung der Einfachen und lähren Marter
998 1316 1933 1408 so wohl vernerer verdächtigen diebstählen als
992 1378 1941 1462 auch seiner evasion halben auß der gefangen¬
991 1436 1900 1525 schafft widermahlen ernst währtigklichen Be¬
995 1485 1945 1595 traget worden; hat aber über das, Waß hievor
986 1540 1957 1637 enthalten nichts weiters noch Verners bekennt
995 1609 1938 1699 sonderen an der Marter seine hievor gethane
995 1668 1703 1760 bekandtnuß einfahltig bestähtiget
934 914 975 988 6
2410 952 3015 1073 Nil aus Stalder
2372 1032 2875 1147 Von Weißenburg
2117 957 2196 1050 67
2105 1939 2195 2081 2
2213 1174 3213 1306 en 13. Januari 1712: hat Mihle
2196 1253 3213 1349 Saltz Director Kerber mit Zuthun Ihr Gul.
2189 1316 3237 1428 Dieneren Msithl. Großweibel und des Gricht
2200 1370 3183 1480 Schreibers Vermög Oberkeitl. Befelchs de
2267 1429 3161 1503 dito den Vieler Verdächtigen diebstählen
2212 1478 3192 1583 und nachtlichen Einbrachenshalber beschreiten
2213 1540 3219 1644 und dermahlen Widrumb in Oberkeitl. Banden
2209 1593 3210 1690 sich befindenden Nilaus Stalder von Weise
2200 1647 3187 1751 burg mit vorher gangenem krefftigen Zuspre
2210 1701 3217 1810 fen und betrouwung der Marter ernstliche
2203 1756 2820 1864 exammiert und befragdt.
2196 1817 3227 1943 Oomit seithero Er des Schallenwercks erlaßen
2195 1892 3099 1993 worden, Er weitere diebstähl begangen
2210 1966 3228 2103 Nein, Er seye seithero des Nachts niemahlen
2201 2051 2731 2147 auß zdem Hauß kommen
2202 2147 3179 2260 Ob Er dann nit selbsten bekennt, daß Er
2187 2235 3124 2325 Ister Fur dem Müller im Sulgenbach
2198 2271 3180 2379 etwelche brodt und andere sachen genomen habe
3024 2357 3111 2468 R.
