4032 3024
782 994 885 1084 292
922 1008 1899 1132 nuß dem busfet genomen, vnd selbige in ein
927 1067 1889 1185 anderen schafft, so in der Manren seye, gethan
906 1124 1903 1261 so eben ein Tag zuvor geschehen, ehe Sie hinauf
905 1205 1371 1294 in Garten gangen
922 1264 1891 1389 Ob Sie in gedentem dußet nit auch ein klein
916 1318 1369 1425 leznng Sekel gesehen
920 1397 1633 1507 lein: Sie habe keines gesehen
920 1483 1873 1576 Ob Sie nit in mehr angezogenem Auffet¬
905 1549 1621 1649 auch einiche Schublädl: gesehen?
899 1611 1890 1700 Sie habe die Frl. Rahtsherri etliche mahl ge¬
915 1679 1900 1777 sehen, einiche Schubladt in dem Stuffet hertor
909 1746 1041 1827 ziehen
914 1793 1898 1931 Ob Sie dan gar nichts auß disem duffet genommen.
884 1894 1879 2021 Nein gar nichts, weder auß disen noch anderen
931 1954 1137 2044 Buheten
881 2017 1869 2149 Replicirt. Sie habe Ja einem gewüßen Menschen
902 2089 1864 2194 selbsten bekent, daß Sie 20. R. auß einem Sehel
902 2137 1420 2245 In dem Tusfet genommen
887 2196 1889 2290 Sie habe keinen haller weiniger W. V. Gemahlen aus
898 2256 1900 2372 einichem Sekel genomen, Sie wüße ihre Verröhter
897 2327 1878 2425 wohl, die solches von ihre außgebe, wolte Gott daß
890 2386 1645 2479 man Ihre selbige vor die angenstelte.
814 1247 893 1353 D
819 1398 897 1489 R.
809 1487 894 1580 2
811 1615 880 1711 R
780 1807 883 1893 R
810 1889 879 1987 R.
792 2204 837 2273 H
1967 1060 2091 1159 2
2012 1226 2088 1341 R.
2021 1328 2085 1408 2.
2028 1434 2085 1526 2
2022 1613 2064 1731 2
2007 1915 2071 2020 2
2117 1061 3131 1160 Ob Sie mitin einem gewießen hauß ein Neuwes Badtanb
2116 1118 3116 1199 mit breiten gätterschizen, die auch 4. Kinderhemb
2125 1169 2350 1247 entwendt,
2120 1200 3120 1312 Nein gar nit. auch hierinn überthuren man Ihre
2125 1273 3114 1397 Ob Sie dan Laugnen dorffe, daß sie dem Schneden
2116 1356 3116 1460 tschaßelet mit einighe Kinder hembd Verkauft¬
2111 1409 3108 1526 Sie gestehe, daß sie gedachten Tschaßelet zwe
2105 1473 3057 1563 Knaben hembder zukauffen geben, allein
2105 1546 3108 1652 Sie habe selbige von einem Menschen erhandet.
2114 1601 3091 1716 Ob Sie nit, alß Sie das letztere mahl in Mohhl.
2117 1682 3092 1786 Rahtsherrn Engels hauß gewesen, dem keinen
2129 1740 3082 1825 Meydtlin Im Hauß zu 2. interschidlichen
2135 1785 3069 1896 nahlen gesagt, Sie habe eine debin geschen
2119 1856 3039 1952 hiunder gehen, es solle ihra nachlauffen
2104 1912 3048 2020 kein Sie habe das mit gesagt, sonder die
2104 1977 3045 2084 Sach, sey also hergang alß Sie im Gmnach
2115 2035 3018 2149 geschuunen, seye ein Welsches Mensch, so einen
2109 2112 3093 2190 Manteau angehabt, hinauff komen, die genach¬
2105 2174 3063 2256 thuren aufgethan, darob Sie sehr erschroben
2117 2230 3093 2336 und Sie auf FFranzösisch gefragt, Monseigneur
2101 2296 3050 2396 de Consiller nest il pasla, auf gethanes
2115 2362 3084 2461 verneinen seye selbiges Meuch widruml
2116 2422 3086 2509 die Tagen ab und zum Hauß inaußgangen
2124 2468 3084 2559 welches Sie dem kleinen Meydtl. Im Hauß angezeigt,
