4032 3024
809 1229 837 1281 d
860 1343 861 1403 Weiteren diebstahl nicht begangen
853 1655 856 1698 habe dem H. Großweibel Alhier 100: Guldl. ge
783 2144 849 2262 R. Es habe einmahl Ihnen solches gesagdt, dann
773 1433 822 1480 E
772 1757 838 1838 of
867 1059 1896 1174 deme also seye und es sonsten nicht weiters
869 1119 1161 1210 zugriffen habe
897 1202 1849 1319 Ja Es habe darauff beharret, und seye auch-
880 1280 1885 1384 wahr daß es über die angezeigten, einchen
860 1332 1642 1432 Weiteren diebstahl nicht begangen
875 1391 1839 1514 Wie es dann kome, daß es underwegs, Als
877 1470 1912 1576 mann Ihns von Atingen hinaußgefuhrt, dem
863 1525 1911 1621 Weibel Schurch 3 Buren im Hooff und dem Wei¬
864 1589 1888 1679 bel Aberhardt von Zeuggenriedt angezeigt, Es
855 1655 1881 1751 habe dem H. Großweibel Alhier 100: Guldl. ge
860 1694 1000 1778 stohlen
872 1764 1870 1871 Ja es habe solches denen Manneren Gesagdt
857 1837 1857 1931 Aber es seye nit, Es habe dem Herren Groß¬
863 1888 1365 1974 Weibel mit entwendt.
862 1967 1908 2044 Ob die Manner so mit Ihme gangen Ihns Vnder
875 2031 1915 2122 wegen außgefragt, oder ob es solches von sichselb
863 2074 1479 2165 sten Ihnen Angezeigt habe
847 2145 1860 2263 R. Es habe einmahl Ihnen solches gesagdt, dann
857 2206 1915 2313 es Ihns damahlen gedunckt, es heige allen Leuthen
851 2286 1899 2369 Gestohlen, auch seye Ihm wie im traum vorkomen,
1703 2340 1821 2427 Eb tc.
779 1000 852 1064 246
2013 1052 2099 1136 247
2140 1071 3151 1174 Es heige sein Kindt umbgebracht, Aber Bottlob
2155 1142 2760 1232 Nein, Es seye noch daheimb¬
2162 1203 3119 1309 Warumb Ihme der Sin an Herren Großwei
2152 1270 3117 1342 helkomen, da doch so viel andere Herren in der
2138 1316 3084 1405 Statt sich befinden, und mit vielmehr an Ihr
2146 1369 3095 1470 Schultheiß von dieß bach beydeme es hievor
2143 1430 2353 1514 gedienet.
2128 1476 3139 1594 Hierüber schwige es still, und könte oder wolte
2139 1558 3116 1653 kein Ursach anzeigen, warumb es solches gethan
2140 1627 3121 1742 WWie lang es sich im Sollothurnischen Gebieth
2143 1699 2401 1797 auf gehalten
2151 1762 3093 1867 Ihngefehrt bey 14. Tagen oder 3. Wochen
2135 1823 2476 1923 auff das Längste
2139 1912 3131 2037 Wteilen es hievor angezeigt, daß es zum
2097 1982 3088 2103 Falcken seye Geschwängeret worden, und her
2131 2035 3123 2145 nach ein Vnehelich Kindt gebohren wer dann
2132 2108 3042 2198 der Vatter dieses unehelichen Kindts seye.
2147 2182 3013 2285 Einer von Pfferten Namens Bacotton
3024 2216 3074 2270 so
2141 2257 3122 2326 mit denen Lenden zu thun gehabt, und sich damahls
2130 2294 3127 2379 viel Eym Falchen außgehalten, habe Ihns geschwän¬
2934 2356 3063 2447 Geret,
2043 1206 2118 1328 D
2069 1769 2127 1873 :
2069 1960 2113 2030 E
2045 2185 2108 2310 E
