4032 3024
995 1078 996 1119 Außem Rahthauß zu Neuwenburg einiches Ge¬
978 1123 995 1174 Wächs nach Neuwenburg geführt, über den
983 1180 994 1233 Snr gefahren
989 1515 991 1567 Aber über den Anderen habe Er wegen den starcken
988 1583 991 1615 Wellen nit mehr rnderen wollen, auch habe die
988 1616 991 1673 ungestühme des Sees verhinderet, daß Sie nit
989 1677 991 1737 nach Neuwenburg kommen können sonderen byym
963 1803 991 1918 2. Wer beir Dorthen im Neuvenbürgerge¬
942 1932 990 2041 R. Der Kerl: So mit dem Postwagen zu Murten
985 2029 990 2069 ankommen, seyn mit Ihme über den Seegefahren
983 2071 990 2129 und habe fur Ihn bezahlt. Dann Er habe demsel
986 2127 990 2173 ben kerli gesagdt, daß Gewuße sachen zu Neu¬
971 2172 990 2225 Wenburg zuverkaufen habe, und wann Er selbige
941 1342 979 1419 9
929 965 1939 1082 R. Er seye in Einem Schiff darungen die Wuhrtin
995 1064 1932 1157 Außem Rahthauß zu Neuwenburg einiches Ge¬
995 1114 1897 1213 Wächs nach Neuwenburg geführt, über den
994 1167 1242 1262 Snr gefahren
1032 1246 1939 1351 Wie viel Er für Schifflohn bezahlen müßen
1001 1326 1951 1440 Er habe nichts bezahlt, dann die Schiffleuthe ha
999 1403 1936 1495 ren Ihn geheißen anstatt des Lohns zu Kuderen
1001 1452 1898 1548 ber den Ersten Set nun habe Er geruderet
991 1504 1958 1614 Aber über den Anderen habe Er wegen den starcken
991 1570 1879 1645 Wellen nit mehr rnderen wollen, auch habe die
991 1616 1935 1708 ungestühme des Sees verhinderet, daß Sie nit
991 1677 1924 1785 nach Neuwenburg kommen können sonderen byym
992 1732 1531 1826 Neuwenhauß leuten müßen
991 1809 1926 1946 2. Wer beir Dorthen im Neuvenbürgerge¬
991 1883 1459 1981 bieth für Ihne bezahlt
990 1945 1919 2057 R. Der Kerl: So mit dem Postwagen zu Murten
990 2007 1874 2116 ankommen, seyn mit Ihme über den Seegefahren
990 2071 1930 2166 und habe fur Ihn bezahlt. Dann Er habe demsel
990 2122 1912 2232 ben kerli gesagdt, daß Gewuße sachen zu Neu¬
990 2172 1937 2304 Wenburg zuverkaufen habe, und wann Er selbige
1751 2287 1897 2359 Werde
2151 1704 2203 1786 d
2139 2173 2192 2245 E
2115 2272 2200 2379 H
2138 1139 2231 1257 A
2201 987 3225 1094 Verde verkaufft haben, so wolle Er Ihme das
2220 1052 2599 1148 Geldt Wider geben
2235 1170 3178 1262 Er habe hie bevor als Er gefragdt worden
2208 1233 3152 1321 Wer Ihme bey heraußbrechung außder ge¬
2208 1289 3213 1374 fangenschafft behülflich gewesen, gesagdt, daß
2189 1335 3186 1423 Ihme Niemand darzu geholfen. Nun werde
2198 1403 3231 1470 Bericht gegeben, daß Er underwegs den Profosen
2198 1449 3203 1543 bekennt, daß Ichme Jemands Ein Scheitt ge¬
2211 1503 3192 1600 geben darmit Er das Gätter auß wegen können
2210 1567 3207 1656 solle also anzeigen und bekennen Wer Ihme
2207 1619 2735 1712 das Scheitt zu gebracht.
2212 1700 3193 1791 Es habe der Rohtmetzger Ihme ein Großes
2195 1758 3183 1838 Scheitt oder Spelten von dem Holtz darmit
2201 1816 3161 1890 mann dem Käuffermann geheitzt durch das
2188 1864 3141 1962 Eßenloch hinein gestoßen, vnd der Cauffer
2188 1935 3147 2017 habe Ihm noch zween seinen darzugeben
2201 1976 3177 2078 allein Er habe darmit mit schaffen können vnd
2186 2040 2805 2136 habe Ihm solches mit genutzt
2209 2131 3204 2240 Ob dann der Rohtmetzger vnd Käuster haben
2203 2191 2677 2282 zu Ihme kommen können?
2216 2259 3129 2369 Sie haben nir können zum Eßenloch kommen
2204 2316 2681 2397 aber nit hinein zu Ihme
2142 956 2205 1019 65
