4032 3024
2271 1052 3000 1180 2Maria Madecua
2349 1134 2809 1251 Leib und guht
2386 1220 2828 1309 Von Arwwangen
2128 1276 3127 1389 Nachdeme diesere Weibs persohn, vor
2133 1367 3114 1452 dem H. Castlahnen zu Nimis, hinder Wel¬
2138 1418 3081 1506 chem es von diebstahlsRegen eingezogen
2975 1468 3096 1515 worden
2144 1471 3130 1564 u gehaltenem Examine gestendig gewesen
2128 1529 3112 1631 daß es sein eigenes Kindt, ohnweit Kappe¬
2132 1576 3083 1677 len in Einem Sach ertranckt und umbge¬
2140 1637 3111 1736 hracht, und darauffhin mit seiner bekandt
2138 1698 3062 1791 nuß sub 5ten hujus, zu oberkeitlichen
2130 1761 3057 1854 Banden Gewahrsamblich alhar geschickt
2127 1815 2317 1890 orden
2415 1808 3104 1922 Habend Ihr Gril. auß dero
2132 1882 3074 1986 hochem Mittel Mntfhl. 8 Zeugherren von
2133 1941 3074 2037 Gonstetten zu einem Examinatoren Ge¬
2136 1992 3111 2100 ordnet mit befelchlichen Gesinnen, diesers
2138 2060 3136 2159 unglücksehlige Mensch über die begangene
2130 2114 3127 2196 leidige That und dero Vmbstand in mehrerem
2135 2181 3053 2262 zu examinieren: Vnßtwegen Mahhl.
2139 2224 3101 2331 Zeugherr mit Zuthun Ihr Enl. dieneren
2119 2286 3105 2396 H. Großweibels Imhoof und Grichtschrei¬
2932 2357 3085 2441 beren
