4032 3024
863 969 923 1032 110
965 1013 1950 1129 Umbhang an den Pfensteren abgemacht, vnd
974 1065 1949 1182 Er Staufer Sie Ihme geholfen zusamen legen
968 1133 1935 1227 des Kräyers Sohn aber seye der Erste wider
955 1185 1893 1280 zum Hauß hinauß gangen der Wald Ulli
960 1239 1938 1344 und Er seyend noch etwas nach Ihme darinnen
962 1283 1150 1368 gebliben
975 1369 1817 1478 Waß Er für seinen Antheil bekommen:
983 1451 1906 1556 Er habe zween Vmbhang, Ein Mörseli vnd
949 1527 1502 1618 Ein bitz Zucker genommen
940 1615 1864 1709 Repliciert dieses seye mit die Wahrheit Er
955 1668 1858 1757 habe noch viel andere sachen Mehr bekommen
964 1717 1815 1810 als die Jenigen so Er dißmahlen angebe¬
950 1782 1879 1880 Antwort. Er habe keinen anderen fatzen
959 1844 1851 1949 bekomen, als waß Er Jetzund bekennt habe.
952 1928 1901 2028 Wo Er mit dem entwendten Zeug hinkommen
975 1982 1689 2081 und wein Er selbiges zugebracht.
971 2058 1948 2170 Er habe die Zween Vmbhang und das Mörseli
949 2130 1860 2226 zu Goldbach nit weit von Lutzelfluhe in
947 2180 1934 2285 Einem Bauwrenhauß Obenthalb dem Wührts
941 2242 1912 2355 hauß, zusamen vmb 4thalbe Cronen Verkauft
888 1361 951 1466 2.
2180 1052 3206 1166 Waß das fur Ein ohrt oder Schloß seye darvon
2170 1061 2178 1168 E.
2169 1137 3177 1221 Er gesagdt, daß Er alda habe helffen einbrechen,
2168 1205 3136 1273 und daß mann die sachen mit zween Maul
2167 1241 2799 1328 Eßlen habe hinweg geführt:
2177 1297 3173 1420 Er wuße mit darvon, Er habe gar niemahlen
2165 1379 3193 1466 Geredt daß Er geholfen an Einem solchen ohrt
2172 1447 3190 1528 in brechen, wohl habe Er gehördt vom Strattlingen
2162 1493 2441 1586 Schloß sagen
2165 1580 3159 1683 Ob Ihme mit bekannt seye von dem Jenigen
2159 1646 2985 1732 Diebstahl so zu Rumligen geschechen
2168 1711 3122 1820 Er wüße dar von mit, und seye sein lebtag
2177 1779 2856 1867 nemahls zu kümbligen Gsei
2156 1836 3180 1938 Engeacht nun Mr Hhl. Examinator hierüber
2155 1895 3161 1985 zum Offteren an Ihne Stauffer gesetzt und
2159 1946 3131 2033 alles krefftigen Ernsts zugesprochen die Wahr¬
3066 2000 3173 2051 nder
2153 1998 3038 2085 heit zu bekennen, mit Verdenten daß es
3067 2041 3138 2074 nuße
2158 2047 3144 2137 nit seyn könne, Als daß Er durch diese ved de¬
2150 2103 3102 2206 Diebstahl zu kümligen verstanden haben
2149 2166 3162 2269 Wolte Er doch gantz vnd gar nit gestehen, daß
2148 2229 2875 2331 Ihme darvon etwaß bekannt seye
2917 2267 3145 2369 beharrete
2052 990 2129 1069 141
2082 1055 2172 1069 E.
2055 1069 2080 1083 141
2057 1069 2171 1178 E.
2152 1163 2170 1205 Er gesagdt, daß Er alda habe helffen einbrechen,
2159 1205 2169 1266 und daß mann die sachen mit zween Maul
2160 1263 2168 1322 Eßlen habe hinweg geführt:
2089 1328 2148 1429 R
2164 1399 2166 1458 Geredt daß Er geholfen an Einem solchen ohrt
2081 1575 2148 1694 D.
2154 1505 2164 1589 Schloß sagen
2074 1730 2150 1831 d
2152 1642 2161 1734 Diebstahl so zu Rumligen geschechen
2152 1871 2157 1913 Engeacht nun Mr Hhl. Examinator hierüber
2155 1922 2156 1956 zum Offteren an Ihne Stauffer gesetzt und
2146 2015 2154 2081 heit zu bekennen, mit Verdenten daß es
2146 2142 2152 2206 Diebstahl zu kümligen verstanden haben
2140 2199 2150 2271 Wolte Er doch gantz vnd gar nit gestehen, daß
2147 2264 2149 2308 Ihme darvon etwaß bekannt seye
