4032 3024
979 1169 987 1223 biß über die Gummenen Brugg getragen
980 1331 984 1397 zehrt, und wie viel Er für die Vrte daselbsten
985 1409 985 1431 bezahlt habe
979 1484 987 1560 und eine halbmaß wein gehabt, wüße aber
976 1559 986 1598 mit Wie viel die Vrte gewesen, und waß Er darfür
974 1596 985 1662 bezahlt habe.
974 1732 982 1776 9. b. geloßt, dar von zu Münsigen 3. R vmb
970 1774 981 1829 Brodt und 4. b. dem Mann geben so Ihme die Burde
965 1828 980 1896 getragen, so wurde Er Jawohl wüßen, waß Er für
969 1893 979 1936 die Vote bezahlt, wann Er nur noch 2. R gehalt.
973 2044 978 2102 es Ihm schon solte das leben kosten, so könne Ers
977 2105 979 2147 mit sagen
958 2168 981 2231 ohngeacht nun Muhhl. Examinator hierüber
896 1226 980 1343 E.
847 1645 971 1743 replic.
933 1414 993 1524 2
944 945 1902 1057 G.Wo Er von Kappelen Weiters hingangen
1004 1048 1884 1158 Weilen Er mund 9sin, habe Er zu Kappelen
994 1116 1927 1223 nnem Mann 4. R. geben, der Ihme die burde
984 1169 1744 1267 biß über die Gummenen Brugg getragen
995 1250 1917 1341 Ob Er nit im Wuhrtshauß zu gummenen Ge
981 1308 1915 1396 zehrt, und wie viel Er für die Vrte daselbsten
985 1358 1226 1450 bezahlt habe
998 1443 1900 1547 Ja, Er habe Eine Suppen einen bitzen brodt
986 1485 1879 1596 und eine halbmaß wein gehabt, wüße aber
985 1559 1940 1667 mit Wie viel die Vrte gewesen, und waß Er darfür
984 1596 1228 1678 bezahlt habe.
988 1662 1963 1763 Weilen Er zu vor gesagdt, daß Er auß dem Rittel
981 1720 1862 1817 9. b. geloßt, dar von zu Münsigen 3. R vmb
980 1768 1968 1874 Brodt und 4. b. dem Mann geben so Ihme die Burde
979 1829 1921 1939 getragen, so wurde Er Jawohl wüßen, waß Er für
978 1889 1943 2000 die Vote bezahlt, wann Er nur noch 2. R gehalt.
966 1952 1937 2089 R. Nein Er wuße es Einmahlgar nit, wann
977 2029 1897 2138 es Ihm schon solte das leben kosten, so könne Ers
978 2082 1118 2175 mit sagen
979 2137 1938 2274 ohngeacht nun Muhhl. Examinator hierüber
1692 2267 1879 2351 Zum
2168 939 3190 1060 Zum Offteren an Ihne gesetzt, auch mit Be¬
2201 1933 2235 2038 D
2201 2089 2212 2174 d.
2207 1022 3229 1132 Tröniung der Marter solches zu wußen begehrt,
2203 1091 3218 1165 Ist Er dennoch steif auch nachwehrts an der Mar¬
2257 1138 2353 1193 selbsten
2212 1142 3209 1236 er darauff beharret, daß Er gantz und gar in¬
2195 1193 3171 1300 Wüße, wie viel Er für die Vrte zu gummenen
2202 1267 2484 1354 bezahlt habe.
2201 1324 3120 1430 Solchem nach Wurde Er fehrners befragdt.
2200 1386 3195 1486 Wo Er mit der diebs Burde von gummenen Wei¬
2201 1455 2532 1550 ters hingangen
2212 1535 3165 1624 Er habe selbige auff Murten zu getragen
2207 1602 3162 1674 und als Er daselbst hinkommen, seye von ohnge¬
2203 1649 3210 1766 fehrt ein kerli mit dem Postwagen alda san¬
2203 1721 3213 1807 gelanget, Welchem Er einiche Haußer zu Murte
2202 1763 3169 1866 gezeigt der habe Ihm darfür bym adler das
2202 1841 2600 1942 Nachtlßen bezahlt
2250 1943 3169 2035 Ob Er nit underwegs von gumenen nach
2201 1999 3219 2115 Murten sich für einen Schloßer gesellen außgeben.
2215 2084 3234 2188 Ja Er habe gesagdt Er seye Ein Schloßerschundt
2200 2191 3081 2317 WWo Er von Murten Weiters hinkomen
3003 2290 3104 2411 H.
2107 949 2156 1021 63.
2132 1530 2196 1647 A
2123 1939 2202 2058 D
2129 2088 2201 2200 d.
2194 1208 2196 1282 Wüße, wie viel Er für die Vrte zu gummenen
2200 1414 2201 1468 Wo Er mit der diebs Burde von gummenen Wei¬
2197 1468 2202 1534 ters hingangen
2196 1697 2203 1768 fehrt ein kerli mit dem Postwagen alda san¬
2203 1756 2203 1763 gelanget, Welchem Er einiche Haußer zu Murte
2192 1819 2202 1867 gezeigt der habe Ihm darfür bym adler das
2194 1867 2202 1932 Nachtlßen bezahlt
2184 2042 2201 2092 Murten sich für einen Schloßer gesellen außgeben.
2104 2194 2201 2323 WWo Er von Murten Weiters hinkomen
