4032 3024
736 1976 860 2044 Somer
1060 997 1843 1150 Johannes Lang außem
1217 1090 1590 1180 Säch bey Ahnn
770 992 855 1093 264
824 1133 1913 1273 Den 30. Juni 1713. habend zu Volg
868 1209 1879 1316 Oberkeitlichen Befelchs vom 22ten hujus Ihr
859 1270 1870 1372 Gtl. dienere Muittl. Großweibel Im¬
860 1322 1848 1426 hooff und der Grichtschreiber sich in die Ge¬
866 1384 1876 1460 fangenschafft begeben, daselbsten den von
854 1446 1828 1544 Gegenstorff alhar Geschickten dieben Jo¬
854 1507 1862 1600 hannes Lang außem Sachi bey Thun ge¬
862 1564 1830 1663 bührtig, Beklagdter diebstahlen halb zu
865 1627 1881 1717 examinieren, Welcher über ernstihohrtiges
856 1679 1893 1779 Vorstellen und ermahnen folgende bekandt
872 1741 1149 1832 nuß gethan
850 1801 1855 1910 Eer habe seit zweyen Jahren daher drunden
866 1868 1839 1965 in Waghäußlin bey Philips burg als ein
847 1919 1848 2007 Knechtgedienet seye aber den Verwichenen
856 1986 1865 2054 könmet im Höniet kramt worden, und das
853 2046 1837 2128 fieber bekommen darmit Er biß gegenliecht-
854 2086 1819 2182 mäß behafftetgsin deßtwegen Er seinen
848 2143 1862 2234 dienst verlaßen mußen, da Er dann vmb
845 2200 1808 2302 Liechtmaß mit fuhrleuthen auf Basel
850 2262 1795 2364 kommen, und seithar daselbsten bey einem
1560 2343 1839 2437 Juhrmann
2117 1084 3097 1214 fuhrmann sich als ein Spetter aufgehalten
2085 1174 3091 1274 Vergangenen Zinstag seye es 14. taggsin
2106 1244 3081 1319 Daß sie mit dem Waagen Widrumb von
2105 1294 3060 1397 Morsen abgefahren, am Sambstag darnach
2098 1348 3099 1446 seyend Sie zu Sollothurn ankommen, daselbst
2107 1401 3115 1503 habe Er den Meister knecht mit dem Waagen
2112 1453 3063 1557 laßen auff Saselfahren, Er aber seye zu
2110 1526 2395 1611 ruck gebliben
2120 1560 3096 1684 Wann und zu welcher Zeit Er in der Nach¬
2123 1644 3045 1746 Hahrschafft umb Ingistorft herumb ange¬
2120 1713 2289 1794 langet.
2115 1755 3123 1872 Verschinnen Mittwuchen seyn es Acht taggsin
2116 1822 3058 1934 daß Er von Sollothurn daselbst hin kommen
2120 1892 3081 2002 Ob Er sich nit zu Gegenstorff aufgehalten
2117 1968 2853 2062 und waß Er dorth gemacht habe?
2110 2034 3071 2159 Er habe daselbsten das Allmusen geheuschen
2119 2120 3060 2211 mann habe Ihm aber nichts geben wollen
2116 2165 3094 2239 Weilen Er nun nichts bekommen können, und nichts
2109 2223 3037 2318 zu Eßen gehabt, seye Er zu Urtenen einge¬
2107 2302 2290 2385 brochen.
2001 1050 2098 1134 265
2009 1588 2102 1708 R.
2026 1787 2088 1888 R
2003 1924 2090 2039 D.
2002 2044 2108 2164 Ki
