4032 3024
840 2133 915 2246 8.
923 1015 1897 1155 Den 18. Juli 1712. abend zu Volg
938 1093 1883 1196 Oberkeitlichen Befelchs Muwfl. Großweibel
929 1154 1876 1243 Wurstemberger und der Grichtschreiber Vnß
924 1215 1875 1313 in die gefangenschafft begeben, daselbsten den
929 1264 1933 1374 von Burgdorßf gefängklich alhar gebrachten Hanns
915 1328 1948 1428 Kinder Güster genant, und Babi dantzler außem
916 1381 1874 1484 Eggiwegl vieler beklagdten diebstählen halb,
910 1442 1272 1524 zu examinieren
924 1495 1894 1602 Ward also Erstlich diese dirnen betragdt, O6 Es
935 1555 1930 1646 it vor ohngefehrt einem Monat ein stuck rauw
928 1626 1881 1698 reistigs Euch alhier in der Statt verkaufft, und
923 1662 1628 1762 woher es selbiges bekommen habe?
923 1717 1118 1810 Antwort
925 1772 1924 1889 Ja es habe ein stück reistigstuch, so Ihme der
916 1843 1909 1947 Hanns Kinder zu verkauffen geben drunden
922 1909 1861 2009 am Stalden der Hagelsteinen Talter, so des
904 1961 1662 2046 Landers Sohn gehenrahtet, verkaufft.
922 2022 1877 2130 Wie viel Ellen diedes stuck such gehalten, undt
931 2075 1573 2170 die viel es darauß erlößt habe.
932 2144 1901 2261 8 seyen ohngefehrt Sechs- oder Achtund funst
902 2240 1861 2313 zig Ellen gsen, und habe fur die Ell 6. fr. gelößt.
902 2270 1823 2369 so nach abzug einer Ell so es habe darein gahn
1697 2353 1821 2439 laßen
2019 1035 2095 1126 151
2079 1121 2109 1126 E.
2125 1046 2981 1163 laßen, in allem 3. P. 102 b gebracht.
2138 1115 3113 1236 Varumb es dem Kinder dieses tuch abgenommen
2135 1209 3100 1293 da Ihme doch wohl bekannt gsin, daß Er solches
2135 1241 3106 1336 dem Hanns Rohrer einem wäber zu Hölligen
2122 1304 2334 1393 gestohlen?
2145 1389 3166 1476 Es habe nit gewußt daß der Kinder solches gestoh¬
2138 1434 3104 1526 ten auch habe der Kinder Ihme solches nit an¬
2116 1487 3129 1584 gezeigt, sonder Ihme vorgeben daß seine Schwo¬
2120 1548 2949 1643 ster Ihmes dieses auch zu verkaufen geben
2141 1683 3135 1792 iedem nach Ward auch vorgelaßen Hanns
2113 1756 3118 1853 Kinder Güster genandt, und befragdt, Ob Er
2122 1817 3118 1911 nicht vor ohngefehrt einem Monat dem Hannt
2108 1871 3078 1970 Rohrer wäber zu Bölligen ein stuck tuch ent¬
2132 1931 3144 2029 wendt welches Er nachwehrts dem Babi dentzler
2121 1993 2550 2086 zuverkauffen geben.
2116 2062 3116 2131 Antwort. Ja, Er habe dem Hanns Rohrer
2128 2114 3134 2201 zu Bolligen als selbiger auf der Hochwacht gewesen
2123 2170 3134 2247 ein stuck reistigs tuch ab dem Wabstuhl genomen
2123 2238 3124 2315 und solches dem Oabi dentzler zu verkaufen geben
2122 2283 3050 2379 welches Ihme bey 217 thgl. darfur gebracht.
2057 1126 2086 1134 151
2040 1126 2122 1239 E.
2047 1368 2103 1484 H
