4032 3024
892 943 1029 1075 E. Wie Er seye in die Sachtelen komen, Waß Er
977 1071 999 1118 dorthen gemacht habe:
941 1108 1013 1206 R. Er habe noch ein paar Hosen daselbsten gehabt¬
977 1200 986 1234 welche Er nemen wollen; Allein sein Schwager
965 1427 977 1469 könits beutz Schindler gangen, und bey demselben
968 1530 975 1581 hers Knecht Ihne gefragdt, ob Er nit ohnlengsten
966 1630 972 1704 Morgenfrühe, seye Er mit des Kuehers Sohn nach
965 1826 968 1867 Anderen Kücher etwas gewahrtet, habe Er dergleichen
966 1925 966 1944 Gethan als wann Er vorhin gehen wolte, seye aber
959 2072 963 2112 darauß Er in der nacht dem H. Baunthl. Wagner
944 2120 962 2177 seine Sattel entwendt.
984 957 1918 1094 E. Wie Er seye in die Sachtelen komen, Waß Er
978 1044 1389 1140 dorthen gemacht habe:
990 1119 1887 1232 R. Er habe noch ein paar Hosen daselbsten gehabt¬
981 1200 1880 1280 welche Er nemen wollen; Allein sein Schwager
984 1240 1949 1343 habe Ihne geheißen sich vorthparken, und Ihme mit
988 1287 1967 1399 nehr vor Augen gekommen, seye also gegen der Büsen¬
978 1359 1927 1453 Scheier zu, und von dannen zu dem Kueher zu¬
976 1409 1932 1501 könits beutz Schindler gangen, und bey demselben
981 1469 1948 1567 übernacht gsin Wie Er dahin komen habe des Küe¬
974 1530 1907 1619 hers Knecht Ihne gefragdt, ob Er nit ohnlengsten
980 1573 1942 1683 außgerißen, so Er aber gelaugnet; Morndrist am
971 1632 1901 1749 Morgenfrühe, seye Er mit des Kuehers Sohn nach
980 1706 1900 1799 dus Statt zugangen, als Sie nun mit Einanderen
981 1751 1948 1859 außs Liebefeldkomen und des Küehers Sohn einen
967 1819 1928 1924 Anderen Kücher etwas gewahrtet, habe Er dergleichen
966 1866 1912 1982 Gethan als wann Er vorhin gehen wolte, seye aber
972 1921 1932 2029 zur seitzen uß den Gurdten Jangen hinaus in
970 2006 1941 2094 Wachthauß gangen und daselbsten biß zuachtGebliben
962 2047 1944 2176 darauß Er in der nacht dem H. Baunthl. Wagner
961 2103 1444 2201 seine Sattel entwendt.
1690 2211 1817 2348 H.
2118 974 2215 1102 R
2130 1147 2210 1246 d.
2127 1250 2215 1360 D
2151 1402 2214 1524 A
2138 1555 2213 1684 D.
2212 1330 2215 1419 genommen.
2152 1862 2210 1951 2
2212 1496 2213 1548 1. paar Bottines
2209 1661 2212 1701 dann gemacht habe, daß Er alle diese sachen neun
2206 1700 2212 1764 und Vorth bringen könnes Er habe Ja gesagdt daß
2188 1766 2211 1823 Er matt vnd schwach gsin als Er außthun zuganz
2209 2002 2209 2036 riemen zusamen gebunden
2170 2056 2209 2158 E Ob Er nit diese sachen in des Küpfers Matten
2208 2147 2208 2168 getragen, oder Wo Er darmit hingangen
2205 2199 2208 2271 kein Er habe sie nit in des Küpfers Matten
2207 2272 2207 2335 getragen, sonderen seye grad auf Kappelen zugangen
2140 2206 2205 2308 d
2225 976 3216 1074 er alles bey Ihme Isi, vnd Ihme Geholften
2227 1063 2972 1157 abe diese Sattel und sachen stählen:
2215 1254 2219 1277 D
2214 1402 2215 1411 A
2212 1562 2236 1664 D.
2233 1141 3146 1248 Gar niemandt, Er habe solches allein gethan
2210 1863 2223 1913 2
2235 1256 3220 1350 Waß Er alles dem H. Bauntherren Wagner
2214 1331 2456 1418 genommen.
2247 1393 3226 1507 3. Sättul, di Zaum d. paar pistolen vndt
2213 1473 2622 1569 1. paar Bottines
2257 1548 3228 1653 Wann Ihme Niemands geholfen, Wie Ers
2212 1627 3233 1720 dann gemacht habe, daß Er alle diese sachen neun
2211 1683 3226 1779 und Vorth bringen könnes Er habe Ja gesagdt daß
2211 1744 3243 1825 Er matt vnd schwach gsin als Er außthun zuganz
2249 1831 3207 1950 Es seye ein such grad da gsin dareinn habe Er
2211 1918 3241 2016 die Sattel, pistolen und bottines gethan und mit
2209 1971 2793 2070 riemen zusamen gebunden
2208 2028 3202 2144 E Ob Er nit diese sachen in des Küpfers Matten
2208 2121 3059 2208 getragen, oder Wo Er darmit hingangen
2207 2190 3155 2271 kein Er habe sie nit in des Küpfers Matten
2666 2255 2789 2296 darmit
2207 2265 3233 2353 getragen, sonderen seye grad auf Kappelen zugangen
3032 2374 3085 2455 2
