4032 3024
970 980 1903 1088 neren selbige also vmbgekehrt von Ihrem
947 1049 1942 1154 Mann gehordt zu haben gestanden habe. Allein
950 1108 1909 1211 Es könne seyn, daß sie sich über hördt vndt
945 1173 1897 1262 selbige letz verstanden haben möchte. Sie
953 1235 1912 1340 bätte gleichfahls Eine hoche oberkeit für Ihren
952 1292 1356 1375 Mann Vmb quad
928 1368 1899 1470 Dieses ist also das Jenige c Actum be
946 1424 1288 1535 Marty 1712
2308 953 3135 1066 Dauio Stausfer von Röhtenbach,
2049 997 2137 1086 103
2157 2134 2163 2178 H.
2141 1064 3208 1180 Den 29. Marty 1742: hatt M.Hh. Gatte,
2147 1139 3203 1228 Herr Frisching zu volg Oberkeitlichen befelchs
2273 1194 3171 1276 Dito mit Zuzeuchung Ihr Gkl. die¬
2155 1205 2272 1271 Von
2162 1245 3144 1339 neren Msithl. Großweibel Wurstember
2154 1310 3165 1391 Hers und des Grihtschreibers den in der
2151 1338 3177 1445 Oberen Gefangenschafften enthaltenen Da¬
2152 1401 3192 1496 und Stauser von Rohtenbach, des so ge¬-
2152 1459 3156 1549 nanten rohten Kueffers Sohn, wegen
2151 1517 3121 1622 auff Möhhl. Eekelwweiseren Vennerer
2147 1572 3156 1683 Frischings Guht zu Langnauw Vor Etwel¬
2155 1631 3189 1735 chen Monaten gethanen nächtlichen Einbruchs
2152 1686 3165 1783 und anderen geklagdten Verdächtigen dieb
2151 1743 3073 1847 stählen halber, ernstwörtig examiniert
2163 1788 3181 1893 Welcher dann über die an Ihne Gethane fra¬
2157 1852 2920 1958 zen volgende Bekandtnuß gethan
2162 1941 3158 2049 Wie Er heiße wie alt und von Wannen
2156 2000 2556 2099 Er gebührtig seye?
2174 2103 3165 2208 Er heiße denid Staufer, seye ohngefehrt
2172 2189 3081 2286 25: Jahr alt und zu Röhtenbach daheimen
2160 2280 3123 2373 E. Waß sein Thun und laßen seye, und w0 Et
2939 2349 3038 2429 sich
2078 2104 2158 2225 H.
2139 1606 2149 1684 Frischings Guht zu Langnauw Vor Etwel¬
2149 1803 2152 1848 stählen halber, ernstwörtig examiniert
2150 2042 2157 2099 Er gebührtig seye?
2060 2294 2162 2384 E. Waß sein Thun und laßen seye, und w0 Et
