4032 3024
805 965 866 1041 154
787 984 1080 1106 hinnbegGangen
1255 990 1931 1120 Nachdeme nun des Käuser
908 1077 1934 1170 Langhannsten Tochter auch hinein berusten worden
910 1127 1948 1231 und Ihme Meyer vorgestellt worden, hatt selbige
892 1184 1896 1287 Ihme under munds erhalten, daß Er Ja auff
908 1240 1924 1340 Ihr begehren den Trog mit einem Schrött Eisen
910 1299 1912 1398 und samer geöfnet, darfür Sie Ihme Zween
912 1360 1888 1449 batzen bezahlt, und zwar Ein batzen für seine
917 1432 1908 1508 müht, und Ein batzen weilen Er gesagdt, daß Er
905 1475 1662 1564 deßtwegen die Predigt Versaumbt
908 1509 1903 1632 Ihngeacht nun auff die sem Mayer auf so au¬
905 1594 1923 1684 genscheinliche umbstendt alles krefftigen Ernsts
899 1654 1890 1741 zugesprochen worden, hatt Er dennoch damahlen
914 1702 1892 1805 nicht gestendig seyn wollen, daß Er den trog ge¬
893 1756 1128 1860 öffnet habe
899 1824 1872 1941 Alß nun gestrigen Tags als den 12ten Septb.
889 1901 1876 1988 Ihr Gul. dienere Vorgemelt sich abermahlen
905 1951 1864 2047 in die gefangenschafft verfüegt, und zu volg Ihr
898 2013 1916 2099 Gul. Befelchs diesen Meyer mit beweglichen zu¬
904 2059 1903 2147 sprechen über die eröffnung des Trogs zuredge¬
897 2116 1848 2209 stoßen. hatt Er bekennt, daß Er Ja den Trog
901 2167 1912 2263 geöffnet und zwar auff begehren des Langhanßen
902 2227 1840 2322 Tochter als selbige Ihme Vorgeben daß ihre Brust
1683 2298 1893 2376 darinnen
2116 1019 3114 1133 darinnen verschloßen und sie selbige Hern her
2132 1092 3111 1187 außnemen möchte; daß Er aber wie Ihme
2103 1149 3129 1257 von dem Käuffer Langhannß vorgehalten worde
2121 1223 3156 1285 emnihe von dem Schloß in den trog gefallene Nac
2130 1261 3111 1356 gel darinnen Wider gesucht, und zu den Endt
2134 1302 3107 1407 mit der handdarinnen herumb gegriffen, seye
2120 1366 3073 1471 gantz und gar nicht, sonderen habe allein
2122 1402 3117 1541 den Kindergschlacht deckel aufgeschlagen daß
2122 1486 2849 1594 der Trog nicht widrumb zufalle
2114 1595 3153 1730 Solchem nach ist auch vorgelaßen worden Ma¬
2122 1667 3139 1773 ria Stuber die Haußfrauw und befragdt, waß
2113 1727 3158 1849 fur geldt und sachen Sie von des Käuffer Lang¬
2111 1794 2774 1902 hannsen Tochter empfangen?
2109 1850 3092 1978 Welche darauf in gegenwahrt ermelten
2103 1893 3156 2026 Langhannsten und seiner Tochter bekennt, daß Sie
2120 1977 3093 2091 Ihra Stuberi Anfangs 2. Funstpfündler
2116 2029 3135 2150 zugebracht und gesagdt, Sie habe solches geldt auß
2104 2113 3085 2205 Ihrem Spaarhaaffen genommen, mit ersuchen ihre
2125 2153 3128 2263 selbiges zugehalten, Werlen Ihra Stießmutter
2120 2204 3144 2323 sohandtlich seye, daß Sie allezeit müße geldt zut
2131 2273 3114 2369 Zuchenthun Wann Sie etwas auf dem Marit ein
2956 2320 3105 2414 hauseetc.
2062 1021 2102 1087 5
