4032 3024
821 1216 864 1284 A.
816 1298 859 1383 2
805 1751 855 1830 3.
786 1977 835 2066 4
788 2132 826 2178 5.
780 2180 833 2276 6.
898 993 1893 1136 Ihme von Punten zu Puncten vor gelesen
887 1066 1367 1170 und darüber befragdt
875 1124 1743 1245 Vorauff es nochmahlen bekannte
898 1210 1871 1343 daß es einer Weibs Persohn zu Meßen ein
887 1268 1027 1338 zembd
898 1308 1846 1430 In einem, außerthalb Sollothurn an der
887 1390 1863 1474 Zuchelstraat gelegenen Hauß einen Haaffen
887 1428 1904 1534 und einstuck flächßigt bleicktes Tuch, so 13. Ellen
881 1480 1304 1565 gehalten entwendt;
1400 1489 1924 1587 Allein das stück randes
868 1535 1930 1646 tuch(: welches ein Leinlachen gewesen; so es drunden
863 1598 1887 1687 zu Atingen vorgeben, daß es selbiget genomen;
848 1643 1894 1742 Hhabe es nit entwendt, und deßt wegen die in¬
869 1696 1444 1796 wahrheit vorgeben gesagdt.
876 1765 1909 1871 habe Es einer Schrapferin zu Sollothurn Ur¬
860 1822 1885 1920 Jula genant, einen Weiberrock ein halb tuch
864 1879 1898 1978 ein stuckli Samet, und Etliche Ellen Spitzen ge¬
875 1934 1018 2016 nomen
872 1982 1907 2095 dem Hanns Rueffer zu Buchser bey 20. Ellen
862 2049 1050 2130 halbleig
872 2110 1754 2213 denfeter Aberhardt allda ein hembd.
873 2186 1878 2283 dem Albrecht Aberhardt zu Zutzwyl außem
847 2240 1706 2321 Keller ein Leib Brodt, bey 220ntt. Ancken
1728 2245 1875 2344 2. 1.
854 2284 1480 2385 Anschlitt und ein stückl Käß
1604 2334 1813 2426 Vndt 75.
788 996 872 1063 244
2020 1048 2119 1100 2
2156 1070 3125 1165 zu Ballmos ab Einer stangen ein hembe
2789 1129 2903 1204 wagen
2116 1144 3117 1245 Dieser 4. Letsteren diebstahlen hatten, so Jndoch
2133 1214 3103 1302 restituiert wworden, habe mann Ihns zu Jegen
2126 1267 3141 1334 storff 3. stundlang an Pränger gestellt, und dem¬
2135 1316 3059 1406 nach durch Provosen nacher harsführen laßen.
2135 1387 3131 1497 36 Es nit auch alhier in der Gefangenschaft
2124 1456 3072 1551 Gewesen und auß waß ursachen es einge¬
2131 1513 2389 1606 setzt worden
2128 1597 3122 1695 Alß es alhier zum Falcken gedienet, habe es
2122 1655 3132 1734 eines Tags die hindere Kuchi schorren und sau¬
2125 1718 3107 1785 beren müßen und in dem Gehuder einen sil¬
2122 1747 3091 1839 Hernen Löffel gefunden, denselben habe es
2117 1807 3066 1889 behalten und hernach einem Goldtschmidt
2133 1850 3082 1941 verkaufen wollen, als aber derselbe das
2122 1906 3117 1987 Waapen am Löffel gekennt, und solches bym
2100 1954 3124 2034 Palcken angezeigdt, seye es in die gefangen¬
2119 2001 3067 2117 schafft gesetzt worden, aber bald hernach auf¬
2123 2048 3108 2140 nach werben seiner Schwöster, so den Löstel
2120 2132 3116 2213 wider geben, habe manns wider heraußge
2129 2179 2279 2261 laßen
2125 2226 3122 2348 bes habe drunden zu Atiugen beharret, daß
2131 2302 3094 2398 es sonsten keine Weitere Diebstähl begangen, ob
2957 2372 3039 2444 den
2020 1088 2118 1137 2
2040 1361 2121 1500 E.
2044 1596 2100 1684 H
2027 1673 2056 1757 S
2029 2250 2093 2345 E.
