4032 3024
830 1254 940 1378 Repl.
910 1875 957 1939 h
907 1915 974 1992 E
908 2037 960 2117 E
946 1026 1905 1121 von Arwangen Ihme vorgestellt. Es habe.
946 1082 1890 1188 Ihn eit uohl mußen entschlagen weilen
935 1138 1935 1244 Er vorgeben, daß Er damahlen nit im landt
941 1218 1018 1301 asin
964 1258 1971 1372 So bekenne es dann daß es Ihn wider ent¬
959 1341 1110 1437 schlagen
994 1427 1626 1549 Ja es heige Jhn entschlagen
973 1565 1902 1676 Ob Es nit auch drunden zu wangen gesagdt
967 1630 1918 1735 daß es vor 4. Jahren zu Zurrachmit 1r
1409 1691 1648 1746 gsefnful
967 1704 1953 1796 hartmann baadwührt anfr dem Neun¬
954 1755 1842 1863 hauß, ungebührlich zu schaffen gehabt?
997 1824 1946 1967 Ja es habs gesagdt und seye leiden wahr,
994 1951 1923 2071 Ib es nit vorgeben, daß es vor ohngefehrt
995 2033 1944 2122 4thalb Jahren mit Einem Burger VonHern
964 2083 1894 2191 alhier zu Kableuthen auch Zuthun gehabt
970 2142 1533 2240 und war derselbige seye?
987 2219 1909 2344 Ja es seye wahr, es habe zu Räblenthen
1768 2319 1901 2397 alhier
2178 1257 2188 1303 Herr Trage seine Eigene haar sonderen eine
2177 1302 2187 1374 perruque, der damahlige wührt könte sagen
2182 1437 2185 1478 am Abend die Statthinauff gegen de
2174 1506 2183 1558 Refi heimbgezundtet,
2143 1561 2182 1661 E. Erb habe auch gesagdt daß ein gewußer
2168 1709 2179 1767 dem Bruggfeld Ichns beschlosen habe, ob Es
2161 1786 2178 1853 denselben kenne
2102 1841 2177 1949 R. Es kenne Ihn anderst mit weder daß Er
2164 1956 2175 2003 gesagdt, Er heiße He Gerßet Er seye kein
2156 2006 2174 2067 Junger Herr uuhr, wüße auch mit ob Er Ver¬
2152 2063 2173 2133 henrahtet sey oder nit
2134 2148 2171 2258 2 Ob Ers mit frantz Varnier von Pfferten
2162 2300 2168 2357 Ohrt Er bey Ihme gsin, und ob es denselben
2150 2341 2167 2424 Eigentlich keine
2176 1024 3229 1156 Alhier mit Einem Jungen herren Etliche mahl
2196 1102 3228 1218 ungebührlich zu schaffen gehabt, Es wüße aber
2200 1160 3222 1269 mit eigentlich Wie Er zeiße, Es sey ein kurtzer
2433 1226 2461 1264 1t
2187 1233 3181 1328 Herr Trage seine Eigene haar sonderen eine
2186 1296 3199 1388 perruque, der damahlige wührt könte sagen
2186 1343 3184 1446 Wer Er seye, deßen Magdt Ihme allwegen
2184 1412 3087 1516 am Abend die Statthinauff gegen de
2182 1463 2715 1570 Refi heimbgezundtet,
2181 1567 3183 1681 E. Erb habe auch gesagdt daß ein gewußer
2182 1639 3204 1740 Bürger von hier in H. Zechenders haußans
2178 1696 3157 1800 dem Bruggfeld Ichns beschlosen habe, ob Es
2177 1754 2541 1855 denselben kenne
2175 1841 3199 1949 R. Es kenne Ihn anderst mit weder daß Er
2174 1915 3165 2005 gesagdt, Er heiße He Gerßet Er seye kein
2173 1977 3189 2082 Junger Herr uuhr, wüße auch mit ob Er Ver¬
2172 2041 2698 2142 henrahtet sey oder nit
2310 2118 2442 2203 ich auch
2169 2138 3180 2271 2 Ob Ers mit frantz Varnier von Pfferten
2173 2233 3166 2324 ohngebührlich zugehalten, wo und an welchem
2167 2275 3157 2390 Ohrt Er bey Ihme gsin, und ob es denselben
2166 2339 2572 2436 Eigentlich keine
