4032 3024
760 993 845 1086 920
831 1718 838 1780 von deße
892 1057 1899 1193 den Köhen bergen bey Plassell das Veich ge¬
858 1126 1009 1203 hientet
875 1163 1872 1291 Vor ohngefehrt 17. Jahren habe Er sich vorheu¬
874 1245 1883 1351 rahtet, und anfangs ordenlich gehaußet bißE.
850 1290 1865 1392 von anderen Leuthen wegen in Vngluck kome
886 1350 1881 1458 eithar habe Er das Meßerschmidt handt werde
861 1404 1872 1528 gelehrnet, und bißweilen Meßergemacht
854 1471 1895 1575 die Ihme halben Gulden vnd halbe konen goldte
1617 1527 1885 1604 Reibe Eberwil
840 1543 1894 1654 Vor etwas Zeits seyn sein Weib zu Oberwgl
848 1610 1888 1709 mit Einem anderen Veib in streittigkeit kommen
834 1673 1850 1774 also daß sie Einanderen geschlagen, vnd eilen
837 1719 976 1771 lwegen,
853 1733 1883 1828 Larüber hin seinem WVeib eine buß auß erlegdt
828 1790 1872 1894 worden, so habe Er zu Abstattung dieser Buß
832 1851 1875 1957 müßen seinen WurchZeug versetzen, elchen
821 1909 1871 2016 sein Weib nach Buren getragen vnd daselbsten
828 1973 1554 2081 in Jacob Kochers hauß versetzt.
815 2052 1891 2167 Verudrigen Jahrs habe Er under zrn Conyseinen
825 2112 1861 2212 Hielerischen Hauptmann als Soldat gedienet
825 2177 1876 2271 und zu Wifflisfurg einen Monat Lang in garri¬
806 2235 1865 2328 son gelegen sein Hauß Meister zu Reiben habe
803 2275 1891 2373 Ihn geschickt nachwehrts seye Er mit der Compagii
810 2329 1470 2442 biß auf Beüren Marchiert.
684 1340 859 1452 zu Oberuigh
673 1710 834 1797 von deße
850 1350 852 1378 von anderen Leuthen wegen in Vngluck kome
840 1550 842 1608 Vor etwas Zeits seyn sein Weib zu Oberwgl
797 1673 836 1726 also daß sie Einanderen geschlagen, vnd eilen
828 1805 830 1843 worden, so habe Er zu Abstattung dieser Buß
817 1929 824 1999 sein Weib nach Buren getragen vnd daselbsten
805 2052 818 2120 Verudrigen Jahrs habe Er under zrn Conyseinen
806 2238 809 2299 son gelegen sein Hauß Meister zu Reiben habe
801 2298 806 2358 Ihn geschickt nachwehrts seye Er mit der Compagii
1989 1110 2070 1146 D
2455 1041 2630 1144 gesagdt
1976 1061 2056 1147 221
2447 1104 3167 1204 angezeigt daß Er von anderen
2087 1079 2429 1220 Er habe droben
2917 1157 3122 1204 habe aber
2075 1165 3133 1244 Leuthen wegen in unglück kommen Wie Er solle
2073 1229 3151 1319 nit angezeigten Waß für ungluck und wie solches zu
2072 1306 2212 1386 gangen
2173 1300 2544 1423 Einer im Guggisporg
2071 1359 3150 1485 Es habe Ihn einer unschuldig angeben, daße
2069 1436 3098 1525 Ihme ninge brochen, seye aber gantz inwahr
2068 1497 2268 1604 hast gsi
2068 1606 3132 1712 Auß Waß ursachen Er dißmahlen alharge
2065 1683 2396 1780 bracht worden.
2070 1752 3125 1888 Alß Ervon Eryburg komen, habe Er sich zu
2291 1831 2701 1891 seinen verwandten
2061 1847 3091 1939 Jacob zuß zu nach beiben begeben, der Ihme
2061 1897 3098 1991 bey seiner ankunft grad alsob ald angezeigt
2059 1951 3091 2052 daß des Kochers Frauw zu Buren Gefangen
2058 2009 3145 2112 gsin die habe Ihn angeklagdt, daß Er eine ballen
2058 2066 3124 2159 mit tuch eröffnet, und habe Ihn also darein ge¬
2056 2126 3144 2223 than und sich selbsten daraußgezogen; Worauffhin
2055 2177 3069 2287 Er die Frauw beschickt und Ihre solches Vorge¬
2054 2244 3121 2341 halten und gefragdt, Warumb sie Ihne unschuldig
2053 2297 3133 2403 darein gezogen; welche Ihme darauf zur ant¬
2052 2378 3018 2461 wort geben, Sie habe Ihrem Sohn mit wolle
2055 2410 3115 2517 Verschonet und denselben nit WWottein angeben
1989 1138 2073 1210 D
1985 1145 2002 1149 221
1996 1367 2048 1487 E
1960 1597 2051 1715 E.
2070 1208 2075 1241 Leuthen wegen in unglück kommen Wie Er solle
1958 1253 2074 1338 nit angezeigten Waß für ungluck und wie solches zu
2060 1319 2073 1389 gangen
2068 1401 2071 1450 Es habe Ihn einer unschuldig angeben, daße
2061 1463 2070 1520 Ihme ninge brochen, seye aber gantz inwahr
2058 1541 2069 1592 hast gsi
2061 1698 2066 1757 bracht worden.
2053 1863 2063 1924 Jacob zuß zu nach beiben begeben, der Ihme
2047 1927 2061 1967 bey seiner ankunft grad alsob ald angezeigt
2049 1967 2061 2052 daß des Kochers Frauw zu Buren Gefangen
2043 2016 2060 2116 gsin die habe Ihn angeklagdt, daß Er eine ballen
2058 2095 2058 2110 mit tuch eröffnet, und habe Ihn also darein ge¬
2052 2134 2057 2218 than und sich selbsten daraußgezogen; Worauffhin
2042 2220 2056 2281 Er die Frauw beschickt und Ihre solches Vorge¬
2047 2278 2055 2313 halten und gefragdt, Warumb sie Ihne unschuldig
2044 2315 2054 2358 darein gezogen; welche Ihme darauf zur ant¬
2050 2380 2053 2429 wort geben, Sie habe Ihrem Sohn mit wolle
