4032 3024
893 1163 947 1171 E.
884 933 928 1002 58
947 1049 947 1054 umb 3: b. brodt gekauft, darauß seye Er in Einem
944 1050 948 1129 Heuisscheürli zu Munsigen Eintag und zwonächt
961 930 1963 1048 Geldt zu Münsigen Eri Pfister zum Lonorn
947 999 1990 1110 umb 3: b. brodt gekauft, darauß seye Er in Einem
947 1050 1975 1165 Heuisscheürli zu Munsigen Eintag und zwonächt
942 1173 988 1297 E.
955 1106 1651 1219 wegen Mattigkeit im Zeuw gelegen
984 1192 1918 1318 Wie es doch Möglich seye, daß Er obsich auß
934 1869 971 1987 E.
948 1264 1922 1369 und zwar auff Munsigen zugangen da doch
933 2069 939 2087 d
943 1323 1908 1420 Wegen des dorthen begangenen Diebstahls Ihne
950 1359 1659 1479 Mannigklich alda gekannt hätte?
963 1444 1947 1563 Mann kenne Ihn daselbsten nit und Wurdt
944 1524 1633 1618 Ihn noch Jetz niemand kennen
967 1582 1946 1724 Ob Er nit auch seithero Eym Küher zu könte Ein¬
936 1671 1359 1771 mahl über nacht gsm.
934 1738 1950 1853 R. Ja, Er seye bym Kueher daselbsten Einmahl
928 1809 1974 1912 übernachtet, Aber der Kueher habe Ihn nit gekennt
953 1886 1920 1989 Wielanges gsin von dem an, daß Er zu Mün¬
934 1948 1911 2056 sigen im Schnürli sich auf gehalten, biß Er nach Rö¬
935 1995 1166 2089 uch kommen?
954 2068 1918 2184 Er wuße nit welchen Tag Er nach köntzkommen
942 2162 1905 2309 E. Es scheine Hantz ungläublich daß Er auch nur
1691 2294 1813 2367 Eine
875 1171 949 1298 E.
888 1446 942 1546 E
889 1869 945 1992 E.
941 1323 945 1378 Wegen des dorthen begangenen Diebstahls Ihne
878 2069 935 2168 d
886 1752 944 1837 R. Ja, Er seye bym Kueher daselbsten Einmahl
928 1848 936 1871 übernachtet, Aber der Kueher habe Ihn nit gekennt
930 1967 935 1999 sigen im Schnürli sich auf gehalten, biß Er nach Rö¬
873 2163 954 2283 E. Es scheine Hantz ungläublich daß Er auch nur
2194 957 3174 1096 Einen Tag in dem Scheürli bey Münsigen sich
2207 1050 3146 1154 auffhalten können; sittemahl Er sich sobald zu
2193 1113 2547 1214 kondt befunden.
2193 1194 3198 1304 R. Err seye an Einem Abend zu dem Schnurlikon
2192 1407 2208 1501 A
2195 1262 3187 1340 und Mornderst in der nacht Widrumb Vorth¬
2193 1321 2668 1416 und nach Thum gangen
2231 1427 3207 1524 Wo und bey Wein Er zwuschen Münsigen vndt
2192 1484 2788 1587 Thun sich ausgehalten habe.
2207 1549 3207 1678 Er habe sich bey Niemand aufgehalten, sonderen
2191 1638 3178 1735 Weilen Er schwach und Elend gsin, seye Er auß
2191 1692 3205 1792 Mattigkeit Gald an Einem, bald am anderen Orth
2191 1751 2673 1835 geseßen und geleuwet
2209 1822 2949 1950 Waß Er zu Thun gemacht habe.
2212 1928 3182 2042 Er habe sich zu Thun mit außgehalten, sonderen
2190 2001 3151 2089 Graden wegs durch die Statt durch, und über die
2189 2047 3154 2162 ander Brugg sich anen aben begeben, vnd bym
2189 2120 3175 2212 Thalgiht in der Krupfen einer Scheuren über¬
2189 2173 3139 2274 nacht gelegen Mornderst aber Weiters hinab
2189 2234 2844 2342 gegen der Bächtelen zu gangen
2179 954 2194 1076 Einen Tag in dem Scheürli bey Münsigen sich
2114 962 2190 1034 59
2182 1122 2194 1205 kondt befunden.
2191 1327 2193 1379 und nach Thum gangen
2113 1402 2193 1520 A
2123 1582 2190 1673 R
2105 1837 2185 1937 2
2186 1500 2192 1573 Thun sich ausgehalten habe.
2178 1648 2191 1717 Weilen Er schwach und Elend gsin, seye Er auß
2170 1714 2191 1779 Mattigkeit Gald an Einem, bald am anderen Orth
2175 1785 2191 1838 geseßen und geleuwet
2182 2037 2190 2091 Graden wegs durch die Statt durch, und über die
2189 2085 2190 2123 ander Brugg sich anen aben begeben, vnd bym
2179 2130 2189 2213 Thalgiht in der Krupfen einer Scheuren über¬
2183 2216 2189 2256 nacht gelegen Mornderst aber Weiters hinab
2168 2252 2189 2330 gegen der Bächtelen zu gangen
2153 1205 2193 1288 R. Err seye an Einem Abend zu dem Schnurlikon
