4032 3024
1015 961 1982 1084 Ansetzung der Marter fürzefahren Weiß¬
1018 1040 1954 1134 liches Bedencken getragen und bevorderest
1016 1088 2012 1210 diese erhaltene Bekandtnuß Er Gl. vor¬
1019 1146 1378 1232 zutragen wollen
2166 1149 2244 1229 M
2249 990 3225 1140 Nachdeme Ihr Gnadl. Auß an¬
2258 1083 3243 1193 gehördter Letztmahligen Vergicht, des Wegen
2242 1149 3291 1258 H. Brigadies Stürler geraubten Silbergschirk
2237 1203 3251 1316 gefangtlich enthaltenen Hyppolitte (Cherin
2253 1288 3246 1366 ersechen; daß selbiger ander Anderen auch
2235 1325 3228 1408 bekennt, daß zu so langen schart neitigem
2237 1387 3239 1470 verlaugnen des begangenen diebstahls, Er von
2228 1444 3246 1544 Iemanden seye angestifftet worden. Habend
2218 1492 3258 1602 Ihr Gul. dero dieneren Maruthl. Großwei¬
2237 1558 3238 1660 Hel Wursteinbergeren vnd dem Grichtschreiber
2239 1606 3258 1714 unbefohlen diesen Cheei darüber zu vernem
2236 1681 3219 1774 men, und von wern Er aufgestiftet worden
2227 1731 3253 1831 ernstlichen zu befragen. Weßtwegen ermelt
2220 1783 3249 1900 Ihr Gnl. Dienere den 8. hujus sich in die ge¬
2220 1857 3238 1959 fangenschafft begeben und ig gegenwahrt Möcthl.
2214 1901 3220 2015 Brigadiei Sturlers, H. Hieron: Haußers vnd ho
2204 1969 3244 2078 Er Zollner Lienhardts Ihne Cherir so wohl hier¬
2221 2038 3243 2121 über als auch wegen denen übergebenen Brieffe
2223 2092 3177 2189 alles Ernsts zu vedgestoßen und befragdt.
2213 2170 3207 2307 Welcher hierauff folgende bekandt nuß vndt
2223 2252 2503 2346 Bericht geben.
2962 2315 3199 2424 Alß Er s.
