<?xml version="1.0" encoding="UTF-8" standalone="yes"?>
<PcGts xmlns="http://schema.primaresearch.org/PAGE/gts/pagecontent/2013-07-15" xmlns:xsi="http://www.w3.org/2001/XMLSchema-instance" xsi:schemaLocation="http://schema.primaresearch.org/PAGE/gts/pagecontent/2013-07-15 http://schema.primaresearch.org/PAGE/gts/pagecontent/2013-07-15/pagecontent.xsd">
    <Metadata>
        <Creator>prov=University of Rostock/Institute of Mathematics/CITlab|PLANET AI GmbH/Gundram Leifert/gundram.leifert@planet-ai.de:name=Transkribus German Kurrent M2(htr_id=29820)::::v=2.6.7
prov=University of Rostock/Institute of Mathematics/CITlab|PLANET AI GmbH/Tobias Gruening/tobias.gruening@planet-ai.de:name=de.uros.citlab.module.baseline2polygon.B2PSeamMultiOriented:v=2.6.7
prov=University of Rostock/Institute of Mathematics/CITlab|PLANET AI GmbH/Tobias Gruening/tobias.gruening@planet-ai.de:name=/net_tf/LA73_249_0mod360.pb:de.uros.citlab.segmentation.CITlab_LA_ML:v=2.6.7
Transkribus</Creator>
        <Created>2022-05-02T16:07:27.781+02:00</Created>
        <LastChange>2023-06-16T11:32:07.004+02:00</LastChange>
        <TranskribusMetadata docId="1336518" pageId="52421215" pageNr="74" tsid="127086293" status="IN_PROGRESS" userId="42748" imgUrl="https://files.transkribus.eu/Get?id=RBMKVYGUBHWGKZAXFPEQXMJN&amp;fileType=view" xmlUrl="https://files.transkribus.eu/Get?id=ZGVMFSIPKPKTUYOOTHFLXDOH" imageId="30694383"/>
    </Metadata>
    <Page imageFilename="IMG_6628.jpg" imageWidth="4032" imageHeight="3024">
        <ReadingOrder>
            <OrderedGroup id="ro_1687513570207" caption="Regions reading order">
                <RegionRefIndexed index="0" regionRef="TextRegion_1686907901168_2259"/>
                <RegionRefIndexed index="1" regionRef="TextRegion_1686907912316_2263"/>
            </OrderedGroup>
        </ReadingOrder>
        <TextRegion orientation="0.0" type="paragraph" id="TextRegion_1686907901168_2259" custom="readingOrder {index:0;}">
            <Coords points="783,941 1922,1024 1922,2334 832,2320"/>
            <TextLine id="r2l1" custom="readingOrder {index:0;}">
                <Coords points="922,1054 1043,1083 1124,1051 1429,1051 1606,1102 1733,1063 1882,1083 1909,1035 1700,995 1595,1024 1521,994 1453,1021 923,997"/>
                <Baseline points="929,1049 977,1049 1026,1049 1074,1049 1123,1049 1172,1050 1220,1050 1269,1050 1318,1052 1366,1052 1415,1053 1464,1055 1512,1056 1561,1058 1610,1059 1658,1061 1707,1062 1756,1065 1804,1067 1853,1070 1902,1073"/>
                <TextEquiv>
                    <Unicode>betreffend Weiters den Schär, so habe derselbe</Unicode>
                </TextEquiv>
            </TextLine>
            <TextLine id="r2l2" custom="readingOrder {index:1;}">
                <Coords points="928,1107 1055,1140 1176,1106 1222,1133 1251,1108 1513,1114 1588,1146 1623,1123 1686,1157 1747,1121 1840,1139 1734,1063 1634,1099 1424,1052 1296,1052 1239,1086 1128,1051 1064,1085 929,1073"/>
                <Baseline points="935,1101 979,1101 1024,1102 1069,1103 1114,1103 1159,1103 1204,1104 1249,1106 1294,1106 1339,1107 1384,1109 1428,1110 1473,1112 1518,1113 1563,1115 1608,1116 1653,1119 1698,1121 1743,1122 1788,1124 1833,1127"/>
                <TextEquiv>
                    <Unicode>in denen zwey letzten Maritten bey den</Unicode>
                </TextEquiv>
            </TextLine>
            <TextLine id="r2l3" custom="readingOrder {index:2;}">
                <Coords points="914,1161 1297,1166 1387,1209 1723,1181 1847,1220 1849,1140 1787,1123 1718,1163 1625,1125 1587,1145 1382,1107 1295,1111 1252,1149 1127,1105 1055,1140 981,1106 915,1119"/>
                <Baseline points="921,1157 967,1158 1013,1158 1059,1158 1105,1160 1151,1161 1197,1163 1243,1164 1289,1165 1335,1167 1381,1168 1427,1170 1473,1172 1519,1173 1565,1175 1611,1175 1657,1177 1703,1178 1749,1179 1795,1179 1842,1179"/>
                <TextEquiv>
                    <Unicode>Brämerständen Etwelche hornige kleine Fabai</Unicode>
                </TextEquiv>
            </TextLine>
            <TextLine id="r2l4" custom="readingOrder {index:3;}">
                <Coords points="920,1226 1880,1242 1881,1196 1818,1221 1721,1180 1439,1209 1255,1163 921,1186"/>
                <Baseline points="927,1211 974,1212 1021,1212 1069,1214 1116,1215 1163,1215 1211,1217 1258,1218 1305,1219 1353,1220 1400,1222 1447,1223 1495,1224 1542,1226 1589,1227 1637,1229 1684,1230 1731,1231 1779,1232 1826,1234 1874,1236"/>
                <TextEquiv>
                    <Unicode>quieres, Ein Mäßerlin und Fabaipfeisten ent¬</Unicode>
                </TextEquiv>
            </TextLine>
            <TextLine id="r2l5" custom="readingOrder {index:4;}">
                <Coords points="922,1271 1907,1312 1881,1251 1804,1272 1749,1245 1706,1274 1570,1231 923,1233"/>
                <Baseline points="929,1272 977,1272 1026,1272 1074,1272 1123,1272 1172,1272 1220,1274 1269,1274 1317,1274 1366,1275 1415,1277 1463,1278 1512,1279 1560,1281 1609,1283 1658,1285 1706,1287 1755,1290 1803,1293 1852,1297 1901,1301"/>
                <TextEquiv>
                    <Unicode>wendt, sonsten seye Ihme weiters mit in wußen</Unicode>
                </TextEquiv>
            </TextLine>
            <TextLine id="r2l6" custom="readingOrder {index:5;}">
                <Coords points="909,1338 957,1353 1005,1337 1105,1374 1141,1345 1172,1363 1219,1334 1266,1357 1313,1333 1371,1373 1407,1339 1494,1341 1494,1286 1476,1278 1324,1310 1243,1281 1211,1298 1109,1276 1059,1297 973,1275 909,1287"/>
                <Baseline points="915,1328 943,1329 972,1329 1000,1329 1029,1329 1058,1329 1086,1331 1115,1331 1143,1331 1172,1331 1201,1332 1229,1332 1258,1332 1286,1332 1315,1332 1344,1332 1372,1332 1401,1332 1429,1332 1458,1331 1487,1331"/>
                <TextEquiv>
                    <Unicode>daß derselbe genommen habe</Unicode>
                </TextEquiv>
            </TextLine>
            <TextLine id="r2l7" custom="readingOrder {index:6;}">
                <Coords points="917,1427 1160,1409 1261,1448 1415,1403 1470,1444 1511,1413 1730,1447 1779,1417 1854,1453 1895,1446 1896,1395 1510,1334 1389,1390 1245,1346 1185,1375 1139,1346 1077,1388 918,1344"/>
                <Baseline points="924,1398 972,1400 1020,1401 1068,1402 1117,1403 1165,1404 1213,1405 1261,1406 1310,1407 1358,1407 1406,1409 1454,1409 1503,1410 1551,1411 1599,1412 1647,1413 1696,1415 1744,1416 1792,1416 1840,1418 1889,1419"/>
                <TextEquiv>
                    <Unicode>Alß nun hierüber der Schär hinein gelaßen</Unicode>
                </TextEquiv>
            </TextLine>
            <TextLine id="r2l8" custom="readingOrder {index:7;} place {offset:13; length:6;}">
                <Coords points="929,1465 1027,1487 1229,1462 1362,1500 1426,1461 1855,1468 1809,1428 1562,1444 1518,1413 1475,1444 1386,1413 1352,1441 1000,1414 929,1437"/>
                <Baseline points="935,1457 980,1455 1026,1455 1071,1455 1117,1455 1163,1457 1208,1457 1254,1458 1300,1460 1345,1461 1391,1463 1437,1464 1482,1465 1528,1466 1574,1468 1619,1469 1665,1469 1711,1470 1756,1470 1802,1470 1848,1469"/>
                <TextEquiv>
                    <Unicode>in Gegen dem Erutig confrontiert worden</Unicode>
                </TextEquiv>
            </TextLine>
            <TextLine id="r2l9" custom="readingOrder {index:8;}">
                <Coords points="917,1543 1152,1550 1231,1515 1280,1546 1443,1518 1552,1556 1607,1519 1914,1545 1914,1489 1693,1461 1312,1500 1156,1456 918,1483"/>
                <Baseline points="924,1514 973,1514 1022,1515 1071,1515 1120,1515 1169,1515 1218,1515 1268,1517 1317,1517 1366,1517 1415,1517 1464,1517 1513,1517 1562,1517 1612,1518 1661,1518 1710,1520 1759,1520 1808,1521 1857,1523 1907,1524"/>
                <TextEquiv>
                    <Unicode>hatt derselbe wegen des Vorgehabten Einbruchs</Unicode>
                </TextEquiv>
            </TextLine>
            <TextLine id="r2l10" custom="readingOrder {index:9;}">
                <Coords points="903,1600 1416,1578 1754,1611 1888,1584 1814,1532 1629,1522 1521,1562 1409,1518 1279,1545 1232,1516 1153,1550 962,1529 903,1557"/>
                <Baseline points="909,1575 957,1575 1006,1575 1054,1575 1103,1575 1152,1575 1200,1575 1249,1575 1297,1575 1346,1577 1395,1577 1443,1577 1492,1578 1540,1578 1589,1578 1638,1578 1686,1580 1735,1580 1783,1580 1832,1580 1881,1580"/>
                <TextEquiv>
                    <Unicode>gleich dem frutig, steiß beharret, daß Er dar¬</Unicode>
                </TextEquiv>
            </TextLine>
            <TextLine id="r2l11" custom="readingOrder {index:10;}">
                <Coords points="912,1645 1792,1660 1907,1642 1908,1589 1845,1626 1418,1580 1295,1611 1207,1582 1166,1614 912,1596"/>
                <Baseline points="918,1634 967,1634 1016,1634 1065,1634 1114,1634 1163,1634 1212,1634 1262,1634 1311,1635 1360,1635 1409,1637 1458,1637 1507,1637 1556,1638 1606,1638 1655,1640 1704,1640 1753,1640 1802,1640 1851,1641 1901,1641"/>
                <TextEquiv>
                    <Unicode>von einihe wüßenschaft noch Vnderredung mit</Unicode>
                </TextEquiv>
            </TextLine>
            <TextLine id="r2l12" custom="readingOrder {index:11;} person {offset:4; length:6;}">
                <Coords points="923,1691 1134,1732 1457,1693 1538,1738 1610,1695 1871,1702 1871,1675 1736,1640 1477,1678 1320,1637 1188,1666 1052,1630 995,1673 924,1653"/>
                <Baseline points="929,1686 975,1688 1022,1689 1069,1689 1116,1690 1163,1691 1209,1691 1256,1691 1303,1692 1350,1692 1397,1692 1443,1692 1490,1694 1537,1694 1584,1694 1631,1695 1677,1695 1724,1695 1771,1697 1818,1698 1865,1700"/>
                <TextEquiv>
                    <Unicode>dem Frutig gantz und gar nit gehabt, Wegen</Unicode>
                </TextEquiv>
            </TextLine>
            <TextLine id="r2l13" custom="readingOrder {index:12;}">
                <Coords points="914,1778 1174,1744 1256,1785 1422,1745 1697,1760 1770,1796 1884,1767 1885,1734 1752,1703 1597,1737 1503,1705 1390,1728 1340,1697 1260,1734 915,1704"/>
                <Baseline points="921,1745 968,1745 1016,1746 1064,1746 1112,1746 1160,1746 1208,1746 1255,1748 1303,1748 1351,1748 1399,1749 1447,1749 1495,1751 1543,1751 1590,1752 1638,1752 1686,1754 1734,1754 1782,1755 1830,1755 1878,1757"/>
                <TextEquiv>
                    <Unicode>des genomenen Weins aber an der Metzger¬</Unicode>
                </TextEquiv>
            </TextLine>
            <TextLine id="r2l14" custom="readingOrder {index:13;}">
                <Coords points="910,1835 1318,1852 1471,1807 1517,1840 1815,1820 1864,1853 1929,1820 1929,1777 1707,1793 1529,1750 1410,1780 1219,1784 1164,1754 911,1776"/>
                <Baseline points="917,1806 967,1805 1017,1805 1067,1805 1118,1805 1168,1805 1218,1805 1268,1805 1319,1805 1369,1805 1419,1806 1469,1806 1520,1808 1570,1808 1620,1809 1670,1810 1721,1811 1771,1812 1821,1814 1871,1814 1922,1815"/>
                <TextEquiv>
                    <Unicode>gaßen, die hergangenheit der sach also angebracht</Unicode>
                </TextEquiv>
            </TextLine>
            <TextLine id="r2l15" custom="readingOrder {index:14;}">
                <Coords points="905,1900 1025,1923 1199,1892 1329,1930 1373,1898 1566,1924 1610,1898 1655,1927 1881,1907 1881,1859 1679,1878 1441,1822 1306,1861 1180,1840 1119,1865 1009,1827 905,1863"/>
                <Baseline points="911,1896 959,1895 1007,1893 1055,1893 1103,1892 1152,1892 1200,1892 1248,1892 1296,1893 1344,1893 1393,1895 1441,1895 1489,1896 1537,1896 1585,1898 1634,1898 1682,1898 1730,1896 1778,1896 1826,1895 1875,1893"/>
                <TextEquiv>
                    <Unicode>Er seye mit des Glaser Buters Sohn, denen</Unicode>
                </TextEquiv>
            </TextLine>
            <TextLine id="r2l16" custom="readingOrder {index:15;} place {offset:7; length:8;} person {offset:34; length:6;}">
                <Coords points="917,1955 974,1986 1046,1949 1163,1983 1203,1954 1462,1953 1618,1994 1660,1954 1893,1970 1866,1909 1664,1938 1507,1902 1447,1934 1401,1899 1331,1931 1199,1893 1076,1894 1025,1931 968,1894 917,1914"/>
                <Baseline points="923,1949 971,1949 1019,1949 1067,1949 1115,1949 1163,1949 1211,1950 1260,1950 1308,1950 1356,1950 1404,1950 1452,1952 1500,1952 1548,1952 1597,1953 1645,1953 1693,1953 1741,1953 1789,1954 1837,1955 1886,1955"/>
                <TextEquiv>
                    <Unicode>beyden Frutigen und dem Keinseger Samuel</Unicode>
                </TextEquiv>
            </TextLine>
            <TextLine id="r2l17" custom="readingOrder {index:16;}">
                <Coords points="923,2006 1478,2017 1567,2048 1624,2011 1670,2037 1901,2028 1882,1966 1794,1997 1721,1961 1623,1996 1380,1956 1297,1987 1034,1952 974,1986 923,1956"/>
                <Baseline points="929,2006 977,2006 1025,2006 1073,2006 1122,2006 1170,2006 1218,2006 1267,2006 1315,2006 1363,2007 1412,2007 1460,2008 1508,2009 1556,2009 1605,2010 1653,2010 1701,2010 1750,2012 1798,2012 1846,2013 1895,2013"/>
                <TextEquiv>
                    <Unicode>vom graben komen, und da Er h. n. seine noht¬</Unicode>
                </TextEquiv>
            </TextLine>
            <TextLine id="r2l18" custom="readingOrder {index:17;}">
                <Coords points="922,2065 1033,2094 1157,2066 1221,2101 1653,2065 1764,2109 1862,2070 1863,2029 1695,2053 1624,2011 1568,2048 1475,2017 1427,2042 923,2015"/>
                <Baseline points="929,2060 975,2060 1021,2060 1068,2060 1114,2060 1160,2060 1207,2060 1253,2060 1299,2061 1346,2061 1392,2061 1438,2061 1485,2061 1531,2063 1577,2063 1624,2064 1670,2066 1716,2067 1763,2069 1809,2070 1856,2072"/>
                <TextEquiv>
                    <Unicode>durfft zuverrichten, sich in diesen Keller begeben</Unicode>
                </TextEquiv>
            </TextLine>
            <TextLine id="r2l19" custom="readingOrder {index:18;} person {offset:22; length:11;}">
                <Coords points="922,2124 1895,2155 1896,2082 1750,2112 1524,2064 1486,2095 1397,2065 1220,2101 1157,2066 1033,2092 923,2062"/>
                <Baseline points="929,2118 977,2117 1025,2117 1073,2116 1121,2115 1169,2116 1217,2117 1265,2117 1313,2118 1361,2118 1409,2120 1457,2121 1505,2121 1553,2123 1601,2124 1649,2124 1697,2126 1745,2127 1793,2127 1841,2127 1889,2127"/>
                <TextEquiv>
                    <Unicode>und an die Thuren des Vor-Kellers sich gelähnet,</Unicode>
                </TextEquiv>
            </TextLine>
            <TextLine id="r2l20" custom="readingOrder {index:19;}">
                <Coords points="910,2188 1278,2180 1602,2219 1642,2187 1848,2197 1848,2168 1742,2143 1372,2156 1218,2121 1154,2154 911,2121"/>
                <Baseline points="917,2178 963,2175 1009,2174 1055,2172 1101,2171 1148,2171 1194,2171 1240,2172 1286,2172 1332,2174 1379,2175 1425,2177 1471,2178 1517,2178 1563,2180 1610,2181 1656,2183 1702,2184 1748,2184 1794,2184 1841,2184"/>
                <TextEquiv>
                    <Unicode>seye selbige aufgangen, darauff Er mit obge¬</Unicode>
                </TextEquiv>
            </TextLine>
            <TextLine id="r2l21" custom="readingOrder {index:20;}">
                <Coords points="906,2253 1769,2288 1887,2274 1888,2191 1757,2229 1645,2188 1609,2221 1268,2187 906,2202"/>
                <Baseline points="912,2235 960,2235 1008,2234 1057,2234 1105,2232 1154,2232 1202,2232 1251,2232 1299,2232 1348,2234 1396,2234 1444,2235 1493,2235 1541,2237 1590,2238 1638,2240 1687,2241 1735,2243 1784,2244 1832,2246 1881,2247"/>
                <TextEquiv>
                    <Unicode>dachten seinen Camaraden ( außert dem frutig</Unicode>
                </TextEquiv>
            </TextLine>
            <TextLine id="r2l22" custom="readingOrder {index:21;}">
                <Coords points="1655,2359 1674,2360 1698,2339 1728,2332 1762,2343 1790,2342 1798,2335 1823,2341 1831,2333 1857,2343 1856,2288 1788,2279 1773,2288 1747,2278 1682,2284 1654,2275"/>
                <Baseline points="1661,2321 1688,2317 1715,2316 1742,2315 1769,2315 1796,2316 1823,2316 1850,2315"/>
                <TextEquiv>
                    <Unicode>so droben</Unicode>
                </TextEquiv>
            </TextLine>
            <TextLine id="r1l1" custom="readingOrder {index:22;}">
                <Coords points="821,1036 832,1033 841,1036 850,1030 856,1032 866,1022 871,1026 878,1021 888,1022 888,953 869,954 862,950 852,956 843,952 821,953"/>
                <Baseline points="828,1025 854,1025 881,1025"/>
                <TextEquiv>
                    <Unicode>134</Unicode>
                </TextEquiv>
            </TextLine>
            <TextEquiv>
                <Unicode>betreffend Weiters den Schär, so habe derselbe
in denen zwey letzten Maritten bey den
Brämerständen Etwelche hornige kleine Fabai
quieres, Ein Mäßerlin und Fabaipfeisten ent¬
wendt, sonsten seye Ihme weiters mit in wußen
daß derselbe genommen habe
Alß nun hierüber der Schär hinein gelaßen
in Gegen dem Erutig confrontiert worden
hatt derselbe wegen des Vorgehabten Einbruchs
gleich dem frutig, steiß beharret, daß Er dar¬
von einihe wüßenschaft noch Vnderredung mit
dem Frutig gantz und gar nit gehabt, Wegen
des genomenen Weins aber an der Metzger¬
gaßen, die hergangenheit der sach also angebracht
Er seye mit des Glaser Buters Sohn, denen
beyden Frutigen und dem Keinseger Samuel
vom graben komen, und da Er h. n. seine noht¬
durfft zuverrichten, sich in diesen Keller begeben
und an die Thuren des Vor-Kellers sich gelähnet,
seye selbige aufgangen, darauff Er mit obge¬
dachten seinen Camaraden ( außert dem frutig
so droben
134</Unicode>
            </TextEquiv>
        </TextRegion>
        <TextRegion orientation="0.0" type="paragraph" id="TextRegion_1686907912316_2263" custom="readingOrder {index:1;} structure {type:paragraph;}">
            <Coords points="1999,970 3188,1004 3155,2216 2030,2223"/>
            <TextLine id="r4l1" custom="readingOrder {index:0;}">
                <Coords points="2144,1092 2298,1080 2380,1112 2427,1077 2477,1104 2522,1076 2620,1102 2735,1076 2804,1104 2851,1076 2943,1106 3129,1058 2910,1046 2841,1008 2752,1038 2571,1017 2515,1053 2412,1010 2316,1042 2143,1030"/>
                <Baseline points="2150,1079 2198,1077 2247,1077 2295,1076 2344,1076 2393,1076 2441,1075 2490,1074 2538,1074 2587,1074 2636,1074 2684,1074 2733,1074 2781,1074 2830,1074 2879,1074 2927,1074 2976,1074 3024,1074 3073,1074 3122,1074"/>
                <TextEquiv>
                    <Unicode>so droben stehen gebliben umb achtung zu goben</Unicode>
                </TextEquiv>
            </TextLine>
            <TextLine id="r4l2" custom="readingOrder {index:1;}">
                <Coords points="2135,1139 2539,1139 2660,1170 2815,1130 2976,1170 3129,1151 3116,1093 2951,1109 2901,1077 2803,1104 2429,1077 2380,1110 2135,1086"/>
                <Baseline points="2142,1134 2191,1133 2240,1132 2289,1131 2338,1130 2387,1130 2436,1130 2485,1128 2534,1128 2583,1128 2632,1128 2681,1128 2730,1128 2779,1128 2828,1128 2877,1128 2926,1128 2975,1128 3024,1128 3073,1128 3123,1128"/>
                <TextEquiv>
                    <Unicode>wann Jemands kome, sie zu advertieren;) in den</Unicode>
                </TextEquiv>
            </TextLine>
            <TextLine id="r4l3" custom="readingOrder {index:2;}">
                <Coords points="2127,1223 2228,1194 2507,1222 2589,1190 2703,1216 2804,1180 2971,1211 3028,1185 3069,1214 3132,1187 3131,1148 2917,1165 2791,1137 2661,1170 2228,1138 2126,1168"/>
                <Baseline points="2133,1194 2182,1193 2232,1193 2281,1191 2331,1191 2381,1190 2430,1188 2480,1188 2529,1187 2579,1187 2629,1185 2678,1185 2728,1184 2777,1184 2827,1182 2877,1182 2926,1182 2976,1182 3025,1181 3075,1181 3125,1181"/>
                <TextEquiv>
                    <Unicode>vorKeller hinein gangen, und darinnen emnihe</Unicode>
                </TextEquiv>
            </TextLine>
            <TextLine id="r4l4" custom="readingOrder {index:3;} person {offset:38; length:5;}">
                <Coords points="2126,1280 2262,1263 2303,1291 2405,1248 2539,1286 2882,1251 3024,1277 3159,1240 3158,1175 3066,1214 3026,1187 2711,1225 2595,1197 2433,1227 2125,1210"/>
                <Baseline points="2132,1251 2183,1250 2234,1250 2285,1248 2336,1247 2387,1246 2438,1245 2489,1244 2540,1244 2591,1242 2642,1242 2693,1241 2744,1239 2795,1239 2846,1238 2897,1238 2948,1236 2999,1235 3050,1233 3101,1232 3152,1232"/>
                <TextEquiv>
                    <Unicode>gefullte Gutteren gefunden, darvon Er Schar Vnd</Unicode>
                </TextEquiv>
            </TextLine>
            <TextLine id="r4l5" custom="readingOrder {index:4;} person {offset:4; length:14;}">
                <Coords points="2132,1317 2593,1337 2654,1300 2766,1339 2946,1296 3141,1302 3127,1235 3005,1278 2131,1278"/>
                <Baseline points="2138,1310 2187,1310 2237,1310 2287,1308 2337,1308 2387,1307 2436,1305 2486,1305 2536,1304 2586,1302 2636,1301 2685,1299 2735,1298 2785,1297 2835,1296 2885,1293 2934,1293 2984,1291 3034,1289 3084,1288 3134,1286"/>
                <TextEquiv>
                    <Unicode>der Sammel Leemann Jnder Eine genomen vnd</Unicode>
                </TextEquiv>
            </TextLine>
            <TextLine id="r4l6" custom="readingOrder {index:5;} person {offset:7; length:7;}">
                <Coords points="2128,1369 2202,1397 2264,1369 2516,1393 3150,1357 3110,1296 2922,1334 2375,1311 2128,1340"/>
                <Baseline points="2135,1361 2185,1362 2235,1362 2286,1362 2336,1362 2387,1362 2437,1362 2488,1361 2538,1361 2589,1359 2639,1358 2689,1357 2740,1355 2790,1354 2841,1352 2891,1350 2942,1349 2992,1346 3043,1344 3093,1343 3144,1341"/>
                <TextEquiv>
                    <Unicode>in des Frutigs hauß getragen, nachdeme Sie aber</Unicode>
                </TextEquiv>
            </TextLine>
            <TextLine id="r4l7" custom="readingOrder {index:6;} person {offset:29; length:5;}">
                <Coords points="2135,1435 2599,1455 2668,1415 2800,1446 2916,1404 3135,1443 3134,1388 2942,1350 2720,1401 2611,1372 2571,1402 2440,1367 2135,1383"/>
                <Baseline points="2141,1418 2190,1418 2239,1419 2289,1419 2338,1419 2387,1419 2437,1418 2486,1418 2535,1418 2585,1416 2634,1416 2683,1415 2733,1415 2782,1413 2831,1412 2881,1412 2930,1410 2979,1409 3029,1408 3078,1407 3128,1406"/>
                <TextEquiv>
                    <Unicode>daselbsten befunden, daß mir Waßer darinnen,</Unicode>
                </TextEquiv>
            </TextLine>
            <TextLine id="r4l8" custom="readingOrder {index:7;}">
                <Coords points="2123,1496 2367,1505 2486,1472 2574,1504 2695,1472 2913,1504 2976,1471 3024,1496 3102,1477 3102,1437 2933,1453 2871,1412 2781,1452 2736,1419 2553,1459 2122,1437"/>
                <Baseline points="2129,1481 2177,1481 2225,1479 2274,1479 2322,1478 2370,1477 2419,1476 2467,1476 2515,1475 2564,1474 2612,1473 2660,1472 2709,1472 2757,1470 2805,1470 2854,1469 2902,1467 2950,1467 2999,1466 3047,1466 3096,1464"/>
                <TextEquiv>
                    <Unicode>seyend sie wider in gemelten Keller gangen</Unicode>
                </TextEquiv>
            </TextLine>
            <TextLine id="r4l9" custom="readingOrder {index:8;}">
                <Coords points="2141,1550 3111,1534 3110,1500 2930,1512 2873,1479 2141,1490"/>
                <Baseline points="2148,1536 2195,1535 2243,1534 2291,1533 2339,1532 2387,1532 2434,1532 2482,1530 2530,1530 2578,1530 2626,1530 2673,1530 2721,1529 2769,1529 2817,1529 2865,1529 2912,1529 2960,1528 3008,1527 3056,1527 3104,1526"/>
                <TextEquiv>
                    <Unicode>und selbige mit Wein gefüllt, Nachmittag</Unicode>
                </TextEquiv>
            </TextLine>
            <TextLine id="r4l10" custom="readingOrder {index:9;}">
                <Coords points="2412,1562 2424,1561 2438,1574 2456,1557 2468,1566 2481,1562 2497,1568 2521,1556 2538,1571 2580,1564 2579,1529 2531,1536 2517,1546 2490,1533 2478,1542 2458,1530 2450,1538 2412,1535"/>
                <Baseline points="2418,1560 2443,1558 2469,1557 2495,1556 2521,1556 2547,1557 2573,1556"/>
                <TextEquiv>
                    <Unicode>hermahlen</Unicode>
                </TextEquiv>
            </TextLine>
            <TextLine id="r4l11" custom="readingOrder {index:10;}">
                <Coords points="2137,1604 2439,1619 2842,1581 3010,1608 3122,1580 3121,1530 2669,1534 2437,1577 2224,1533 2136,1560"/>
                <Baseline points="2144,1590 2192,1590 2241,1590 2289,1590 2338,1590 2387,1590 2435,1589 2484,1589 2532,1587 2581,1587 2630,1586 2678,1584 2727,1583 2775,1583 2824,1581 2873,1580 2921,1578 2970,1578 3018,1577 3067,1577 3116,1575"/>
                <TextEquiv>
                    <Unicode>habend Sie cnermb mit Einanderen daselbste</Unicode>
                </TextEquiv>
            </TextLine>
            <TextLine id="r4l12" custom="readingOrder {index:11;} person {offset:36; length:6;}">
                <Coords points="2147,1678 2666,1687 2848,1642 3128,1656 3128,1618 3042,1586 2804,1612 2754,1588 2619,1632 2492,1594 2433,1627 2147,1631"/>
                <Baseline points="2153,1655 2201,1653 2249,1652 2298,1652 2346,1650 2395,1649 2443,1649 2492,1647 2540,1647 2589,1646 2637,1646 2685,1644 2734,1644 2782,1643 2831,1643 2879,1641 2928,1641 2976,1640 3025,1640 3073,1638 3122,1638"/>
                <TextEquiv>
                    <Unicode>kein nemen Wollen; Es seye aber der Küller</Unicode>
                </TextEquiv>
            </TextLine>
            <TextLine id="r4l13" custom="readingOrder {index:12;}">
                <Coords points="2125,1722 2263,1754 2386,1723 2751,1751 2924,1699 3033,1726 3032,1677 2919,1647 2733,1663 2700,1693 2125,1666"/>
                <Baseline points="2132,1707 2176,1709 2221,1710 2266,1712 2310,1712 2355,1713 2400,1713 2444,1713 2489,1713 2534,1712 2579,1712 2623,1711 2668,1710 2713,1709 2757,1707 2802,1706 2847,1704 2891,1701 2936,1700 2981,1697 3026,1694"/>
                <TextEquiv>
                    <Unicode>beschloßen gsin, daß Sie nit hinein können</Unicode>
                </TextEquiv>
            </TextLine>
            <TextLine id="r4l14" custom="readingOrder {index:13;}">
                <Coords points="2129,1812 2339,1832 2374,1799 2637,1790 2761,1814 2925,1769 3012,1797 3111,1773 3110,1732 3043,1716 2922,1758 2127,1740"/>
                <Baseline points="2135,1790 2183,1790 2231,1791 2280,1791 2328,1790 2377,1790 2425,1789 2474,1788 2522,1787 2571,1785 2619,1784 2667,1782 2716,1781 2764,1779 2813,1778 2861,1776 2910,1775 2958,1775 3007,1773 3055,1772 3104,1772"/>
                <TextEquiv>
                    <Unicode>So seye auch leider wahr, daß Er am letzt ver¬</Unicode>
                </TextEquiv>
            </TextLine>
            <TextLine id="r4l15" custom="readingOrder {index:14;}">
                <Coords points="2135,1856 2592,1867 2926,1834 2971,1861 3079,1848 3119,1824 3118,1776 2982,1815 2882,1782 2809,1823 2588,1797 2522,1828 2452,1798 2327,1830 2134,1818"/>
                <Baseline points="2141,1844 2189,1844 2238,1845 2286,1845 2335,1845 2384,1845 2432,1845 2481,1844 2529,1844 2578,1842 2627,1842 2675,1840 2724,1839 2772,1837 2821,1835 2870,1833 2918,1831 2967,1830 3015,1827 3064,1824 3113,1823"/>
                <TextEquiv>
                    <Unicode>wichenen Ostermarit bey einem Krämerstand</Unicode>
                </TextEquiv>
            </TextLine>
            <TextLine id="r4l16" custom="readingOrder {index:15;}">
                <Coords points="2133,1937 3143,1906 3161,1836 2437,1874 2186,1845 2132,1875"/>
                <Baseline points="2139,1901 2189,1902 2240,1902 2291,1902 2342,1901 2393,1901 2443,1901 2494,1901 2545,1899 2596,1899 2647,1898 2697,1898 2748,1896 2799,1895 2850,1893 2901,1892 2951,1891 3002,1889 3053,1887 3104,1885 3155,1883"/>
                <TextEquiv>
                    <Unicode>etwelche hörnige tabactrücklin, und einem andern</Unicode>
                </TextEquiv>
            </TextLine>
            <TextLine id="r4l17" custom="readingOrder {index:16;}">
                <Coords points="2121,1975 2631,1989 2770,1951 3050,1974 3138,1950 3137,1904 3097,1900 2624,1942 2454,1914 2299,1950 2120,1917"/>
                <Baseline points="2127,1968 2177,1967 2227,1965 2277,1964 2327,1963 2378,1961 2428,1961 2478,1959 2528,1958 2578,1958 2629,1956 2679,1955 2729,1955 2779,1953 2829,1952 2880,1950 2930,1949 2980,1947 3030,1944 3080,1943 3131,1940"/>
                <TextEquiv>
                    <Unicode>Kramer ein Mäßerlin genomen. Weiters habe</Unicode>
                </TextEquiv>
            </TextLine>
            <TextLine id="r4l18" custom="readingOrder {index:17;}">
                <Coords points="2717,1990 2745,1988 2763,1994 2787,1989 2801,1997 2829,2000 2852,1995 2853,1947 2841,1947 2817,1965 2805,1957 2782,1958 2771,1951 2730,1972 2717,1968"/>
                <Baseline points="2723,1985 2753,1985 2784,1985 2815,1986 2846,1985"/>
                <TextEquiv>
                    <Unicode>entwein</Unicode>
                </TextEquiv>
            </TextLine>
            <TextLine id="r4l19" custom="readingOrder {index:18;}">
                <Coords points="2123,2053 2896,2010 3062,2043 3157,2009 3104,1962 2818,1998 2545,1968 2413,2000 2290,1966 2121,1986"/>
                <Baseline points="2129,2022 2180,2021 2231,2021 2282,2019 2333,2019 2384,2018 2435,2018 2486,2016 2537,2015 2588,2015 2639,2013 2690,2012 2741,2010 2792,2009 2843,2009 2894,2007 2945,2006 2996,2006 3047,2004 3098,2003 3150,2003"/>
                <TextEquiv>
                    <Unicode>Er sonsten sein Labtag nichts genomen. Es seye Ihm</Unicode>
                </TextEquiv>
            </TextLine>
            <TextLine id="r4l20" custom="readingOrder {index:19;}">
                <Coords points="2129,2114 2429,2081 2572,2116 2873,2069 3064,2093 3155,2040 2793,2013 2679,2044 2398,2018 2307,2061 2258,2034 2128,2052"/>
                <Baseline points="2135,2084 2185,2083 2236,2082 2287,2081 2337,2081 2388,2079 2439,2079 2489,2078 2540,2076 2591,2075 2642,2075 2692,2073 2743,2072 2794,2070 2844,2070 2895,2069 2946,2067 2996,2066 3047,2065 3098,2064 3149,2063"/>
                <TextEquiv>
                    <Unicode>aber von hertzen leid, daß Er sich also vergeßen, wolle</Unicode>
                </TextEquiv>
            </TextLine>
            <TextLine id="r4l21" custom="readingOrder {index:20;} person {offset:35; length:6;}">
                <Coords points="2136,2175 2358,2138 2503,2170 2611,2135 2788,2168 2845,2136 2998,2152 3137,2124 3152,2090 2637,2085 2574,2117 2427,2081 2351,2124 2134,2116"/>
                <Baseline points="2141,2147 2191,2145 2241,2144 2291,2142 2342,2141 2392,2139 2442,2138 2492,2137 2543,2135 2593,2135 2643,2133 2693,2132 2744,2130 2794,2129 2844,2127 2894,2126 2945,2124 2995,2123 3045,2121 3095,2119 3146,2117"/>
                <TextEquiv>
                    <Unicode>ich aber inskunfftig mit der Hulff Bottes beßer</Unicode>
                </TextEquiv>
            </TextLine>
            <TextLine id="r4l22" custom="readingOrder {index:21;}">
                <Coords points="2148,2218 2203,2222 2229,2205 2249,2219 2263,2213 2284,2226 2300,2214 2329,2213 2328,2173 2305,2175 2260,2149 2244,2151 2206,2173 2175,2169 2168,2176 2146,2175"/>
                <Baseline points="2154,2205 2182,2204 2210,2201 2238,2200 2266,2199 2294,2198 2322,2199"/>
                <TextEquiv>
                    <Unicode>einstellen</Unicode>
                </TextEquiv>
            </TextLine>
            <TextLine id="r3l1" custom="readingOrder {index:22;}">
                <Coords points="2031,1095 2066,1087 2078,1079 2091,1081 2113,1077 2113,1008 2104,1008 2086,996 2075,1003 2063,1000 2055,1008 2050,1004 2031,1007"/>
                <Baseline points="2037,1068 2071,1068 2106,1068"/>
                <TextEquiv>
                    <Unicode>135</Unicode>
                </TextEquiv>
            </TextLine>
            <TextEquiv>
                <Unicode>so droben stehen gebliben umb achtung zu goben
wann Jemands kome, sie zu advertieren;) in den
vorKeller hinein gangen, und darinnen emnihe
gefullte Gutteren gefunden, darvon Er Schar Vnd
der Sammel Leemann Jnder Eine genomen vnd
in des Frutigs hauß getragen, nachdeme Sie aber
daselbsten befunden, daß mir Waßer darinnen,
seyend sie wider in gemelten Keller gangen
und selbige mit Wein gefüllt, Nachmittag
hermahlen
habend Sie cnermb mit Einanderen daselbste
kein nemen Wollen; Es seye aber der Küller
beschloßen gsin, daß Sie nit hinein können
So seye auch leider wahr, daß Er am letzt ver¬
wichenen Ostermarit bey einem Krämerstand
etwelche hörnige tabactrücklin, und einem andern
Kramer ein Mäßerlin genomen. Weiters habe
entwein
Er sonsten sein Labtag nichts genomen. Es seye Ihm
aber von hertzen leid, daß Er sich also vergeßen, wolle
ich aber inskunfftig mit der Hulff Bottes beßer
einstellen
135</Unicode>
            </TextEquiv>
        </TextRegion>
    </Page>
</PcGts>
