4032 3024
1366 1044 1606 1133 in der Nacht
878 1069 1906 1211 gestoßen, darauf sie mit Ein anderen hinauß
863 1150 1824 1256 gangen, da dann der Michel Hoosfer die
860 1199 1886 1317 Leiteren und der Freyer die stangen getragen
853 1260 1869 1371 das mit seyend sie die Schantz abgestigen, und
854 1338 1875 1425 sich im Brembgardten verborgen, des Tags
860 1370 1839 1484 darnach habe der Hooffer so keinen Ring an
851 1437 1872 1519 gehabt, eine feylen Gereicht darmit Sie die
846 1497 1618 1592 Ringen und Kettenen abgefeyllt
841 1562 1874 1687 Hierauf ist auch der Breyer hineingelaßen
847 1655 1879 1735 und gegen dem dantzler confrontiert worde,
854 1710 1848 1803 der aber gantz und Gar nit geständig seyn
859 1772 1896 1872 Wollen, daß Er das Maletschloß an der S. h.)
853 1824 1861 1924 Heimblichkeit hinweg gethan und größnet habe,
846 1885 1846 1991 sonderen gesagdt, wie Er selbige nachs auf¬
839 1953 1847 2046 seinem betth geschlaffen, haben die anderen
838 2009 1842 2102 Ihne geweckt, und mit ihm gebalget, daß
828 2068 1833 2163 Er den deckel nit auf thue, dann das Malet¬
837 2122 1817 2218 schloß sey hinweg und nicht mehr daran,
840 2175 1848 2274 darauff Er den deckel auffgestoßen, aber das
836 2244 1860 2321 Schloß habe Er gar nit hinweg gethan, sonderen
1688 2339 1799 2395 die
2123 1109 3090 1238 Anderen beyde müßen solches abgemacht haben
2120 1199 3066 1300 als Er treyer den Tag durch auff der Arbeit
2109 1265 2288 1329 Gewesen
2118 1305 3097 1408 Ihngeacht nun diesen beyden Gesellen hierüber
2115 1367 3023 1462 alles krefftigen Ernsts zu gesprochen worden
2111 1430 3063 1510 o hat doch keiner gestendig seyn wollen, daß
2096 1485 2807 1571 Er das Maletschloß aufgethan habe
1988 1067 2076 1146 Jot.
2067 1143 2077 1146 die
1990 1146 2044 1170 Jot.
1998 1146 2086 1219 die
2314 1639 2792 1738 Hanns Bartis
2272 1711 2707 1803 außem Eggniyl
2656 1571 2687 1578 Er das Maletschloß aufgethan habe
2072 1778 3060 1877 WWeiters ist auch dato zu volg Er Gnl. be¬
2092 1845 3063 1917 selchs vom 22. hujus, examiniert worden
2099 1891 3105 1995 der von H. Landtrogt von Wangen in das Schallen
2105 1973 3080 2039 werck alhar gesandte Hannß Barstis außem
2095 2019 2796 2106 Eggintzl bürtig und demnach
2086 2082 3031 2168 Gefragdt, Wo Er das Jenige Kindt har be¬
2086 2145 3081 2251 kommen, so Er ohnlängsten bey Burgdorffligen
2098 2215 2226 2291 laßen
2092 2260 3051 2363 Antw. das Babi Schilt, so etliche Tag zu vor
2098 2319 3075 2402 in Einem Bauwren hauß zu Bolcken in seiner
2875 2400 2974 2483 des
