4032 3024
1027 1001 1153 1080 ntes
1159 1023 1848 1178 Examen Anna Maria
1096 1128 1584 1231 Dann Auwers.
771 1022 854 1128 910
871 1207 1923 1351 Die Weilen das in Oberkeitlicher banden
871 1303 1904 1394 sich befindende Anna Mariat ann auner
1562 1231 1580 1234 Dann Auwers.
880 1356 1870 1470 von Niderleutz der Gräßschaft Lentzburg
875 1408 1891 1529 in hinvorigem den 8ten hujus mit Ihme ge¬
873 1472 1896 1571 haltenen Examine ohngeacht alles krefftigen
869 1541 1909 1642 Zusprechens nit bekandtlich seyn wollen, daß
870 1591 1864 1691 es mit Zuthun des im Schallenwerck befin¬
868 1661 1876 1752 denden barbl. Müllers dem Bendicht Spei¬
869 1712 1859 1818 cher zu Oberwangen in sei Hauß gestigen
875 1753 1839 1861 und darauß mint und andere sachen genomme
1796 1827 1827 1861 Au
875 1805 1864 1919 noch auch dem wurth zu bleyenbach, mit noch
854 1869 1867 1966 zweyer anderen diebinen ein Betth entwendt
860 1923 1890 2028 Alß habend Ihr Gul. auß dero hochem Mittel
851 1989 1878 2091 Mihhl. Rahtsherren Mäy zu Einem Examina¬
848 2049 1861 2140 toren geordnet mit befelchlichem gesinnen die¬
848 2111 1845 2209 des Mensch, so wohl über die beklagdten
854 2171 1849 2266 als andere Verdachtige diebstahl, nochmahlen
843 2228 1854 2315 Ernstlich auch mit betrouw- und Anwendung
858 2284 1858 2400 der Einfach- und Lahren Warter zu befragen,
1644 2400 1853 2496 Welchem
2000 2233 2067 2344 R.
2006 1102 2073 1188 311
2107 1122 3081 1220 Welchem zu volg Muhhl. Rahtsherr mit Zuthun
2108 1207 3085 1299 Ihr Grtl. dieneren H. Großweibel und Gricht¬
2099 1246 3063 1342 schreibers sich den 12: Septembris in die ge¬
2102 1309 3094 1410 angenschafft begeben und mit diesem Anna
2102 1366 3031 1466 Maria X annaner folgendes Examen
2108 1440 2349 1523 verrichtet.
2092 1473 3084 1586 Ward demnach Erstlichen befragdt, wie lang
2106 1554 3047 1629 es seye, daß es angefangen zustählen und in
2098 1605 2789 1708 diese diebs gesellschafft gerahten
2090 1664 3052 1790 Antwort. Es habe vor ohngefehrt 6. Jahren
2103 1740 3042 1846 zu Lentzburg 3. Pfundtlinh Garn entwendt,
2104 1799 3060 1896 auch wegen eines Kehrlis etwelche Schmach¬
2092 1862 3067 1958 wohrt außgestoßen, darüber es eingezogen
2098 1913 3084 2013 und alhar ins Schallennerck gesenndt worden
2086 1962 3069 2043 darinnen es die Tschiffelenen gelehrt kennen
2095 2026 2805 2123 die Ihns her nach übel verführt.
2101 2105 3050 2215 Waß es mit dem Barbl Müller Verübt
2094 2182 2208 2261 habe?
2096 2232 3073 2337 Es habe mit diesem Menschen nichts verübt
2098 2301 3066 2399 das selbige Ihne Ihm in seiner Anklag unrecht
2722 2422 3001 2527 Repliuert
