4032 3024
824 1965 918 2068 2
933 1327 935 1400 löten gebraucht die übrigen habe der
927 1544 932 1598 seyen Nachgsin alß Sie der Her Land¬
843 2052 923 2161 R. In Er kenne denselben, und habevor
914 2202 921 2262 gedienet,
825 2256 920 2326 J. Ob Er niemahlen gesehen den All Müller
839 966 914 1049 2
848 1214 903 1299 2
969 962 1912 1054 Ob Er nit auß einem Setlin, darienen
965 1018 1891 1108 falsche Muntz, alß 2. schilliger, zurich
964 1087 1903 1165 hilling und dergleichen sich befunden
949 1151 1915 1249 genomen, und selbige verbraucht habe
953 1203 1887 1310 Es seyend so vier Eggellte Stuklin ghin
946 1263 1915 1358 darvon Er einige ein Rohr damit zu¬
934 1327 1891 1424 löten gebraucht die übrigen habe der
949 1383 1890 1492 Jünth. Landrogt noch alle gefunden
939 1449 1905 1546 Er habe keine darvon außgeben, und
931 1502 1908 1622 seyen Nachgsin alß Sie der Her Land¬
939 1579 1929 1686 ragt genomen, Wie Sie selbige gemacht.
933 1681 1886 1807 Aus abermahliger ernstlicher Zu¬
942 1751 1911 1866 prechen aber Mehll. Examinatoren gestum¬
939 1817 1934 1917 de Er endlichen daß Er von den Kreuzeren
939 1865 1808 1982 außgeben und verbraucht habe.
946 1950 1747 2074 ob Er der All Müller kenne
922 2022 1894 2146 R. In Er kenne denselben, und habevor
935 2112 1886 2204 ohngefehed 14. oder 15. Jahren by ihme
920 2170 1141 2265 gedienet,
919 2212 1881 2343 J. Ob Er niemahlen gesehen den All Müller
940 2310 1449 2401 einiches gelt machen.
1785 2342 1859 2436 2.
2103 977 3145 1090 165 R. Nein, Er habe )iemahlen gesechen gelt machen
2115 1049 3151 1160 wohl aber Alß Er Iungold einsmahls
2126 2160 2128 2174 2
2131 1104 3072 1206 in des All Müllers Werkstatt die
2107 1169 3084 1268 Jahn inder einem Trag fürenge
2108 1223 3144 1351 Mscht, habe Er damit ein Zugerhalb¬
2114 1300 3039 1414 bazen model oder Stampfel furen
2111 1358 3112 1469 gemacht, welches Er hinder dem hauß
2130 1430 3094 1550 Verborgen, alß aber der Ull. Müller
2114 1492 3076 1609 deßen gewohr worden, habe Er ihm
2779 1546 2897 1599 dieses
2127 1569 3116 1669 genohtiget, daß er ihme das model¬
2116 1639 2697 1745 Bider geben müßen
2137 1682 3074 1821 Ob Er nit einen Herren von Bagel
2121 1753 3109 1849 kenne, der offmahls zuen All Müller
2120 1845 2291 1900 kommen.
2125 1846 3157 1984 Er habe wohl von einem herren von bapl
2122 1921 3136 2052 gehört fagen, der einmahl zu dem All¬
2123 1989 3158 2109 Müller kommen, aber er kenne derselben
2136 2086 2244 2154 eit.
2151 2089 3143 2227 1b Er nit einen gewußen Mann kenne.
2147 2181 2716 2288 der Schue-thani heiße
2137 2227 2954 2357 kein Er kenne denselben mit¬
1984 1021 2104 1089 165 R. Nein, Er habe )iemahlen gesechen gelt machen
2069 1710 2113 1815 2
2038 1898 2099 2001 2
2077 2136 2126 2230 2
2103 1201 2108 1269 Jahn inder einem Trag fürenge
2096 1271 2109 1321 Mscht, habe Er damit ein Zugerhalb¬
2051 2266 2119 2349 2.
2110 1405 2112 1470 gemacht, welches Er hinder dem hauß
2113 1546 2114 1582 deßen gewohr worden, habe Er ihm
2109 1670 2117 1715 Bider geben müßen
2110 1852 2120 1897 kommen.
2122 1988 2123 2027 gehört fagen, der einmahl zu dem All¬
2114 2034 2125 2111 Müller kommen, aber er kenne derselben
