4032 3024
900 1014 1820 1128 Vnd den Krameren etwas genommen habe.
902 1094 1860 1178 Dieses seye also das Jenige Waß Er begangen
922 1157 1878 1249 und Ihme in wüßen seyt, bätte aber Gott vnd
920 1211 1863 1297 eine hoche Oberkeit die Er dardurch beleidiget
912 1271 1839 1363 umb gnad und Verzeichung, wolle auch die
914 1325 1866 1426 angewendte straaß und Zuchtigung Ihme zur
915 1391 1405 1480 beßerung dienen laßen.
918 1600 1897 1728 Nachdeme Ihr Gul. über Abgestatteten
914 1690 1922 1779 bericht; Waßmaßen Ein Gewußer Marti Schär
923 1730 1875 1825 des Weibels Sohn, den drobenverhafften Abra¬
919 1795 1862 1860 hamn frutig zu dem diebs handtwerck vor die
924 1846 1927 1918 sei angefuhrt haben solle, dero dieneren Minthl.
922 1897 1863 1995 Großweibel Wursteinberger und dem Griht
926 1958 1911 2054 schreiberen zu befehlen gelieben wollen, ermel
927 2012 1848 2105 ten Schär zu beschicken, und mit dem Erutig
929 2074 1846 2170 zu consrontieren ec. Ist so thanem Ihr Gnl.
911 2135 1850 2231 hochen Befulch den 30. Iunn Jungsthin gehor¬
905 2190 1882 2296 sambliche Volg geleistet, und ermelter hrutig
1608 2283 1867 2377 Absonderlich
805 972 869 1073 132
2147 1010 3157 1147 ebsonderlich nochmahlen darüber befragdt, vndt
2138 1102 3127 1202 volgents auch der Schär gegen demselben con¬
2136 1154 2530 1258 crontiert worden.
2128 1229 3125 1339 Da dann bevorderst der Grutig in ansechen
2137 1294 3100 1387 des vorgehabten nächtlichen Einbruchs in H.
2131 1339 3136 1438 Mattheys Keller nochmahlen Vest darauf be¬
2125 1394 3130 1504 harret, daß Er weder vornoch nach mit keinen
2138 1440 3150 1542 menschen darvon geredt, seye auch niemands
2127 1506 3144 1609 bey Ihme gsin, als Er diese That veruben wolle
2140 1570 3122 1672 dieses seye die bloße Wahrheit, maßen Er dar
2129 1612 3117 1733 über leiden wolle, waß mann Ihm auffer
2126 1710 2389 1777 legen werdt
2122 1748 3154 1847 Verners bekennte Er grutig, daß vor am Son¬
2123 1801 3135 1902 tag morgends vor drey wochen der Marti Schär
2122 1866 3152 1962 des Glaßer Guters sohn, Sammel Leemann der
2112 1915 3144 1999 Keinfäger und Er Brutig, Ein Gutteren mit wein¬
2127 1967 3152 2076 so ohngefehrt ein halbmaaß gewesen, auß einem
2125 2036 3151 2107 Keller zu oberst an der Metzger Gaßen, genommen,
2124 2095 3146 2200 Nachmittag habend Sie Widrumb auß gedachten
2125 2160 3132 2237 Keller Wein nemen Wollen, Es seye aber der
3063 2243 3096 2292 e
2125 2224 3060 2312 Keller beschloßen gsin, daß sie keinen mehr
1976 2282 2412 2381 bekommen können.
2903 2304 3139 2389 betreffende
2030 1004 2111 1096 133
