4032 3024
763 1007 849 1102 284
865 1068 1910 1201 Auß Befelch Mt Rthl. Großweibels folgende
858 1134 1546 1235 Persohnen vernommen werden.
869 1198 1883 1324 Vndt sagdte Erstlich H. Schreiber dittliger
856 1273 1912 1377 fraun daß als diese Annel Chauet in Ihrem
866 1323 1882 1427 auß gearbeitet und etliche mahl in der Stu-
856 1373 1872 1460 ben allein gelaßen worden, habe sie under
862 1447 1898 1535 zweymahlen 4: Nennte Kindtshembder und
867 1493 1837 1587 ein sauberes Baadhembd mit Spitzen auß
851 1541 1879 1652 einem Hanktrögei in der Stuben verlohren
854 1602 1906 1711 und nachwehrts so viel in erfahrung gebracht
860 1669 1873 1767 daß die Anneli die Kindtshembder einem
866 1721 1802 1820 zuwußen Schneyder verkauft, wein sie
860 1777 1846 1883 aber das Baadhembd geben, habe sie nit er¬
836 1828 1165 1930 fahren können
842 1888 1864 2029 Elisabeth Mertz von Murten Zeigte an
850 1982 1860 2056 Sie habe vordiesem etliche Jahrlang bey der
855 2026 1898 2130 Annel Chauet aufei Schneyder handt werde
863 2091 1861 2186 gearbeitet; da Sie dann beobachtet, daß die
856 2155 1846 2243 Annel bißweilen viel Geldt gehabt, und in
842 2205 1854 2297 Eßen und Trinken wohl gelebt, und doch dar
839 2266 1849 2361 bey nichts gearbeitet. Derowegen Sie anlaß
845 2319 1810 2424 genommen selbige zufragen, Wo sie doch das
1679 2393 1809 2466 Geldt
2011 1081 2075 1146 285
2098 1105 3083 1214 Geldt harneme, Welches aber die Anneli¬
2101 1172 3095 1271 anfangs nicht sagen Wollen. Nachwehrts aber
2105 1233 3091 1329 alß Sie Merzin selbige etliche mahl darumb
2107 1289 3109 1362 darüber zuredgestoßen, auch versicheret daß
2090 1351 3076 1427 sie solches nit Weiters sagen wolle; da habe
2100 1396 3055 1471 die Anneli Ihra angezeigdt; daß als
2101 1454 3105 1545 Sie in Möhhl. Rahtsherren Engels hauß guar¬
2101 1510 3045 1613 Beitet habe Sie gesechen, daß die Frauc¬
2085 1563 3107 1673 Rahtsherrin über ein Guffet gangen so nechst
2096 1624 3108 1723 bey einem Betth gestanden, und Geldt darauf¬
2103 1674 3054 1776 genommen, da habe sie bedunckt, daß die fr
2091 1736 3031 1824 Rahts herri das Buffe nit recht wider be¬
2091 1790 3096 1896 schloßen, darauff sie nach der Hre. Rahts herrn
2093 1839 3078 1948 Außtritt mit Ihrer Schare von indenhar
2089 1898 3093 2002 das Buset thurlin außgesprengdt darinne
2082 1951 3092 2064 Sie zwenn Seckel gesuchen, deren einer mit
2092 2016 3086 2108 ennchen kleinen Seckelin umb nächet gewesen
2090 2079 3050 2167 auß welchen Sie nichts genomen habe aber
2093 2125 3084 2217 in dem Bustet eine Schubladen heraußgezogen
2087 2184 3090 2273 auß deren Sie einen Seckel genommen darin
2100 2240 3012 2329 ren 20. R. gewesen: Ob Es aber Silber
2090 2298 3035 2398 der Müntzgsen, habe Jhra die Annel nit
2083 2356 2335 2456 angezeigt.
