4032 3024
820 1042 828 1045 262
835 1074 888 1166 E.Wie alt dieses Kindt gsin seye:
814 1157 884 1260 H.
815 1280 884 1378 E. Wo es dieses Kindts inder komen, und an Wel¬
813 1435 868 1519 H.
878 1558 879 1566 9sin, seyn es in einem Wald nechst bey nicht weit
868 1872 873 1920 Wo Es, nachdeme es das Kindt erträuckt wei¬
865 2111 868 2188 gangen daselbsten es eine Schwöster habe, Nach¬
862 2217 866 2280 durch ein Pfenster hinein ein paar Schue nem¬
779 1833 868 1942 2.
789 992 872 1042 262
886 1054 1600 1176 E.Wie alt dieses Kindt gsin seye:
910 1151 1450 1256 Ihngefehrt 8. Wuchen alt.
884 1254 885 1256 H.
882 1271 1891 1376 E. Wo es dieses Kindts inder komen, und an Wel¬
896 1339 1643 1449 chem Ohrt selbiges getauft worden.
901 1436 1883 1535 als Es schwangeren Leibs ider außhollend
887 1500 1873 1595 komen und bey: 5. Wochen lang auff der Reiß
878 1552 1914 1641 9sin, seyn es in einem Wald nechst bey nicht weit
887 1614 1920 1686 von Zechingen im Fürstenthumb hochenzollen
884 1650 1859 1752 ren Kindt betteri worden, und das Kind da
882 1709 1870 1817 selbsten, und zwar an Einem Papistischen Orth
877 1769 1159 1848 tauffen laßen
872 1827 1902 1946 Wo Es, nachdeme es das Kindt erträuckt wei¬
883 1906 1892 2004 ters hingangen, vnd bey wemn es sich auffgehalten.
883 1986 1872 2082 Als Es die leidige that Verbracht gehabt, seye es
873 2044 1885 2107 von Brinnen durch die Statt auf Stäsfis burg zu
866 2094 1864 2194 gangen daselbsten es eine Schwöster habe, Nach¬
879 2144 1849 2247 Wehrts habe es zu Reutigen auß einem Hauß
865 2208 1881 2312 durch ein Pfenster hinein ein paar Schue nem¬
884 2268 1813 2378 men wollen, darob es ergriffen und nach
1529 2371 1762 2458 sSimmis
2024 1039 2110 1144 263
2162 1063 2628 1190 Vimis geführt worden.
2610 1177 2671 1234 auch
2143 1182 3102 1302 Ob Es mit auch sonsten andere diebstahl Ver¬
2139 1264 2325 1350 übt habe.
2140 1345 3138 1452 ein Es habe sonsten Weiters nichts genommen
2158 1436 3087 1543 Weilen nun dieses Mensch, mit Bezeugung
2104 1448 2159 1534 1.
2144 1513 3102 1586 einer hertzlichen Reint über seine begangene
2122 1568 3107 1660 schwähre Mißeraht, ein mehrers gethan zu haben
2131 1629 3130 1703 nicht bekandtlich seyn wollen, Alß hatt auf
2120 1665 3096 1762 Mehh. Exammator, ohne E. GM. sonder
2129 1724 3129 1828 bahren befelch, an das selbe Verners zusetzen Weises
2625 1773 3088 1876 Actum den 8t Junii
2123 1786 2625 1872 Bedencken getragen.
2944 1837 3088 1916 1723.
2051 1356 2113 1467 H.
