4032 3024
2054 1030 2139 1102 161
2177 1101 3152 1217 Ob Es das Kindt in Bachgeworfen, oder wie
2155 1171 2632 1257 es darmit umbgangen
2156 1250 3109 1335 Es habe das Kindt bey den Fueßlenen in die
2146 1298 3124 1373 soche, und sein gesiht haupt und leiblin, so lang
2148 1351 3114 1440 im Waßer gehalten biß es todt gin, hernach
2158 1399 3145 1498 elbiges nechst Eymstäg laßen den bach abfahren
2161 1473 3147 1573 36 Et nit das Kindt an Einen Schwirren imnach
2149 1540 2405 1631 ingebunden
2158 1633 3099 1713 Nein, Es habe das Kind, laßen nachdeme
2150 1665 3096 1751 is todt gewesen, laßen den Bach abfahren, und
2134 1726 3099 1819 Ihme so weit nach gelugdt, als es selbiges sehen
2152 1800 2277 1868 mögen
2137 1849 3024 1960 Ob es ein Knäblin oder Mäydtelin ghin.
2149 1927 2484 2044 Ein Mäydtelin
2526 2013 2583 2109 eih
2125 2049 3132 2165 E.Wie lang es seye, daß es diese leidige That ver¬
2137 2131 2385 2216 bracht habe.
2122 2189 3069 2293 Rn Es seye Verschinnen Montag 3: Wuchen gsin
2120 2275 2712 2370 Ra hiemit dn 15. Mayrn
2056 1102 2077 1107 161
2080 1248 2125 1337 2
2086 1511 2131 1572 E
2085 1642 2135 1725 H.
2055 1951 2128 2069 .
2144 1331 2147 1374 soche, und sein gesiht haupt und leiblin, so lang
2129 1748 2136 1816 Ihme so weit nach gelugdt, als es selbiges sehen
2050 2098 2127 2159 E.Wie lang es seye, daß es diese leidige That ver¬
2041 2215 2124 2290 Rn Es seye Verschinnen Montag 3: Wuchen gsin
2109 2281 2122 2349 Ra hiemit dn 15. Mayrn
