<?xml version="1.0" encoding="UTF-8" standalone="yes"?>
<PcGts xmlns="http://schema.primaresearch.org/PAGE/gts/pagecontent/2013-07-15" xmlns:xsi="http://www.w3.org/2001/XMLSchema-instance" xsi:schemaLocation="http://schema.primaresearch.org/PAGE/gts/pagecontent/2013-07-15 http://schema.primaresearch.org/PAGE/gts/pagecontent/2013-07-15/pagecontent.xsd">
    <Metadata>
        <Creator>prov=University of Rostock/Institute of Mathematics/CITlab|PLANET AI GmbH/Gundram Leifert/gundram.leifert@planet-ai.de:name=Transkribus German Kurrent M2(htr_id=29820)::::v=2.6.7
prov=University of Rostock/Institute of Mathematics/CITlab|PLANET AI GmbH/Tobias Gruening/tobias.gruening@planet-ai.de:name=de.uros.citlab.module.baseline2polygon.B2PSeamMultiOriented:v=2.6.7
prov=University of Rostock/Institute of Mathematics/CITlab|PLANET AI GmbH/Tobias Gruening/tobias.gruening@planet-ai.de:name=/net_tf/LA73_249_0mod360.pb:de.uros.citlab.segmentation.CITlab_LA_ML:v=2.6.7
Transkribus</Creator>
        <Created>2022-05-02T16:07:28.928+02:00</Created>
        <LastChange>2023-06-17T17:18:15.250+02:00</LastChange>
        <TranskribusMetadata docId="1336518" pageId="52421573" pageNr="148" tsid="127191514" status="IN_PROGRESS" userId="42748" imgUrl="https://files.transkribus.eu/Get?id=ALPPQIYABDWPCGHWSONOLQBX&amp;fileType=view" xmlUrl="https://files.transkribus.eu/Get?id=PNXNOOMTJBNWOLYFAEWEHJVA" imageId="30694576"/>
    </Metadata>
    <Page imageFilename="IMG_6702.jpg" imageWidth="4032" imageHeight="3024">
        <ReadingOrder>
            <OrderedGroup id="ro_1687513576941" caption="Regions reading order">
                <RegionRefIndexed index="0" regionRef="TextRegion_1687015066154_2313"/>
                <RegionRefIndexed index="1" regionRef="TextRegion_1687015082791_2318"/>
            </OrderedGroup>
        </ReadingOrder>
        <TextRegion orientation="0.0" type="paragraph" id="TextRegion_1687015066154_2313" custom="readingOrder {index:0;}">
            <Coords points="756,991 1925,1069 1885,2448 835,2419"/>
            <TextLine id="r2l1" custom="readingOrder {index:0;}">
                <Coords points="904,1194 1080,1169 1512,1227 1567,1197 1756,1235 1854,1217 1857,1138 1740,1105 1117,1135 983,1085 907,1130"/>
                <Baseline points="912,1158 958,1160 1005,1161 1052,1164 1099,1166 1146,1167 1192,1170 1239,1172 1286,1173 1333,1176 1380,1178 1426,1180 1473,1182 1520,1184 1567,1186 1614,1188 1660,1190 1707,1191 1754,1194 1801,1197 1848,1199"/>
                <TextEquiv>
                    <Unicode>Alß nun den 3ten hujus M. Wh.</Unicode>
                </TextEquiv>
            </TextLine>
            <TextLine id="r2l2" custom="readingOrder {index:1;} person {offset:11; length:6;} person {offset:24; length:13;}">
                <Coords points="911,1253 1114,1233 1240,1270 1923,1289 1925,1250 1829,1222 1672,1233 1585,1194 1504,1233 1454,1198 1256,1179 915,1179"/>
                <Baseline points="918,1226 970,1226 1023,1228 1075,1229 1128,1231 1180,1233 1233,1235 1286,1238 1338,1241 1391,1244 1443,1247 1496,1251 1548,1254 1601,1257 1654,1261 1706,1266 1759,1269 1811,1272 1864,1277 1917,1281"/>
                <TextEquiv>
                    <Unicode>Großweibel Imhooß diese Anneli Chanet</Unicode>
                </TextEquiv>
            </TextLine>
            <TextLine id="r2l3" custom="readingOrder {index:2;}">
                <Coords points="912,1291 1907,1363 1894,1297 1814,1283 1771,1312 1661,1263 1591,1297 1459,1258 914,1254"/>
                <Baseline points="918,1289 967,1289 1016,1290 1065,1292 1114,1293 1164,1295 1213,1297 1262,1299 1311,1301 1360,1304 1410,1306 1459,1308 1508,1311 1557,1315 1606,1317 1656,1321 1705,1325 1754,1327 1803,1331 1852,1335 1902,1338"/>
                <TextEquiv>
                    <Unicode>so dißmahl in der Gefangenschafft enthalten,</Unicode>
                </TextEquiv>
            </TextLine>
            <TextLine id="r2l4" custom="readingOrder {index:3;}">
                <Coords points="910,1353 1149,1360 1197,1394 1473,1368 1574,1413 1788,1394 1875,1424 1878,1356 1790,1338 912,1297"/>
                <Baseline points="917,1347 964,1349 1012,1352 1060,1353 1107,1355 1155,1357 1203,1358 1250,1360 1298,1362 1346,1363 1394,1365 1441,1367 1489,1368 1537,1371 1584,1373 1632,1376 1680,1377 1727,1381 1775,1383 1823,1388 1871,1391"/>
                <TextEquiv>
                    <Unicode>dieses beklagdten diebstahls halben, nieder</Unicode>
                </TextEquiv>
            </TextLine>
            <TextLine id="r2l5" custom="readingOrder {index:4;}">
                <Coords points="917,1413 967,1442 1022,1412 1073,1440 1313,1424 1456,1466 1606,1432 1695,1473 1847,1474 1849,1411 1535,1413 1474,1368 1215,1388 1163,1362 1109,1393 919,1363"/>
                <Baseline points="924,1403 969,1406 1015,1408 1061,1410 1107,1413 1153,1415 1199,1417 1245,1419 1291,1421 1337,1422 1383,1424 1428,1425 1474,1427 1520,1428 1566,1430 1612,1431 1658,1433 1704,1435 1750,1437 1796,1439 1842,1442"/>
                <TextEquiv>
                    <Unicode>vorhergethänem kräfftigen ermahnen</Unicode>
                </TextEquiv>
            </TextLine>
            <TextLine id="r2l6" custom="readingOrder {index:5;}">
                <Coords points="898,1507 971,1469 1147,1516 1409,1491 1523,1516 1668,1496 1670,1441 1525,1471 1181,1423 1073,1441 1026,1411 971,1443 901,1435"/>
                <Baseline points="906,1466 943,1467 981,1468 1019,1470 1057,1470 1095,1472 1132,1473 1170,1475 1208,1476 1246,1478 1284,1479 1321,1481 1359,1482 1397,1483 1435,1484 1473,1485 1510,1487 1548,1488 1586,1489 1624,1490 1662,1491"/>
                <TextEquiv>
                    <Unicode>Ernstwöhrtiglichen examiniert.</Unicode>
                </TextEquiv>
            </TextLine>
            <TextLine id="r2l7" custom="readingOrder {index:6;}">
                <Coords points="912,1563 919,1563 929,1555 945,1563 962,1557 972,1564 982,1564 1002,1547 1009,1549 1019,1545 1017,1507 1000,1508 978,1523 953,1522 943,1528 911,1526"/>
                <Baseline points="917,1541 949,1542 981,1539 1013,1538"/>
                <TextEquiv>
                    <Unicode>gAtt</Unicode>
                </TextEquiv>
            </TextLine>
            <TextLine id="r2l8" custom="readingOrder {index:7;}">
                <Coords points="1059,1546 1270,1561 1369,1603 1432,1565 1554,1588 1595,1563 1660,1597 1708,1568 1885,1586 1888,1521 1657,1527 1573,1501 1445,1542 1370,1505 1217,1498 1151,1530 1060,1524"/>
                <Baseline points="1065,1544 1105,1547 1146,1550 1187,1553 1228,1554 1268,1557 1309,1559 1350,1560 1391,1562 1431,1563 1472,1565 1513,1565 1554,1566 1594,1568 1635,1568 1676,1569 1717,1571 1757,1572 1798,1572 1839,1574 1880,1575"/>
                <TextEquiv>
                    <Unicode>in geshändig gewesen, daß wie Sie</Unicode>
                </TextEquiv>
            </TextLine>
            <TextLine id="r2l9" custom="readingOrder {index:8;}">
                <Coords points="1013,1568 1046,1579 1069,1568 1113,1591 1154,1580 1177,1593 1187,1585 1213,1597 1247,1590 1249,1556 1242,1554 1233,1562 1204,1558 1192,1566 1148,1551 1102,1547 1077,1554 1039,1537 1015,1542"/>
                <Baseline points="1020,1565 1047,1567 1075,1569 1102,1571 1130,1574 1158,1574 1185,1577 1213,1579 1241,1581"/>
                <TextEquiv>
                    <Unicode>tgaszerte</Unicode>
                </TextEquiv>
            </TextLine>
            <TextLine id="r2l10" custom="readingOrder {index:9;}">
                <Coords points="908,1600 986,1594 1055,1639 1173,1605 1246,1634 1489,1619 1649,1663 1710,1632 1767,1667 1905,1640 1901,1586 1668,1602 1590,1563 1397,1604 1270,1566 1230,1593 910,1562"/>
                <Baseline points="915,1593 964,1596 1013,1598 1062,1601 1111,1603 1161,1605 1210,1608 1259,1611 1308,1613 1357,1615 1407,1618 1456,1620 1505,1622 1554,1623 1603,1625 1653,1626 1702,1626 1751,1626 1800,1626 1849,1625 1899,1623"/>
                <TextEquiv>
                    <Unicode>vor etlichen Jahren in Mohhl. Rahts H. Engels</Unicode>
                </TextEquiv>
            </TextLine>
            <TextLine id="r2l11" custom="readingOrder {index:10;}">
                <Coords points="902,1669 1195,1665 1265,1704 1331,1672 1481,1713 1592,1689 1648,1725 1719,1686 1891,1691 1912,1659 904,1616"/>
                <Baseline points="909,1655 958,1655 1008,1656 1058,1656 1108,1658 1158,1659 1207,1662 1257,1664 1307,1667 1357,1669 1407,1671 1456,1674 1506,1676 1556,1679 1606,1680 1656,1682 1705,1683 1755,1683 1805,1683 1855,1682 1905,1682"/>
                <TextEquiv>
                    <Unicode>hauß gearbeitet, sie gesuchen, daß die Fraus</Unicode>
                </TextEquiv>
            </TextLine>
            <TextLine id="r2l12" custom="readingOrder {index:11;}">
                <Coords points="894,1728 1830,1754 1854,1685 1717,1688 1648,1725 1404,1682 1333,1709 895,1677"/>
                <Baseline points="900,1722 947,1721 994,1719 1042,1719 1089,1719 1136,1719 1184,1721 1231,1722 1278,1724 1326,1725 1373,1728 1420,1730 1468,1733 1515,1734 1562,1736 1610,1738 1657,1740 1704,1741 1752,1742 1799,1742 1847,1742"/>
                <TextEquiv>
                    <Unicode>Rahtsherrn Einen Schwahren Seckel mit</Unicode>
                </TextEquiv>
            </TextLine>
            <TextLine id="r2l13" custom="readingOrder {index:12;}">
                <Coords points="899,1803 1305,1781 1352,1817 1500,1789 1784,1824 1854,1799 1855,1755 1618,1777 1528,1738 1467,1760 1339,1730 1264,1768 1146,1737 1072,1758 1043,1729 900,1746"/>
                <Baseline points="906,1778 953,1778 1000,1778 1047,1778 1094,1778 1141,1778 1188,1779 1235,1781 1282,1782 1329,1784 1377,1785 1424,1787 1471,1787 1518,1788 1565,1790 1612,1791 1659,1791 1706,1791 1753,1791 1800,1791 1848,1790"/>
                <TextEquiv>
                    <Unicode>Geldt auß einem Bußet in ein anders</Unicode>
                </TextEquiv>
            </TextLine>
            <TextLine id="r2l14" custom="readingOrder {index:13;}">
                <Coords points="891,1850 1264,1835 1357,1876 1494,1850 1725,1853 1776,1881 1860,1853 1861,1823 1622,1797 1557,1826 1499,1790 1268,1821 1129,1783 892,1809"/>
                <Baseline points="897,1835 944,1835 992,1833 1040,1835 1088,1835 1136,1836 1184,1837 1231,1839 1279,1840 1327,1842 1375,1844 1423,1845 1471,1847 1519,1848 1566,1848 1614,1850 1662,1850 1710,1850 1758,1850 1806,1848 1854,1845"/>
                <TextEquiv>
                    <Unicode>behalt getragen Volgends habe Sie auch da</Unicode>
                </TextEquiv>
            </TextLine>
            <TextLine id="r2l15" custom="readingOrder {index:14;}">
                <Coords points="893,1911 1064,1885 1201,1930 1247,1897 1349,1905 1384,1938 1506,1894 1690,1943 1866,1907 1867,1872 1358,1877 1270,1836 1190,1880 894,1853"/>
                <Baseline points="900,1886 948,1887 996,1889 1044,1889 1092,1891 1140,1892 1188,1893 1236,1895 1284,1896 1332,1898 1380,1899 1428,1901 1476,1902 1524,1902 1572,1902 1620,1902 1668,1902 1716,1902 1764,1901 1812,1899 1860,1896"/>
                <TextEquiv>
                    <Unicode>heimb der Lisabeth erzellt, Wie die Frauw</Unicode>
                </TextEquiv>
            </TextLine>
            <TextLine id="r2l16" custom="readingOrder {index:15;}">
                <Coords points="885,1953 997,1979 1064,1946 1290,1957 1344,1992 1406,1959 1547,2000 1625,1965 1893,1976 1894,1923 1823,1913 1604,1945 1467,1905 1388,1938 1247,1897 1187,1934 1031,1889 886,1917"/>
                <Baseline points="891,1941 940,1943 990,1944 1040,1946 1090,1947 1140,1949 1189,1950 1239,1952 1289,1953 1339,1955 1389,1956 1438,1958 1488,1959 1538,1959 1588,1959 1638,1959 1687,1959 1737,1958 1787,1956 1837,1955 1887,1952"/>
                <TextEquiv>
                    <Unicode>Rechtsherrn so viel geldt habe, so niemanden</Unicode>
                </TextEquiv>
            </TextLine>
            <TextLine id="r2l17" custom="readingOrder {index:16;}">
                <Coords points="899,2029 963,1998 1054,2023 1226,1999 1705,2050 1767,2016 1806,2046 1831,1987 900,1964"/>
                <Baseline points="906,2000 951,2001 997,2001 1043,2001 1089,2003 1135,2004 1181,2006 1227,2007 1273,2009 1319,2010 1365,2012 1410,2013 1456,2015 1502,2016 1548,2016 1594,2018 1640,2018 1686,2018 1732,2016 1778,2016 1824,2013"/>
                <TextEquiv>
                    <Unicode>zu nutz kome und Sie hingegen so gung</Unicode>
                </TextEquiv>
            </TextLine>
            <TextLine id="r2l18" custom="readingOrder {index:17;}">
                <Coords points="895,2068 1023,2095 1169,2060 1239,2085 1522,2070 1611,2102 1833,2083 1834,2036 1767,2015 1613,2062 1423,2024 1335,2042 1226,1999 1130,2039 896,2033"/>
                <Baseline points="902,2058 948,2057 994,2055 1040,2055 1087,2056 1133,2057 1179,2058 1225,2060 1272,2061 1318,2064 1364,2066 1410,2069 1457,2070 1503,2072 1549,2073 1595,2074 1642,2075 1688,2074 1734,2073 1780,2072 1827,2069"/>
                <TextEquiv>
                    <Unicode>umb Einen Batzen arbeiten müße, Aber</Unicode>
                </TextEquiv>
            </TextLine>
            <TextLine id="r2l19" custom="readingOrder {index:18;}">
                <Coords points="884,2129 1075,2110 1199,2145 1296,2117 1371,2153 1841,2160 1852,2079 1627,2102 885,2071"/>
                <Baseline points="891,2117 938,2115 986,2114 1034,2114 1081,2114 1129,2115 1177,2115 1224,2117 1272,2118 1320,2120 1368,2121 1415,2124 1463,2124 1511,2127 1558,2127 1606,2129 1654,2129 1701,2129 1749,2128 1797,2127 1845,2124"/>
                <TextEquiv>
                    <Unicode>daß sie Jemahls einichen Hallers Wehrts</Unicode>
                </TextEquiv>
            </TextLine>
            <TextLine id="r2l20" custom="readingOrder {index:19;}">
                <Coords points="899,2168 1730,2210 1837,2182 1805,2145 1736,2166 1484,2132 1427,2160 1076,2111 997,2145 900,2134"/>
                <Baseline points="906,2166 952,2166 998,2168 1044,2168 1090,2169 1137,2171 1183,2172 1229,2174 1275,2174 1321,2177 1368,2178 1414,2180 1460,2181 1506,2182 1552,2183 1599,2184 1645,2184 1691,2184 1737,2184 1783,2184 1830,2183"/>
                <TextEquiv>
                    <Unicode>der Erl. Rahtsherrin entwendt oder ein</Unicode>
                </TextEquiv>
            </TextLine>
            <TextLine id="r2l21" custom="readingOrder {index:20;}">
                <Coords points="889,2248 1055,2226 1200,2275 1374,2234 1501,2276 1550,2236 1674,2278 1830,2240 1831,2200 1771,2189 1628,2225 1534,2185 1465,2214 891,2178"/>
                <Baseline points="896,2226 942,2226 988,2225 1035,2225 1081,2225 1127,2225 1174,2226 1220,2228 1266,2230 1313,2232 1359,2233 1405,2235 1452,2237 1498,2238 1544,2240 1591,2241 1637,2243 1683,2243 1730,2243 1776,2243 1823,2241"/>
                <TextEquiv>
                    <Unicode>buftet aufgethan werde sich in ewigkeit</Unicode>
                </TextEquiv>
            </TextLine>
            <TextLine id="r2l22" custom="readingOrder {index:21;}">
                <Coords points="893,2303 907,2306 933,2284 941,2290 964,2282 1011,2310 1052,2286 1130,2316 1156,2308 1156,2262 1128,2261 1102,2237 1075,2229 1027,2260 999,2261 969,2237 941,2250 893,2252"/>
                <Baseline points="900,2282 927,2283 955,2283 983,2282 1010,2282 1038,2282 1066,2282 1093,2282 1121,2282 1149,2282"/>
                <TextEquiv>
                    <Unicode>nit erfinden</Unicode>
                </TextEquiv>
            </TextLine>
            <TextLine id="r2l23" custom="readingOrder {index:22;}">
                <Coords points="890,2361 1032,2379 1099,2335 1169,2373 1441,2362 1711,2401 1836,2375 1839,2298 1664,2345 1454,2281 1396,2309 1217,2275 1101,2319 1059,2286 964,2322 892,2304"/>
                <Baseline points="897,2337 943,2337 990,2337 1036,2337 1083,2339 1130,2340 1176,2342 1223,2344 1270,2346 1316,2348 1363,2351 1410,2353 1456,2355 1503,2357 1550,2358 1596,2360 1643,2361 1690,2361 1736,2363 1783,2361 1830,2361"/>
                <TextEquiv>
                    <Unicode>auch seye wahr, daß Sie vor ohngeführt</Unicode>
                </TextEquiv>
            </TextLine>
            <TextLine id="r2l24" custom="readingOrder {index:23;}">
                <Coords points="1646,2460 1658,2461 1664,2456 1675,2466 1695,2461 1701,2468 1725,2470 1725,2404 1700,2399 1693,2393 1686,2398 1680,2394 1673,2400 1646,2399"/>
                <Baseline points="1653,2442 1686,2444 1719,2442"/>
                <TextEquiv>
                    <Unicode>4.</Unicode>
                </TextEquiv>
            </TextLine>
            <TextLine id="r1l1" custom="readingOrder {index:24;}">
                <Coords points="789,1120 818,1110 838,1122 864,1122 864,1016 854,1015 842,1026 825,1017 820,1020 810,1016 789,1016"/>
                <Baseline points="795,1080 826,1077 858,1080"/>
                <TextEquiv>
                    <Unicode>286</Unicode>
                </TextEquiv>
            </TextLine>
            <TextEquiv>
                <Unicode>Alß nun den 3ten hujus M. Wh.
Großweibel Imhooß diese Anneli Chanet
so dißmahl in der Gefangenschafft enthalten,
dieses beklagdten diebstahls halben, nieder
vorhergethänem kräfftigen ermahnen
Ernstwöhrtiglichen examiniert.
gAtt
in geshändig gewesen, daß wie Sie
tgaszerte
vor etlichen Jahren in Mohhl. Rahts H. Engels
hauß gearbeitet, sie gesuchen, daß die Fraus
Rahtsherrn Einen Schwahren Seckel mit
Geldt auß einem Bußet in ein anders
behalt getragen Volgends habe Sie auch da
heimb der Lisabeth erzellt, Wie die Frauw
Rechtsherrn so viel geldt habe, so niemanden
zu nutz kome und Sie hingegen so gung
umb Einen Batzen arbeiten müße, Aber
daß sie Jemahls einichen Hallers Wehrts
der Erl. Rahtsherrin entwendt oder ein
buftet aufgethan werde sich in ewigkeit
nit erfinden
auch seye wahr, daß Sie vor ohngeführt
4.
286</Unicode>
            </TextEquiv>
        </TextRegion>
        <TextRegion orientation="0.0" type="paragraph" id="TextRegion_1687015082791_2318" custom="readingOrder {index:1;}">
            <Coords points="1962,1067 3127,1096 3123,2280 2012,2275"/>
            <TextLine id="r3l1" custom="readingOrder {index:0;}">
                <Coords points="2010,1178 2018,1178 2030,1173 2041,1179 2050,1173 2060,1173 2060,1093 2051,1094 2044,1088 2021,1108 2010,1110"/>
                <Baseline points="2016,1143 2054,1143"/>
                <TextEquiv>
                    <Unicode>28</Unicode>
                </TextEquiv>
            </TextLine>
            <TextLine id="r4l1" custom="readingOrder {index:1;} person {offset:30; length:6;}">
                <Coords points="2110,1219 2421,1250 2513,1211 2564,1245 2696,1249 2821,1216 2926,1254 3080,1218 3081,1162 3004,1188 2947,1158 2832,1178 2774,1137 2632,1176 2581,1151 2526,1175 2313,1142 2111,1157"/>
                <Baseline points="2117,1206 2164,1206 2212,1206 2260,1206 2308,1206 2356,1206 2404,1208 2451,1208 2499,1209 2547,1209 2595,1211 2643,1212 2691,1212 2739,1213 2786,1214 2834,1214 2882,1214 2930,1214 2978,1213 3026,1212 3074,1211"/>
                <TextEquiv>
                    <Unicode>4 Wuchen bey Möhhl. Rahtsherr Engels</Unicode>
                </TextEquiv>
            </TextLine>
            <TextLine id="r4l2" custom="readingOrder {index:2;}">
                <Coords points="2101,1284 2318,1264 2369,1307 2506,1266 2678,1299 2750,1264 2949,1298 3090,1271 3090,1229 2981,1247 2902,1213 2683,1249 2492,1213 2421,1251 2299,1214 2102,1226"/>
                <Baseline points="2108,1265 2156,1263 2205,1263 2254,1263 2303,1262 2352,1262 2400,1262 2449,1262 2498,1263 2547,1263 2596,1263 2644,1263 2693,1263 2742,1263 2791,1265 2840,1265 2888,1265 2937,1265 2986,1264 3035,1263 3084,1263"/>
                <TextEquiv>
                    <Unicode>hauß sich angemeldet, auch mit dem Herren</Unicode>
                </TextEquiv>
            </TextLine>
            <TextLine id="r4l3" custom="readingOrder {index:3;}">
                <Coords points="2104,1347 2765,1321 2984,1347 3113,1335 3113,1280 2104,1283"/>
                <Baseline points="2111,1325 2160,1323 2210,1322 2260,1322 2310,1322 2360,1320 2409,1320 2459,1322 2509,1322 2559,1322 2609,1322 2658,1322 2708,1322 2758,1322 2808,1322 2858,1320 2907,1319 2957,1319 3007,1316 3057,1314 3107,1311"/>
                <TextEquiv>
                    <Unicode>Gerndt. Sie habe aber nit hinauff ins hauß</Unicode>
                </TextEquiv>
            </TextLine>
            <TextLine id="r4l4" custom="readingOrder {index:4;}">
                <Coords points="2106,1418 2612,1373 2851,1407 3063,1380 3063,1336 2105,1346"/>
                <Baseline points="2112,1385 2159,1383 2206,1382 2253,1380 2301,1380 2348,1379 2395,1377 2442,1377 2490,1376 2537,1376 2584,1374 2631,1374 2679,1374 2726,1373 2773,1373 2820,1373 2868,1371 2915,1371 2962,1371 3009,1370 3057,1368"/>
                <TextEquiv>
                    <Unicode>begehrt, sonderen das Magdtlin selbst habe</Unicode>
                </TextEquiv>
            </TextLine>
            <TextLine id="r4l5" custom="readingOrder {index:5;}">
                <Coords points="2100,1483 2354,1436 2417,1470 2507,1431 3102,1453 3101,1398 2963,1410 2931,1380 2835,1409 2737,1378 2099,1416"/>
                <Baseline points="2105,1442 2154,1440 2204,1439 2253,1438 2303,1437 2352,1436 2402,1434 2451,1433 2501,1433 2550,1431 2600,1430 2650,1430 2699,1428 2749,1428 2798,1427 2848,1427 2897,1427 2947,1425 2996,1425 3046,1425 3096,1425"/>
                <TextEquiv>
                    <Unicode>sie Geheißen hinauff in das Magdten gemach</Unicode>
                </TextEquiv>
            </TextLine>
            <TextLine id="r4l6" custom="readingOrder {index:6;}">
                <Coords points="2109,1519 2655,1489 2747,1521 2832,1492 2976,1517 3057,1482 3057,1439 2708,1465 2503,1434 2416,1471 2354,1435 2228,1482 2108,1458"/>
                <Baseline points="2115,1496 2161,1494 2208,1494 2255,1494 2302,1493 2349,1491 2395,1491 2442,1490 2489,1490 2536,1488 2583,1487 2629,1487 2676,1485 2723,1485 2770,1484 2817,1484 2863,1484 2910,1484 2957,1484 3004,1484 3051,1485"/>
                <TextEquiv>
                    <Unicode>gehen, zu wahrten biß der H. Rahtsherr Ge¬</Unicode>
                </TextEquiv>
            </TextLine>
            <TextLine id="r4l7" custom="readingOrder {index:7;}">
                <Coords points="2106,1590 2195,1567 2316,1592 2489,1552 2656,1579 2775,1544 2983,1563 3049,1540 3048,1490 2908,1521 2838,1492 2761,1519 2634,1500 2590,1526 2330,1494 2222,1540 2105,1530"/>
                <Baseline points="2112,1554 2158,1554 2205,1553 2251,1553 2298,1551 2344,1550 2391,1550 2437,1548 2484,1548 2530,1547 2577,1547 2623,1545 2670,1544 2716,1544 2763,1542 2809,1542 2856,1541 2902,1539 2949,1539 2995,1538 3042,1536"/>
                <TextEquiv>
                    <Unicode>legenheit habe Sie anzuhören, vnd wie sie</Unicode>
                </TextEquiv>
            </TextLine>
            <TextLine id="r4l8" custom="readingOrder {index:8;}">
                <Coords points="2100,1641 2337,1608 2445,1636 2598,1609 2920,1631 2977,1600 3093,1609 3092,1545 2938,1577 2856,1543 2099,1591"/>
                <Baseline points="2106,1614 2155,1613 2204,1611 2253,1610 2302,1609 2351,1607 2400,1605 2449,1604 2498,1604 2547,1602 2596,1601 2645,1601 2694,1599 2743,1598 2792,1598 2841,1597 2890,1596 2939,1596 2988,1595 3037,1595 3087,1595"/>
                <TextEquiv>
                    <Unicode>sich in dem Mägdten gemachbefunden, so seyn</Unicode>
                </TextEquiv>
            </TextLine>
            <TextLine id="r4l9" custom="readingOrder {index:9;}">
                <Coords points="2106,1681 2242,1708 2292,1673 2584,1684 2640,1656 2935,1687 3055,1662 3054,1618 2483,1614 2430,1639 2363,1608 2105,1647"/>
                <Baseline points="2112,1673 2158,1670 2205,1668 2252,1666 2299,1664 2346,1662 2392,1661 2439,1659 2486,1659 2533,1658 2580,1656 2626,1656 2673,1655 2720,1655 2767,1653 2814,1652 2860,1652 2907,1650 2954,1649 3001,1647 3048,1646"/>
                <TextEquiv>
                    <Unicode>in der That ein unbekanndtes Menschmit</Unicode>
                </TextEquiv>
            </TextLine>
            <TextLine id="r4l10" custom="readingOrder {index:10;} place {offset:25; length:7;}">
                <Coords points="2108,1731 2210,1763 2250,1731 2711,1713 2919,1748 3093,1712 3092,1660 2844,1667 2810,1694 2485,1665 2108,1707"/>
                <Baseline points="2115,1730 2163,1727 2212,1725 2260,1723 2309,1721 2358,1719 2406,1718 2455,1717 2503,1716 2552,1715 2601,1715 2649,1713 2698,1713 2746,1712 2795,1712 2844,1712 2892,1710 2941,1710 2989,1709 3038,1709 3087,1707"/>
                <TextEquiv>
                    <Unicode>einem Roht gestrichleten Manteau hinauf</Unicode>
                </TextEquiv>
            </TextLine>
            <TextLine id="r4l11" custom="readingOrder {index:11;}">
                <Coords points="3046,1786 3054,1786 3056,1789 3059,1790 3074,1790 3074,1746 3064,1746 3063,1748 3059,1744 3046,1745"/>
                <Baseline points="3053,1763 3068,1763"/>
                <TextEquiv>
                    <Unicode></Unicode>
                </TextEquiv>
            </TextLine>
            <TextLine id="r4l12" custom="readingOrder {index:12;}">
                <Coords points="2100,1807 2740,1772 2822,1811 2878,1781 3046,1786 3045,1747 2712,1715 2642,1755 2516,1722 2422,1750 2267,1733 2221,1768 2098,1731"/>
                <Baseline points="2106,1791 2152,1787 2199,1784 2245,1781 2292,1779 2339,1776 2385,1775 2432,1775 2479,1773 2525,1773 2572,1772 2619,1772 2665,1772 2712,1772 2759,1772 2805,1772 2852,1770 2899,1770 2945,1770 2992,1770 3039,1769"/>
                <TextEquiv>
                    <Unicode>komen und den Kopf zur thuren hinein ge¬</Unicode>
                </TextEquiv>
            </TextLine>
            <TextLine id="r4l13" custom="readingOrder {index:13;}">
                <Coords points="2099,1864 2368,1835 2494,1876 2676,1826 3067,1861 3080,1809 2909,1781 2821,1811 2699,1770 2660,1801 2502,1775 2098,1806"/>
                <Baseline points="2105,1847 2153,1842 2201,1839 2250,1837 2298,1835 2347,1834 2395,1833 2444,1832 2492,1832 2541,1830 2589,1830 2637,1830 2686,1830 2734,1830 2783,1830 2831,1830 2880,1830 2928,1830 2977,1829 3025,1829 3074,1827"/>
                <TextEquiv>
                    <Unicode>streckt, und weltsch geredt. Welches sie dem</Unicode>
                </TextEquiv>
            </TextLine>
            <TextLine id="r4l14" custom="readingOrder {index:14;}">
                <Coords points="2803,1914 2912,1898 2933,1908 2958,1886 2996,1905 3020,1890 3056,1901 3055,1848 3024,1838 2992,1842 2975,1832 2959,1842 2928,1840 2916,1853 2903,1846 2888,1863 2866,1867 2850,1851 2801,1849"/>
                <Baseline points="2808,1890 2834,1889 2861,1889 2888,1887 2915,1886 2942,1886 2969,1886 2996,1884 3023,1884 3050,1883"/>
                <TextEquiv>
                    <Unicode>daß Sie</Unicode>
                </TextEquiv>
            </TextLine>
            <TextLine id="r4l15" custom="readingOrder {index:15;} person {offset:0; length:8;}">
                <Coords points="2097,1927 2171,1937 2261,1905 2436,1933 2524,1898 2597,1921 2759,1885 2798,1909 2796,1839 2776,1835 2736,1861 2548,1847 2490,1875 2434,1849 2375,1879 2270,1845 2096,1880"/>
                <Baseline points="2103,1905 2137,1904 2171,1901 2206,1900 2240,1898 2275,1896 2309,1896 2344,1895 2378,1893 2413,1892 2447,1892 2481,1890 2516,1890 2550,1889 2585,1889 2619,1887 2654,1887 2688,1887 2723,1886 2757,1886 2792,1886"/>
                <TextEquiv>
                    <Unicode>Magdtlin im Hauß angezeigdt.</Unicode>
                </TextEquiv>
            </TextLine>
            <TextLine id="r4l16" custom="readingOrder {index:16;}">
                <Coords points="2100,1977 2260,1963 2363,1996 2417,1962 2479,1989 3102,1958 3101,1899 2571,1903 2502,1941 2099,1926"/>
                <Baseline points="2106,1968 2155,1967 2205,1965 2254,1964 2304,1962 2353,1961 2403,1961 2452,1959 2502,1958 2551,1958 2601,1956 2650,1956 2700,1955 2749,1955 2799,1953 2848,1952 2898,1952 2947,1950 2997,1950 3046,1949 3096,1947"/>
                <TextEquiv>
                    <Unicode>Aber Johmahlen etwas entwendt oder über</Unicode>
                </TextEquiv>
            </TextLine>
            <TextLine id="r4l17" custom="readingOrder {index:17;}">
                <Coords points="2093,2049 2299,2027 2327,2053 2391,2016 2448,2055 2656,2009 2883,2012 2941,2050 2994,2011 3069,2032 3068,1969 2983,1953 2899,1990 2603,1959 2541,1995 2422,1964 2356,1996 2263,1966 2092,1997"/>
                <Baseline points="2099,2021 2147,2019 2195,2018 2243,2018 2291,2016 2340,2016 2388,2015 2436,2015 2484,2013 2532,2013 2581,2013 2629,2012 2677,2012 2725,2010 2773,2010 2822,2009 2870,2009 2918,2007 2966,2006 3014,2005 3063,2004"/>
                <TextEquiv>
                    <Unicode>ein Bustet gebrochen Wurde kein Mensch mit</Unicode>
                </TextEquiv>
            </TextLine>
            <TextLine id="r4l18" custom="readingOrder {index:18;}">
                <Coords points="2087,2119 2227,2084 2312,2116 2389,2087 2533,2113 2705,2067 2827,2089 2826,2036 2699,2011 2645,2053 2531,2023 2452,2054 2394,2017 2326,2053 2300,2027 2222,2047 2086,2024"/>
                <Baseline points="2093,2075 2129,2075 2165,2075 2202,2075 2238,2075 2274,2075 2311,2074 2347,2073 2383,2073 2420,2073 2456,2072 2492,2072 2529,2070 2565,2070 2601,2070 2638,2069 2674,2069 2710,2069 2747,2068 2783,2067 2820,2067"/>
                <TextEquiv>
                    <Unicode>Wahrheit auf Sie bringen können.</Unicode>
                </TextEquiv>
            </TextLine>
            <TextLine id="r4l19" custom="readingOrder {index:19;} person {offset:33; length:6;}">
                <Coords points="2084,2200 2151,2167 2242,2193 2433,2162 2623,2198 2925,2163 3012,2193 3011,2134 2809,2105 2639,2139 2567,2105 2348,2127 2212,2097 2083,2137"/>
                <Baseline points="2090,2172 2135,2171 2181,2168 2227,2166 2273,2165 2318,2164 2364,2163 2410,2163 2456,2162 2501,2162 2547,2162 2593,2161 2639,2160 2684,2160 2730,2160 2776,2159 2822,2159 2867,2157 2913,2156 2959,2154 3005,2153"/>
                <TextEquiv>
                    <Unicode>Die ses also das Jenige so diese Annell</Unicode>
                </TextEquiv>
            </TextLine>
            <TextLine id="r4l20" custom="readingOrder {index:20;}">
                <Coords points="2097,2271 2194,2247 2480,2273 2591,2225 3091,2258 3100,2168 2998,2195 2927,2163 2237,2208 2152,2167 2095,2186"/>
                <Baseline points="2102,2240 2151,2238 2201,2235 2250,2234 2300,2232 2350,2230 2399,2229 2449,2228 2499,2226 2548,2225 2598,2223 2648,2222 2697,2222 2747,2220 2797,2220 2846,2219 2896,2218 2946,2217 2995,2216 3045,2216 3095,2214"/>
                <TextEquiv>
                    <Unicode>hauet zu Ihrer Verantwortung vorgebracht,</Unicode>
                </TextEquiv>
            </TextLine>
            <TextEquiv>
                <Unicode>28
4 Wuchen bey Möhhl. Rahtsherr Engels
hauß sich angemeldet, auch mit dem Herren
Gerndt. Sie habe aber nit hinauff ins hauß
begehrt, sonderen das Magdtlin selbst habe
sie Geheißen hinauff in das Magdten gemach
gehen, zu wahrten biß der H. Rahtsherr Ge¬
legenheit habe Sie anzuhören, vnd wie sie
sich in dem Mägdten gemachbefunden, so seyn
in der That ein unbekanndtes Menschmit
einem Roht gestrichleten Manteau hinauf

komen und den Kopf zur thuren hinein ge¬
streckt, und weltsch geredt. Welches sie dem
daß Sie
Magdtlin im Hauß angezeigdt.
Aber Johmahlen etwas entwendt oder über
ein Bustet gebrochen Wurde kein Mensch mit
Wahrheit auf Sie bringen können.
Die ses also das Jenige so diese Annell
hauet zu Ihrer Verantwortung vorgebracht,</Unicode>
            </TextEquiv>
        </TextRegion>
    </Page>
</PcGts>
