367 1024
68 -3 334 38 die sye, wölche vor einem jar
73 26 328 67 dem Jacob Schiffeli zu Werlouff
69 54 324 100 ein unerlich khind gäben hab
76 79 334 130 dessenthalben von ientwägen
86 108 339 156 in eefrouw sich von imme hat
81 136 338 187 lassen schidigen die straff aber
67 165 326 217 an imme schifferlin und an ira
72 203 333 238 diseren gefangnen nit sovil
73 227 337 271 erschieslich, dann dz sy beyde noch
72 253 341 298 mals by ein anderen zu unveren
79 283 335 322 belyben unnd yetz zum annderen
70 311 241 347 mal geschwengert
74 341 335 390 Daruff gibt sy den bescheydt
89 370 334 415 is werde ietzund uff khünfftigen
91 398 330 438 nüwen irs tag zwoy iar
82 421 336 471 das sy dienstwyss zu bemeten
88 450 336 497 schifferli khommen sig do hab er
78 479 348 527 bald darach iren fürgäben wie
85 510 353 549 daz sin eestouw ie ertwas mangt
86 532 342 577 salb am lyb sin frouw nit khön
87 560 335 603 sin, deßhalb nitt wunder wäre.
70 589 327 632 wann er schon umb ein anndere
72 616 332 658 surbe unnd sy übereedt imme
91 644 296 687 gewilferen mitt selchen ver
77 669 345 713 nach dem syn frouw auz stodt
81 697 332 739 abgang oder sinst von im
90 724 327 764 escheyden, So wölt er sy nit
82 745 323 791 verlan sonders eelichen denn
80 776 324 822 ime wol domaln zu wüssn
75 805 336 848 das sin eefrouw sich wurde
84 832 317 875 von im scheyden von wägen
73 856 343 901 dz damaln unb die zyt ein
74 885 328 927 andere mit namen Morgrech
77 911 311 963 so zu diser zytt bendich
78 946 316 995 Guggeren zu verlouffen h
