391 1024
89 5 323 50 ng artzuen lassen. doch sige er
76 31 336 75 itt volkhommenlich des schadens
69 55 335 106 geheylet worden, dann dz er noch
75 86 345 128 oderhar zu Bürren deren biderbllit
73 115 358 151 umb süne anruffen unnd sins schaten
71 138 333 180 mit artzüyen wyteren costen haben
78 157 350 204 müssen unnd desshalb von armutt
72 189 353 230 wegen sin eefrouw mit khönnen
78 207 358 250 hallten, wie sy aber villiche beränt
79 241 325 275 hab sy ein unwillen ab ime
81 252 339 310 hessett, unnd sich iro heyen zug
85 293 340 331 ergäben in ouch mitt worce
94 315 332 358 ngezäpfft unnd angezogen wie
84 349 357 388 sy vernommen das sy er zu Bern
83 372 354 416 mit der Siechen jnngkhrouwtn
58 392 356 442 insell gefällt sya geschwengertt unnd
88 426 342 473 sin ee brochen sye er nachi
89 454 357 502 allein langem anhalten, durch sy an
63 479 360 528 inne beschächen, desselbigen zu Burrenn
82 512 363 557 am corgricht bekhantlich worden
89 541 360 587 unnd gesprochen er habe dasselbig
84 568 366 619 gethan, doch varnacher by niemands
98 597 366 641 ich diser gethat berumpt hierumb
98 627 345 674 yr beyde verschiner tagen alhar
91 658 367 700 für min gnädigen herren des Torgrichs
90 683 366 731 bescheyden unnd erschinen daselbst
92 713 380 761 er sich ouch angezeygter iebrüchlicher
96 745 336 788 hatt wäar sin erkhennt
101 768 379 820 doch als im die siechen jungk¬
92 801 376 851 frouw am eegricht fürgestelltn
100 833 355 884 hab er das dess er sich gegen
109 865 361 914 iner eefrouwen entschlossen
