337 1024
55 28 322 69 domal ninest zu kilchen kommen
54 55 312 97 unnd glich daruff syben wuch
59 81 319 125 tod krank glägen unnd also
60 110 309 157 zu Osteren sich usfprochen unnd
57 134 307 185 des herren nachtmald begen
58 165 330 215 als imn aber an sinem schenckell
65 193 324 239 noch weff here, sig er verursache
59 226 323 265 in Wallis zebaden, und sydt
59 250 305 296 har hab es sich mit ime
64 285 157 315 gewylett
71 307 292 359 Demnach ist er anzognen
61 341 311 380 worden, lttlicher verachtlicher
52 364 308 411 feden unnd seltanner Reden
65 397 299 437 so er vor eeren lüten in sin
55 429 250 474 bruders huß, ußgossen
53 457 302 501 als sman satzte im zu unnd
106 488 283 530 man im gfär itt
57 496 89 522 wi
54 512 288 559 er wölte wol zur kilchen gn
45 546 294 579 wenn man die bötz darus
59 564 283 615 thäte, derglich hab er g
173 588 275 628 wa gott de
82 603 154 628 ochen
77 615 284 662 d n e e e e ennd de
64 648 305 695 ünder mitt innershalb zächen
69 681 299 723 aren mit fürer und dem
46 710 296 754 jungsten tag werd straffen,
53 739 291 786 so woll er sin läben darun
54 797 314 860 uff solche füg halten keden
64 842 301 891 sibt er bschydt, er säche wol
54 873 300 916 das main im alles stüberlich
51 901 276 947 zusamen und herren zoge
