384 1024
307 1 328 26 1
60 5 319 51 schwanger, gedachte er inn imme
68 32 333 74 selbs, er möge möchte nitt wüssen
65 58 339 98 ob dz schmid wurde sin sin oder
69 82 318 122 nit Sittmaln, sy vorhur
64 108 328 155 dem Bweer schluchter ouch ein
73 134 348 181 giid hatte gan deßhalben
78 158 349 214 hab er ira zu antwurt er khönme
70 189 333 234 mit darfür wo das khind siin
71 214 343 256 sig, dasselbig zenemmen, yedoch
78 242 346 292 wölte er gärn wann sy möchte das
76 271 330 315 sys einanndren gäbe das der
74 297 321 343 als wol mit ira gfälltn
77 325 348 376 hab als er unnd nitt wyters
84 350 323 402 mitt iren sich unnderredt
84 380 333 438 noch sy uffgwisen das khiid äben
77 409 344 467 dem gndigen gweer schluchter zegäben
67 565 351 639 Eoem. ist ouch vom herren
90 611 329 660 Großweybell befragt worden
85 639 332 695 uss der herschafft Ernchsell
84 663 348 715 wald betterchh s imme be¬
84 700 349 754 wüse sye die ersach siner
89 726 238 780 gefangenschafft
88 765 356 836 uff das er gsprochen es sig im
100 815 347 858 wol zewüssen, warumb er
98 843 350 893 von Madlen Blaser Clausen
84 864 346 922 Brächbuls huss frouwen vor
