352 1024
37 29 327 87 Ittem zu Seelhoffen habt er
43 66 319 116 dem nüssboum flsch uß einem
49 100 333 143 flossschiff, so nir mitt einem
48 126 315 175 Boglin verspert was namlich
49 150 304 197 acht alleilh unnd Äschli
50 181 306 225 nommen, daruß alhie zum
53 204 313 251 alcken xij ß glößt
45 254 318 302 unnd nach allein ist er bekhamlich
46 288 319 326 worden, das er sydher siner ge¬
46 311 324 356 fangenschafft sin sybliche muter
55 332 316 378 wuret habe enteeret unnd
46 362 323 411 ungebürlicher wyss thorhaffter
52 386 324 434 unbsinnter wys sich ira wider¬
60 416 326 461 etzt unnd uff vermeinte anläsn
54 445 291 486 hannd an sya gleytt. dos
60 476 318 515 sig es beyde mal zugangen sin
43 495 323 531 bedunckens umb wol erarnette
72 524 324 568 syss, die er ira abforderte nach
65 548 318 592 inn er uff dem wasser holtz
61 568 313 616 unnd annders zur hußhaltung
74 594 317 638 ucher gfürt hatte Namlich
72 618 308 663 des ersten mäls hiesch er der
73 646 324 687 mutter brott für inne und sin
75 668 313 706 thwesterli, gäb inen ein klein
75 700 330 737 wenig, gieng sya hiemit uffhin
67 720 328 764 inn der statt, hättind sy zwey
70 745 315 782 nit gnügsem brött ein surpen
70 768 297 815 zukochen, littend sy sich dn
77 795 314 838 biss daz die mutter spaat wide
67 821 323 858 heim kham sässe er hinder
81 846 318 885 dem offen ofen unnd sagte
82 869 320 913 hiesch das meytelin der muter
68 896 316 936 brott, darzu er ouch vedt
70 922 314 962 sy hättind mit brott gnut
