374 1024
59 -1 345 37 mitt allem ernst ermant worden,
64 24 340 72 die waarheytt zubekhennen. dann
60 56 335 107 der hanndell dermassen an der
57 85 333 136 frouwen für gwüsse zeychen
62 120 326 162 offenbar das min gnädigen herren
67 141 338 195 verursachet nach der ruche sin
66 178 340 224 bekhantnus von im ußzebringen
66 208 326 247 derhalben er sinen selbs söll
59 236 336 285 acht haben, damit er sich mit
68 260 338 305 muttwilligklich begäbn die im
60 292 251 340 mitt eerlich sig
52 341 315 392 gibtt die antwurtt man soll
66 375 345 421 im thun wie man wöll so wüsss
63 400 335 451 er nit annders zu sagen dann
52 427 342 479 gott gäb wie sy die clegeri in
56 455 333 506 angäben unnd mitt ire lybs
61 489 336 543 versprungen sich darstellt so hab
56 517 308 565 er sya mit gschlagen sig ouch
53 550 336 602 nitt by im gsin, do irasellichs
55 577 339 631 widerfaren, wüsss ouch niemandts
59 604 278 664 ders ira zugefügt hab
73 668 314 727 st zrymal lär unnd zum
55 701 289 746 dritten mall mit dem
57 724 300 786 kleineren stein uffzogen
65 763 315 825 worden, will der thatt
59 788 237 846 mit bshemlich sin
