354 1024
30 -7 309 34 unnd sonst by allei hanndell
86 19 318 63 darumb verhorren söll, der
45 29 294 81 unnd wol könen sagen wie
58 66 304 108 sagter wimstorff mit im
56 87 324 125 den anfang gethan, und wie es
61 115 325 157 trochalb erganngen sye, dann
42 136 323 178 er sonst wo man im das recht
66 159 312 204 egin winstorff ergan liese
65 184 316 229 nngsamlich erzeig welte ds
54 208 346 260 wünstorff aller sach ein vrhebet
102 228 176 270 syo etc.
54 281 314 347 zum anndern ist er befragt
67 312 316 370 gwar sye dz er an ortenn
61 340 307 398 unnd funden ußgeschen er
59 365 337 418 hab ein nür schwerdt uf Cunrat
60 387 313 441 winistorff koufft dasselbig
64 410 306 462 müsse im werden zeigman
62 435 308 486 das er deß nit bkanntlich sye
54 455 309 503 dann er allein ein khein alt
58 478 316 533 unußbutzt schwertli hab und
69 501 309 547 so man zreis züchen wurde
60 524 340 585 müße er es usbützen lassen
58 577 341 658 zum druten ist er haussi angehoben
65 621 272 665 wie dz er sol gredt haben
59 644 325 694 ligind im try uf den achstlen
57 655 299 707 Dero hab er einen entwent
61 677 318 734 die annderen zen wol er ouch
68 700 309 749 abweeren oder got müss im
79 721 257 769 in laben nemen gib
68 735 324 791 als er nit wimstorf in den
61 762 308 810 unfal kommen und an sinem heim
61 788 317 826 gan sye beundicht schnegg unnd
73 807 321 854 noch einer im biß es brieytt
63 828 313 870 veld nachgangen dero er sich
70 851 314 896 entsessen unnd daruff seinliche
97 885 311 922 lichen wie den sölige der Aun
228 899 324 938 gen anzeigtt
