342 1024
46 5 320 49 Meyneydts wägen domaln in dar
66 33 329 79 lßysen stellen lassen. hie by hat
40 60 320 99 er wie ouch zuuor, ein ufferhab¬
50 88 310 128 nen eyd zu bott gethan sich
43 108 317 151 miner gnäigen herren landen unnd
90 137 327 178 ten zuentschlachen, wölche
53 165 316 204 traff aber nitt sovil an im er¬
59 192 319 237 hiesslich gwäsen dann das er
45 221 312 260 den zum anderen mal gethanen
56 244 312 291 eyd, übersächen unnd fräuenlich
55 269 304 314 in ir gnädige land unnd geriett
50 298 307 343 gangen sich deren gebrucht,
41 332 303 377 uff seinlichen sin zwysfachen
44 357 312 402 gottsbesterlichen eydts bruch
50 384 322 431 habend hichgenant min gnäign herren
55 418 326 457 uß anerborner milte, inne mitt
48 440 315 474 rüten uß houwen unnd ein or
67 474 312 509 eychne  ouch hiemitt noch
59 492 305 533 mals ein lyblichen eyd zu
61 519 304 557 gott geschworen zu ewigen zyt
57 548 292 579 von ire gnädigen landen unnd
64 569 309 611 epietten zefaren. der gnädiger
59 595 285 638 straffen aber yetziger zytt i
55 621 312 659 vergäß gestellt unnd unangsech
50 649 298 687 die höchen eyd schwär hatt
75 674 305 711 sich in miner gnäigen herren
66 700 311 734 lnd unnd gepiett, abermals
48 723 318 766 inglassen darin sich enthalten
46 751 317 790 unnd also (leyder zum dritten
53 780 283 819 mal meyneydig worden.
