<?xml version="1.0" encoding="UTF-8" standalone="yes"?>
<PcGts xmlns="http://schema.primaresearch.org/PAGE/gts/pagecontent/2013-07-15" xmlns:xsi="http://www.w3.org/2001/XMLSchema-instance" xsi:schemaLocation="http://schema.primaresearch.org/PAGE/gts/pagecontent/2013-07-15 http://schema.primaresearch.org/PAGE/gts/pagecontent/2013-07-15/pagecontent.xsd">
    <Metadata>
        <Creator>prov=University of Rostock/Institute of Mathematics/CITlab|PLANET AI GmbH/Gundram Leifert/gundram.leifert@planet-ai.de:name=Turmbücher Anna Witschi V2(htr_id=27066)::::v=2.6.7
prov=University of Rostock/Institute of Mathematics/CITlab|PLANET AI GmbH/Tobias Gruening/tobias.gruening@planet-ai.de:name=de.uros.citlab.module.baseline2polygon.B2PSeamMultiOriented:v=2.6.7
prov=University of Rostock/Institute of Mathematics/CITlab|PLANET AI GmbH/Gundram Leifert/gundram.leifert@planet-ai.de:name=German_Kurrent_XVI-XVIII_M1(htr_id=19584)::::v=2.6.6
prov=University of Rostock/Institute of Mathematics/CITlab|PLANET AI GmbH/Tobias Gruening/tobias.gruening@planet-ai.de:name=de.uros.citlab.module.baseline2polygon.B2PSeamMultiOriented:v=2.6.6
prov=University of Rostock/Institute of Mathematics/CITlab|PLANET AI GmbH/Tobias Gruening/tobias.gruening@planet-ai.de:name=/net_tf/LA73_249_0mod360.pb:de.uros.citlab.segmentation.CITlab_LA_ML:v=2.6.6
Transkribus</Creator>
        <Created>2020-10-05T21:24:06.482+02:00</Created>
        <LastChange>2022-09-09T15:56:09.131+02:00</LastChange>
        <TranskribusMetadata docId="1334772" pageId="52354085" pageNr="189" tsid="114635649" status="IN_PROGRESS" userId="9570" imgUrl="https://files.transkribus.eu/Get?id=URRFHDLOOQXGCWBAQCNMLEUC&amp;fileType=view" xmlUrl="https://files.transkribus.eu/Get?id=FNOKOQJKWWTIOYGDNHOZMUJN" imageId="16091344"/>
    </Metadata>
    <Page imageFilename="B IX 430 1-191024_189.jpg" imageWidth="403" imageHeight="1024">
        <ReadingOrder>
            <OrderedGroup id="ro_1687514076844" caption="Regions reading order">
                <RegionRefIndexed index="0" regionRef="r1"/>
            </OrderedGroup>
        </ReadingOrder>
        <TextRegion orientation="0.0" id="r1" custom="readingOrder {index:0;}">
            <Coords points="85,6 85,961 353,961 353,6"/>
            <TextLine id="r1l1" custom="readingOrder {index:0;}">
                <Coords points="106,34 246,31 295,48 320,35 351,44 352,25 334,13 307,19 292,7 276,16 216,9 192,15 154,2 107,14"/>
                <Baseline points="112,26 138,26 164,27 190,27 216,28 242,29 268,31 294,32 320,35 347,38"/>
                <TextEquiv>
                    <Unicode>eine der obgemelten schwarven</Unicode>
                </TextEquiv>
            </TextLine>
            <TextLine id="r1l2" custom="readingOrder {index:1;}">
                <Coords points="96,57 132,61 174,53 199,64 224,60 233,69 246,58 275,57 305,75 319,66 352,68 353,46 335,34 297,47 244,30 225,36 206,29 178,41 138,29 115,38 97,34"/>
                <Baseline points="101,52 128,53 155,53 183,53 210,53 237,54 265,55 292,57 319,58 347,61"/>
                <TextEquiv>
                    <Unicode>bendlen halb, so er alhie uss</Unicode>
                </TextEquiv>
            </TextLine>
            <TextLine id="r1l3" custom="readingOrder {index:2;}">
                <Coords points="100,83 138,80 159,95 181,84 207,92 251,81 346,86 347,69 322,69 308,57 238,68 174,53 121,66 101,58"/>
                <Baseline points="105,78 131,78 157,78 183,78 209,78 236,78 262,78 288,79 314,79 341,80"/>
                <TextEquiv>
                    <Unicode>des ysenklämers ladenn</Unicode>
                </TextEquiv>
            </TextLine>
            <TextLine id="r1l4" custom="readingOrder {index:3;}">
                <Coords points="111,120 150,107 191,106 216,115 279,104 285,110 302,106 324,124 341,125 341,84 284,93 272,81 234,82 195,95 175,88 159,95 136,81 111,84"/>
                <Baseline points="116,106 143,106 171,106 198,105 226,104 253,104 281,105 308,107 336,111"/>
                <TextEquiv>
                    <Unicode>noumen hatt, Spricht</Unicode>
                </TextEquiv>
            </TextLine>
            <TextLine id="r1l5" custom="readingOrder {index:4;}">
                <Coords points="105,134 149,142 163,131 203,141 257,132 290,145 301,136 355,145 355,117 329,126 303,107 260,105 242,118 232,111 212,118 191,105 174,120 158,107 105,116"/>
                <Baseline points="110,129 136,129 163,129 190,129 216,129 243,129 270,130 296,132 323,135 350,139"/>
                <TextEquiv>
                    <Unicode>er also möge unnd sig im nit</Unicode>
                </TextEquiv>
            </TextLine>
            <TextLine id="r1l6" custom="readingOrder {index:5;}">
                <Coords points="94,170 106,173 123,159 164,169 172,161 214,158 257,171 274,161 287,172 308,156 346,166 346,140 327,137 301,135 291,144 259,133 177,141 165,132 144,144 95,134"/>
                <Baseline points="99,155 125,156 152,157 179,157 206,156 233,156 260,156 287,157 314,158 341,161"/>
                <TextEquiv>
                    <Unicode>zu wüssen, wie sölches sich</Unicode>
                </TextEquiv>
            </TextLine>
            <TextLine id="r1l7" custom="readingOrder {index:6;}">
                <Coords points="98,183 151,195 201,190 225,199 252,192 272,202 296,193 307,202 333,202 341,200 342,165 311,155 287,172 258,172 241,161 225,170 187,158 164,169 148,160 98,172"/>
                <Baseline points="103,182 128,183 154,184 180,184 206,185 232,185 258,185 284,186 310,187 336,188"/>
                <TextEquiv>
                    <Unicode>mit im zu trägen habe uf</Unicode>
                </TextEquiv>
            </TextLine>
            <TextLine id="r1l8" custom="readingOrder {index:7;}">
                <Coords points="101,211 142,209 199,223 232,212 281,214 306,225 324,214 343,219 343,200 152,197 101,186"/>
                <Baseline points="106,207 131,209 157,209 183,209 209,209 234,210 260,210 286,210 312,211 338,213"/>
                <TextEquiv>
                    <Unicode>selbigen tag sam morgent</Unicode>
                </TextEquiv>
            </TextLine>
            <TextLine id="r1l9" custom="readingOrder {index:8;} place {offset:21; length:5;}">
                <Coords points="96,252 125,236 150,251 184,232 204,245 288,235 323,247 350,242 350,220 326,214 313,224 231,213 223,221 187,224 142,210 96,210"/>
                <Baseline points="101,233 128,233 155,234 182,234 209,234 236,233 263,233 290,233 317,234 345,236"/>
                <TextEquiv>
                    <Unicode>frü zwen meinner von morse</Unicode>
                </TextEquiv>
            </TextLine>
            <TextLine id="r1l10" custom="readingOrder {index:9;}">
                <Coords points="90,261 126,277 153,262 261,269 298,258 311,266 343,265 343,249 320,249 289,235 274,247 211,247 188,232 146,244 127,236 90,239"/>
                <Baseline points="95,259 122,258 149,257 176,257 203,258 230,258 257,259 284,260 311,261 338,262"/>
                <TextEquiv>
                    <Unicode>zu ime kament unnd inne</Unicode>
                </TextEquiv>
            </TextLine>
            <TextLine id="r1l11" custom="readingOrder {index:10;}">
                <Coords points="89,288 122,291 132,301 161,288 249,285 295,298 340,291 340,265 311,267 298,258 257,273 229,265 197,274 172,265 133,275 89,260"/>
                <Baseline points="94,285 120,285 147,285 174,285 201,285 227,285 254,285 281,285 308,285 335,285"/>
                <TextEquiv>
                    <Unicode>fragten wo min herrschulden</Unicode>
                </TextEquiv>
            </TextLine>
            <TextLine id="r1l12" custom="readingOrder {index:11;}">
                <Coords points="114,323 152,321 163,329 175,316 192,313 224,325 259,315 275,325 292,317 304,329 344,319 343,287 275,299 265,290 229,286 210,289 198,302 182,288 155,300 113,292"/>
                <Baseline points="119,314 146,314 174,313 201,313 229,312 256,311 284,310 311,309 339,309"/>
                <TextEquiv>
                    <Unicode>eyger jewinder wonhafft wär</Unicode>
                </TextEquiv>
            </TextLine>
            <TextLine id="r1l13" custom="readingOrder {index:12;}">
                <Coords points="99,345 118,338 169,346 195,339 219,351 276,342 312,353 322,343 340,347 340,325 328,320 271,327 259,315 224,325 203,323 192,313 173,328 99,324"/>
                <Baseline points="104,338 129,339 155,339 181,339 206,339 232,339 258,338 283,338 309,337 335,337"/>
                <TextEquiv>
                    <Unicode>er inen antzeigte das er zu</Unicode>
                </TextEquiv>
            </TextLine>
            <TextLine id="r1l14" custom="readingOrder {index:13;} place {offset:0; length:11;}">
                <Coords points="101,365 129,363 148,379 163,366 183,375 225,364 290,381 303,369 343,370 343,350 322,344 310,354 282,341 264,350 207,349 195,338 175,349 160,340 136,350 116,342 101,346"/>
                <Baseline points="106,360 131,361 157,362 183,362 209,363 234,363 260,363 286,363 312,364 338,364"/>
                <TextEquiv>
                    <Unicode>nünchsingen wäre sye aber</Unicode>
                </TextEquiv>
            </TextLine>
            <TextLine id="r1l15" custom="readingOrder {index:14;}">
                <Coords points="96,386 124,394 148,390 159,399 194,389 206,394 219,385 244,398 268,388 341,394 341,373 324,368 307,367 291,378 260,377 251,369 241,374 224,364 182,375 160,369 148,377 137,368 131,374 96,368"/>
                <Baseline points="101,385 127,386 153,387 179,387 205,387 231,387 257,387 283,387 309,387 336,387"/>
                <TextEquiv>
                    <Unicode>Inne batten das er sy alder</Unicode>
                </TextEquiv>
            </TextLine>
            <TextLine id="r1l16" custom="readingOrder {index:15;}">
                <Coords points="81,426 164,412 186,419 209,412 219,422 232,416 258,426 327,415 327,396 308,402 295,389 238,400 219,386 205,395 162,398 81,388"/>
                <Baseline points="86,411 112,410 138,410 164,410 190,410 217,411 243,412 269,412 295,413 322,415"/>
                <TextEquiv>
                    <Unicode>fürenwelte, dan sy was</Unicode>
                </TextEquiv>
            </TextLine>
            <TextLine id="r1l17" custom="readingOrder {index:16;}">
                <Coords points="98,448 120,438 148,447 202,433 219,442 262,438 284,449 298,437 333,442 333,424 315,427 302,415 277,425 243,425 232,416 207,425 180,417 149,421 142,414 98,419"/>
                <Baseline points="103,433 128,434 153,435 178,435 203,435 228,434 253,435 278,435 303,436 328,438"/>
                <TextEquiv>
                    <Unicode>zöttigs vor minem gnäige heren</Unicode>
                </TextEquiv>
            </TextLine>
            <TextLine id="r1l18" custom="readingOrder {index:17;}">
                <Coords points="80,469 121,476 132,465 174,459 213,476 248,480 265,466 299,465 299,444 286,450 253,439 221,446 199,437 187,446 168,439 142,447 129,439 80,452"/>
                <Baseline points="85,459 111,459 137,459 163,459 189,460 215,460 241,460 267,460 294,460"/>
                <TextEquiv>
                    <Unicode>zethun habent sy wel</Unicode>
                </TextEquiv>
            </TextLine>
            <TextLine id="r1l19" custom="readingOrder {index:18;}">
                <Coords points="86,490 123,485 136,497 148,485 201,484 253,497 275,489 293,501 318,488 345,499 345,466 298,475 285,464 242,477 151,459 121,475 86,476"/>
                <Baseline points="91,484 118,484 146,484 174,484 201,484 229,485 257,485 284,485 312,484 340,483"/>
                <TextEquiv>
                    <Unicode>ouch in darum gnugsanlich</Unicode>
                </TextEquiv>
            </TextLine>
            <TextLine id="r1l20" custom="readingOrder {index:19;}">
                <Coords points="94,509 131,517 170,511 179,518 197,510 257,510 267,517 317,513 348,521 348,500 322,490 303,497 268,490 253,498 201,484 187,490 148,485 137,495 123,485 94,490"/>
                <Baseline points="99,506 126,506 153,507 180,507 207,507 234,508 261,508 288,509 315,509 343,510"/>
                <TextEquiv>
                    <Unicode>behallen, der anttwurtt er</Unicode>
                </TextEquiv>
            </TextLine>
            <TextLine id="r1l21" custom="readingOrder {index:20;}">
                <Coords points="92,545 112,533 125,544 181,531 238,537 249,547 280,534 345,538 345,522 315,517 271,518 256,510 216,519 174,513 149,519 140,512 132,519 123,510 92,507"/>
                <Baseline points="97,532 124,531 151,530 178,530 205,531 232,532 259,533 286,533 313,533 340,532"/>
                <TextEquiv>
                    <Unicode>sych vernüngt unnd sprach min</Unicode>
                </TextEquiv>
            </TextLine>
            <TextLine id="r1l22" custom="readingOrder {index:21;}">
                <Coords points="103,556 118,552 128,562 157,556 187,574 232,555 255,575 282,564 293,570 309,559 325,563 325,540 293,534 255,537 248,544 206,532 180,532 168,543 130,539 121,530 103,536"/>
                <Baseline points="108,554 134,555 161,555 187,556 214,556 240,557 267,557 293,557 320,557"/>
                <TextEquiv>
                    <Unicode>herr schuldthiß styge</Unicode>
                </TextEquiv>
            </TextLine>
            <TextLine id="r1l23" custom="readingOrder {index:22;}">
                <Coords points="88,583 137,596 151,588 224,601 255,591 265,602 336,587 336,566 312,559 293,572 282,564 259,576 232,555 193,575 147,558 129,563 118,553 102,569 88,569"/>
                <Baseline points="93,581 119,582 145,583 172,583 198,584 225,584 251,584 278,584 304,583 331,582"/>
                <TextEquiv>
                    <Unicode>mit sinen gd ist min gfatte</Unicode>
                </TextEquiv>
            </TextLine>
            <TextLine id="r1l24" custom="readingOrder {index:23;}">
                <Coords points="90,609 119,618 177,609 198,618 329,609 349,617 349,587 341,586 305,595 288,583 260,596 159,598 90,585"/>
                <Baseline points="95,605 122,607 150,608 178,609 205,609 233,609 261,609 288,609 316,608 344,606"/>
                <TextEquiv>
                    <Unicode>dan er mir ein kind als ich</Unicode>
                </TextEquiv>
            </TextLine>
            <TextLine id="r1l25" custom="readingOrder {index:24;} place {offset:3; length:10;}">
                <Coords points="88,643 140,634 168,643 178,634 202,646 251,633 274,647 314,636 331,643 344,640 345,612 273,622 192,614 179,624 170,615 159,622 137,611 122,621 89,609"/>
                <Baseline points="94,629 121,631 148,632 176,633 203,633 230,633 258,634 285,634 312,634 340,634"/>
                <TextEquiv>
                    <Unicode>zu münchsinge werchet det</Unicode>
                </TextEquiv>
            </TextLine>
            <TextLine id="r1l26" custom="readingOrder {index:25;}">
                <Coords points="87,654 111,667 146,656 162,666 222,655 244,669 262,663 315,675 321,674 322,636 273,646 260,633 236,641 197,636 189,643 177,634 130,643 87,632"/>
                <Baseline points="92,650 117,652 142,654 167,655 192,655 217,656 242,656 267,657 292,658 317,659"/>
                <TextEquiv>
                    <Unicode>ihut, uß der thoff gheyt</Unicode>
                </TextEquiv>
            </TextLine>
            <TextLine id="r1l27" custom="readingOrder {index:26;}">
                <Coords points="102,686 176,686 185,694 207,685 254,694 276,686 339,698 340,658 332,656 310,673 270,667 248,673 208,654 190,662 176,658 163,669 148,656 120,665 103,653"/>
                <Baseline points="107,678 132,679 157,680 182,681 207,682 233,682 258,683 283,683 308,682 334,682"/>
                <TextEquiv>
                    <Unicode>hatt, in dum zwen von möche</Unicode>
                </TextEquiv>
            </TextLine>
            <TextLine id="r1l28" custom="readingOrder {index:27;}">
                <Coords points="99,715 145,716 157,708 182,713 200,702 211,712 246,705 269,711 287,706 305,714 325,709 325,691 310,695 293,686 259,693 201,687 185,694 177,686 144,691 138,684 100,685"/>
                <Baseline points="104,700 131,701 158,703 185,704 212,704 239,705 266,705 293,705 320,704"/>
                <TextEquiv>
                    <Unicode>sprächende wär wellent</Unicode>
                </TextEquiv>
            </TextLine>
            <TextLine id="r1l29" custom="readingOrder {index:28;}">
                <Coords points="101,728 137,729 169,746 180,736 245,741 272,731 288,739 313,729 338,739 339,702 311,717 278,705 263,718 217,717 201,702 185,715 172,709 143,718 120,711 101,716"/>
                <Baseline points="106,725 131,726 156,728 181,729 206,730 232,730 257,730 282,729 307,729 333,727"/>
                <TextEquiv>
                    <Unicode>nit ein anderen ein drunck</Unicode>
                </TextEquiv>
            </TextLine>
            <TextLine id="r1l30" custom="readingOrder {index:29;}">
                <Coords points="98,761 108,766 130,750 140,759 151,750 190,764 254,755 266,765 295,768 338,762 339,739 313,729 286,739 270,731 251,741 228,735 212,743 187,741 167,727 138,736 99,727"/>
                <Baseline points="104,747 129,748 155,750 180,750 206,752 231,752 257,753 282,753 308,752 334,751"/>
                <TextEquiv>
                    <Unicode>hun, demnach uuß uf die</Unicode>
                </TextEquiv>
            </TextLine>
            <TextLine id="r1l31" custom="readingOrder {index:30;}">
                <Coords points="92,787 123,794 205,788 216,781 259,797 295,781 320,787 320,765 278,768 257,755 190,765 170,753 144,762 133,751 112,759 93,748"/>
                <Baseline points="97,774 124,775 151,776 178,777 206,778 233,778 260,779 287,779 315,779"/>
                <TextEquiv>
                    <Unicode>spaß heben, also habe</Unicode>
                </TextEquiv>
            </TextLine>
            <TextLine id="r1l32" custom="readingOrder {index:31;}">
                <Coords points="88,810 168,815 192,808 216,815 250,809 271,824 291,809 320,812 343,802 343,785 294,782 252,795 214,781 203,790 150,792 123,787 103,772 88,778"/>
                <Baseline points="93,800 120,801 147,802 174,803 201,804 229,804 256,805 283,804 310,804 338,802"/>
                <TextEquiv>
                    <Unicode>den tag mit inen bydenn</Unicode>
                </TextEquiv>
            </TextLine>
            <TextLine id="r1l33" custom="readingOrder {index:32;}">
                <Coords points="95,833 160,830 201,840 211,833 223,839 256,833 284,847 341,842 342,811 290,810 275,820 96,807"/>
                <Baseline points="101,825 127,827 153,828 179,829 205,830 232,831 258,832 284,832 310,832 337,832"/>
                <TextEquiv>
                    <Unicode>btribenn, ouch sin inenn</Unicode>
                </TextEquiv>
            </TextLine>
            <TextLine id="r1l34" custom="readingOrder {index:33;}">
                <Coords points="91,861 127,850 151,862 165,853 195,860 237,853 246,861 256,854 289,859 297,867 318,858 331,868 339,866 340,845 271,845 255,832 241,841 211,832 203,840 158,830 134,838 92,833"/>
                <Baseline points="96,846 122,848 148,850 175,852 201,854 228,854 254,855 281,855 307,855 334,855"/>
                <TextEquiv>
                    <Unicode>wyns sat und drunken</Unicode>
                </TextEquiv>
            </TextLine>
            <TextLine id="r1l35" custom="readingOrder {index:34;}">
                <Coords points="85,872 144,884 173,874 193,885 204,876 242,890 301,878 336,882 349,895 357,893 359,859 330,868 257,853 202,863 165,853 150,862 132,850 104,858 86,848"/>
                <Baseline points="90,867 116,868 142,870 168,872 195,873 221,875 247,876 274,877 300,878 326,879 353,878"/>
                <TextEquiv>
                    <Unicode>worden das er uf sin trüw nit</Unicode>
                </TextEquiv>
            </TextLine>
            <TextLine id="r1l36" custom="readingOrder {index:35;}">
                <Coords points="91,912 128,905 154,915 175,903 210,901 218,908 259,907 280,918 306,905 325,906 325,886 300,877 285,890 265,880 239,891 207,877 190,886 165,874 146,886 92,870"/>
                <Baseline points="96,894 124,896 152,898 180,900 208,901 236,901 264,901 292,901 320,901"/>
                <TextEquiv>
                    <Unicode>sprächen könnd wammz oder</Unicode>
                </TextEquiv>
            </TextLine>
            <TextLine id="r1l37" custom="readingOrder {index:36;}">
                <Coords points="84,930 125,923 140,931 162,920 195,933 240,925 266,939 308,929 322,937 344,927 345,901 313,915 303,908 283,916 271,907 262,916 244,906 225,912 196,901 156,912 84,912"/>
                <Baseline points="89,922 114,922 139,922 164,923 189,924 214,925 239,926 264,926 289,926 314,926 339,925"/>
                <TextEquiv>
                    <Unicode>wo her er die bassament</Unicode>
                </TextEquiv>
            </TextLine>
            <TextLine id="r1l38" custom="readingOrder {index:37;}">
                <Coords points="83,945 217,962 268,953 303,970 322,958 353,967 354,933 294,930 273,939 249,936 240,925 196,934 164,921 140,931 125,922 83,929"/>
                <Baseline points="88,940 114,941 140,943 166,944 192,945 218,947 244,948 270,949 296,949 322,950 349,951"/>
                <TextEquiv>
                    <Unicode>od bendel worden sigent</Unicode>
                </TextEquiv>
            </TextLine>
            <TextEquiv>
                <Unicode>eine der obgemelten schwarven
bendlen halb, so er alhie uss
des ysenklämers ladenn
noumen hatt, Spricht
er also möge unnd sig im nit
zu wüssen, wie sölches sich
mit im zu trägen habe uf
selbigen tag sam morgent
frü zwen meinner von morse
zu ime kament unnd inne
fragten wo min herrschulden
eyger jewinder wonhafft wär
er inen antzeigte das er zu
nünchsingen wäre sye aber
Inne batten das er sy alder
fürenwelte, dan sy was
zöttigs vor minem gnäige heren
zethun habent sy wel
ouch in darum gnugsanlich
behallen, der anttwurtt er
sych vernüngt unnd sprach min
herr schuldthiß styge
mit sinen gd ist min gfatte
dan er mir ein kind als ich
zu münchsinge werchet det
ihut, uß der thoff gheyt
hatt, in dum zwen von möche
sprächende wär wellent
nit ein anderen ein drunck
hun, demnach uuß uf die
spaß heben, also habe
den tag mit inen bydenn
btribenn, ouch sin inenn
wyns sat und drunken
worden das er uf sin trüw nit
sprächen könnd wammz oder
wo her er die bassament
od bendel worden sigent</Unicode>
            </TextEquiv>
        </TextRegion>
    </Page>
</PcGts>
