325 1024
42 24 272 66 sölte so wol thun, unnd inn den
36 52 298 93 rucken unnd kreys biss gan Losanns
85 80 279 119 so wölte er sich daselbst
43 84 294 138 mütlich bekleyden unnd ime koll
56 124 80 157 mit
94 126 290 163 sin kleyd, so er Datzmal an¬
41 146 287 191 truge, für sin müy und arbeyt
43 179 283 220 werden lassen etc. Das er im ge¬
37 202 270 249 willferet unnd erstattent da
37 231 263 273 darnäben kheinerley gstallt
85 255 305 306 man, dnoch einicher besoldunc
57 284 110 325 chpfrag
205 293 294 328 nach dem aber
65 312 272 355 tum dahin gan Eesannen
49 335 290 387 khommen sig den knechten nit
36 362 283 410 lange wyl sich daselbst zesenmen
37 396 275 434 vergöntt worden, ye das er der
43 412 290 460 sennknächt sich daselbst mitt
47 442 295 491 bekheyden konden deßhalb er
48 468 291 521 inne wyter ufftaget unnd gan
51 498 278 543 bruff hinin beschyden nach
51 526 305 584 dem aber die knächen den nöchstent
51 556 296 606 näbend über der tlus zu gezog
57 586 313 635 sy er mitt inmen bis gan Nantna
56 613 304 658 inn des buffen stettlin khome
47 645 264 683 unnd fürin nitt wycher
57 669 301 712 wöllen, derhalb inn der Seen¬
48 694 309 747 knäch schlächtlich mitt ii dry¬
51 719 314 773 wergen irulffer grosen abgefriige
42 742 318 792 immassen das er sich des allmuser
43 771 311 819 heimwärtz gebruchen müssen derhalb
55 794 300 840 er am fürgang zu Wifflispurg
58 823 310 866 vor miner gnädige hen hus gebärtlet
56 845 301 893 unnd daselbst vom amptman be¬
51 873 307 917 hendigott unnd alhar gfengkli
62 895 198 935 fürt worden.
