367 1024
67 26 348 74 ach gägn zunead da zogend z
54 49 337 95 inn die so darzu khomen einer
54 80 327 124 hie uss, der ander dort uss und
60 108 333 146 schluge Currad wirnist orff
53 138 311 172 nüt dessterinden allweyn
53 165 330 205 zu und uff in deßhelb
50 190 344 234 er dan sy fffer fasts erzügt
58 223 330 269 und schlüge zu in doch nie
62 245 307 296 sin der i depür habe
60 276 333 321 Deme so hab er im nie tranet
59 308 345 351 noch anderst gseytt denn Bumati
58 328 341 371 habe inne überthun, das er aber
62 355 327 398 der meyng und uff dashin
58 380 327 422 gredt habe, das wo er im
58 405 223 439 wie vorgerelt
59 428 343 474 wortis nachmänt värric
62 450 338 498 hätte lassen sügen und i
64 477 339 525 nit uffbrocht mit der elos
78 505 342 546 derschheo in der sa
59 530 339 571 wyn zekhouffen, so wäe er
68 550 324 593 mie mit im inn dars
68 574 251 617 spyll khome.
61 603 346 662 deme ist inn von herren
74 638 320 691 Grossweybell für gworff
60 670 345 731 er dause habe doch nach dem
69 694 312 767 er dem wruisaf gstechn
72 731 352 799 am ußhin gan vor den thor
76 760 343 819 noch vil bössere tröüw wortt
95 795 330 850 bgstossen nonlich es
85 828 311 867 sye ime miner worden
80 860 293 902 es müssind i
83 889 250 938 zwe werden e
