352 1024
86 6 321 60 maß wins greicht daruff
93 43 311 85 iht er helyas an man hab
73 65 306 112 im domaln uffgenugnen
81 95 314 133 wen bracht, da er leyter den
80 122 315 169 schwur wie oblut ussgossen
105 149 292 193 nd louffen lassen al
137 175 301 212 sagt wann man im
65 201 324 236 kein anderen wen bringen wel
65 222 305 270 er dhand nit wäschen deß sye
65 252 250 290 er nit bkanntlich
96 300 295 347 nu viertten als in die
89 331 306 364 weybel von der nüwenbruh
67 353 302 394 widerumb gfengklich gan¬
73 377 290 421 ifflispurg inns kach hus
87 402 312 442 iirs daselbst znacht zeosen
75 425 288 466 e inne ein fauwner heissen
91 453 310 486 Wilken sin sprechennd
105 474 297 513 got willun schleiff da
57 500 294 538 da hab er schleif im geant
86 521 286 564 ürt ich er herss nit schleihen
70 548 306 584 Jotb sacr ammüt schend, er solt
70 570 294 609 in stüwig lassen hat mit
62 595 310 634 im nüt zeschaffen hierüber
71 616 314 652 er schleik geantwurt der ander
72 640 287 681 inn heussen willum sin
72 664 288 702 hab im nit schleiff sonders
86 684 307 727 riffen gsagt, da sye er unldi
64 706 301 747 worden mög aber nnit wüssen
61 735 279 774 ob er also geschworen habe
56 758 139 795 oder ni
76 805 270 852 zum künfft als in de
61 831 276 871 weebell vom nachtmeln u
65 853 289 901 dem rachhuß widerumb zu
