359 1024
17 5 338 68 unnd uff der Ghallschafft zum
24 40 321 90 nidern verwern zugetag
80 76 338 126 als sy daselbst irm
35 106 332 158 ettlich ein abentrunck that
41 128 349 195 under denen ouch der flaschen macher
44 160 356 210 ugägen wär dem ein anndere land
40 187 347 237 nan ein fläschen abkhoufft den
33 215 345 268 als bald Cunedt winstorff, über
35 241 321 291 redt er söllt im die fläsh
34 265 364 308 mit wyn schrncken das nun, der
39 292 341 341 selb dem Cnnrodt verwilligert
39 319 336 363 uff das batte Onnradt inne
53 345 334 396 ausin, er solte den wyn reych
34 378 342 419 häb im der landtman den
48 407 337 454 den Cuadt Winsorff, die
54 430 326 483 slässen gschenckt hatt ein
54 459 354 514 dicken pfening so ettwas mang
53 493 331 533 als hett er söllte mitt
50 510 327 562 der fläschen gan wyn weych
56 537 338 589 das er orch gethan unnd ward
44 568 314 620 inn an bemeltem präschafft
42 589 347 647 dicken pfennig zwen schulingn
49 628 364 676 minder, dann sy sunnst gälleen
44 649 356 691 ußher unnd als er dem Brae
43 677 363 720 das gällt so im nach billig¬
42 701 363 744 kheytt ussher was worden übe¬
47 730 350 770 anntwurtett do für Cuna
44 757 337 795 winistorffer zu wiewol es
53 788 336 819 nüt wäre angangen mit
46 810 350 851 desermunder so beschabek er inne
49 836 332 879 iausin unnd verwisse im er
59 851 355 901 wäre ein nüttsöllender man, darumb
50 880 334 920 er ouch zu zorn bewegt werd
207 901 332 931 annderen die
143 908 186 939 s de
92 908 137 943 hies
54 928 284 971 unwarheytt gredt habe
