690 1024
209 -33 272 34 zur fiß
274 1 326 43 zufachen
117 -36 337 80 Mate en ele
92 2 308 88 geu e en este
109 41 328 135 denr ser echeaghen
99 75 326 160 vn der sunhcten
107 100 317 184 sin firer echene
108 140 355 218 Set ucst e o en
108 165 342 242 dab ere en hersen
101 197 342 278 der sene vegelchen
107 228 355 305 uf dem oben ehechli sig
114 260 351 323 ell gethan haben unnd vor ver¬
113 291 352 354 syner wienachen schon beschechen
109 317 350 374 sin, dann der Ladaner doeram
109 348 344 408 hochgricht by im gsin schon die
103 370 346 430 finger mitt mer gheptt darzu
102 404 352 461 habe er sich nie desselbigen aschers
107 429 319 476 angnou noch beladen.
99 453 353 508 Denne zeygt er von Jacob bier
101 486 343 539 thart an das er den strick den
110 519 346 562 sy am hochgricht gnomen inn
100 544 348 581 ein netze gebunden unnd darin
97 565 356 613 gfifset, darzu hab er khein sende
100 592 353 634 rundere khundsame zu im dem
104 617 338 663 äben umb dasselbig stuck
98 653 347 698 Wythers ist im angezeygt unnd
73 684 341 724 türgehalten worden wie das
113 711 338 749 min gnädige herren bericht das er
108 735 345 773 sunst ein bösen lümbden uff
90 760 347 798 im habe unnd sonderlich mitt
100 784 337 822 einem sammentigen üeller
83 810 336 850 einem schwert unnd fünff
90 835 339 873 kronen da er eitfrömbdet
90 861 334 904 söll haben unnd noch vil
88 883 253 928 annders i et.
386 12 652 66 daruff gibt er disen bscheydt
384 42 673 88 es sig nitt minder dann das er
394 66 660 113 ettte gryffen zu Läsingen ein
392 96 672 138 shwrärt gnommen, wölches im
387 123 654 162 aber angendts wider wolden
384 157 682 192 aber das er yenen ein Samentin
391 178 673 221 söller entfrömbdet habe, ds werd
398 202 545 245 sich nit erfinden
394 229 672 275 Denne der fünff kronen halb
398 261 683 306 hab es sich also zuwagen. Namlich
390 287 655 326 ein vartter hab in ein mal
394 309 649 354 gan undersuuen umb saltz
397 335 646 381 gschickt da sig underwägen
387 364 666 408 Lunhartt vom bach so jerund
395 387 662 433 zu Gasli diene zu im khon
383 412 673 450 unnd zu läsingen mit ein anderen
398 436 655 479 truncken, Do habe lienhartt
376 464 663 509 vom bach dem würt daselbst
392 484 669 529 sin seckell uß dem wamsell
393 511 633 548 gnon unnd nach dem selbigen
394 532 672 584 gsprochen zu ime bösessen gsprochen
397 557 663 602 er wölte nöuwen hin, do sagte
395 585 661 624 er bösess zu im das hast mir
401 609 658 643 da verheyssen, wöllist mit mir
394 626 645 669 gan underseuwen gan uff das
395 652 667 694 gäbe er Lienhort inne ein den
390 673 660 714 seckell zupfandt mit anzeyg
397 700 659 740 er wölle glich wider by imm sin
402 721 676 764 do er boseß doch mit gwüsstn ghept
401 745 655 781 weß der seckell gsin dann
399 765 655 794 er vermeintt wäre lienhars
397 786 651 821 vom bach) inn dem habe der
406 806 675 844 würt nach sinem seckell gfragt
396 829 664 866 unnd gstucht daruff er bisuss
396 851 664 886 den selbigen seckel so im lien¬
404 871 665 910 hart vom bach gäben usra sinem
398 893 657 928 Busenzogen, den der würt ge¬
404 916 657 959 nommen, anzeigende er wäre sin
607 948 649 978 unn
