354 1024
17 6 317 60 des guldins halb ettwas zit
66 37 305 86 n söllte, unlang darnach
26 56 315 118 hatt es sich begäben am morgel
24 98 327 148 fru, des tags an dem sy let¬
31 121 320 173 stlich alhie uff der brugk zu
34 157 321 211 nheyden worden sinde das
25 193 336 235 Cnnred winistorff imme Jan
38 220 334 266 ein gan hub thuß khomen
31 251 298 296 das gällt ghönstan unnd
37 279 308 316 abgfordert sigte er imme
38 304 310 346 er vermöchte das gällt nor
39 332 311 363 mit über aber nit wer
47 361 325 398 eytten töchte, wölte er in
32 383 308 439 gute pfander darschlechn
49 415 342 459 uff das gringe Curad win
49 449 314 494 storff sin strass harwerts
54 482 331 525 segen der sstatt und er
61 504 335 556 au sy darnach furte ein
47 539 326 586 furerlin heltz alhar inn die
35 565 312 617 statt zmarit dasselbigen
42 603 320 642 tags als aber wardt
48 629 293 678 wäre er Jan sy willens
48 656 346 712 mengklichen unbekhumbnet
55 690 333 742 sein zefaren, unnd hätte schon
47 716 323 770 diee ross über die brugkn
44 750 330 800 vor imme usher nryben do
51 780 326 834 küffte im sin töchterli
68 820 341 858 o alhie in der statt die
60 845 345 904 nen by dem als er sich ge¬
58 876 324 929 sampt bezochn und traff
55 915 336 966 inne an Cunred Wimstorff
