437 1024
96 13 378 60 schlachen darzu sigind angends
97 41 377 96 zwöy wyber namlich Bundichtli
97 69 360 114 Stäffan Buggers frouw unnd
89 103 387 154 küngeli wylnndt Caspar Schmulgig
90 132 382 177 seligen gelaßne wittwen, khom¬
97 154 384 212 men unnd angfangen schyden
91 188 382 240 da sy sich aber ye von der nune
93 217 373 268 von ires lybs schwarheytt wägen
99 249 367 296 nit schwingen noch entrunnen
87 279 361 322 mögen, hab die muter sy inn
88 306 352 347 den bach unnder den kanell
93 329 378 377 gworffen unnd uff sy geküüwet
101 364 365 409 agende ich will dich erwencken
84 389 357 441 unnd als sy nachwertz durch die
89 420 361 463 obgenammen zwöy wyber gen
99 448 357 496 heyden worden sig sy am
94 473 372 522 daruon gfloch unnd die mutte
94 495 350 546 kheins wägs (als warr ire
91 530 375 580 gott gnädig sye) weder gschlagen
94 556 376 621 noch krauwt doch möge sy williche
93 589 346 643 ettliche ungerimpte wortt
87 615 342 669 das ira von hertzum leydt
90 647 365 699 domaln inn einem zorn wider
91 674 357 732 die müter ußgstossen haben
84 705 352 762 inn was gstellt aber mög
98 732 357 784 sy mit meer wüssen, dann
91 764 358 818 es sydthar meer dam iar
79 789 311 847 und tag verschinen.
91 819 357 888 Demnnach hatt sy sich erkhen
93 856 371 915 das sy ein mal zu ir nutes
83 881 344 943 als die selb zu ira gsprochn
81 909 358 970 unnd anzäpfft, sy hab ein
