374 1024
93 7 345 58 hab unbillicher wyss ußklagt
73 45 355 95 hierumb ist sin bscheyd schiffe¬
79 71 341 121 li hab im ein par hössen vrheyst
86 97 344 134 wann er im den brieff darumb
85 124 341 160 schifferlin zethun was nur ver¬
84 153 349 186 zeygte hinder wem erläge, das
89 169 337 208 er gethan, wiewol er im noch
80 194 340 236 hürtigs tags wol zu dem brieff
104 220 346 267 elffen wölle unnd wo er schiffe
96 244 342 291 in in costen bracht, woll es
90 266 264 313 gutigklich ersetzen.
84 297 334 349 zum vierten ist im fürge-
84 334 333 379 worffen, wie er so muttwillig
80 360 331 406 ettliche mal by nacht und
83 383 316 425 näbell den lütin inn die
122 408 306 441 er zestigen unnd noc
85 430 341 476 hüttigs tags diebold schleffers
85 455 332 492 seligen tochter vor im nit
225 485 327 524 söllicher
96 499 342 546 schen ist er mit heytter an¬
84 530 353 581 red noch zu fergklich ab, sprächende
76 555 327 596 wo sölliches törlich von im be¬
121 581 344 627 müsse es mit meer von
82 602 270 647 im erhört werden.
86 635 329 686 zum letsten ist er ouch anzogen
76 668 335 713 worden, wie das er uff ein
81 684 357 739 zytt zu Lutstorffnia khommen
55 701 346 762 und diewyllen der knab das liecht
104 741 339 781 an zu iug im dem
88 760 333 810 knaben gsprochen es gilt
85 793 331 834 glich zünt inne, es ist äber
83 811 322 863 als mär, er thüye das als
73 840 336 885 ein annderer. dass ist er
73 865 297 910 gentzlich mit anred.
