345 1024
83 29 316 83 uff mitwuchen dem 1xi
49 57 307 105 tag höuwmonats diß x8 unnd
53 86 315 129 lxvi iars in gägenwürtig
54 111 317 154 heytt der frommen ersammen
46 141 315 176 wysen herr Sebastian darmen
41 166 318 209 der Rhats bath Galden der Bur¬
51 188 309 232 geren, Gallus Waldig großweyb
51 215 315 262 els unnd der weyblen miner
54 252 234 293 g herren gmeinlich
60 295 311 349 hatt diser gägenwürtiger erban
55 338 314 380 schnyder von Bischoffzell pür¬
50 366 309 410 tig ettwan zu krouchtal won¬
59 394 299 438 safft, bkhent unnd verjächen
54 428 305 478 Als dann vor fünff iaren
47 460 302 498 min gnädige herren ime inan sech
53 482 301 522 siner liederlichen hußhaltung
53 510 316 546 wandels unnd wäsens die würts¬
45 532 290 574 hüser zemyden verpotten ghes
55 557 294 598 hatt er dheins wägs sölchen
63 582 304 627 hatt gethan sonders als ein un¬
59 608 317 651 gehorsammer, sich der würts hüse¬
56 638 309 674 ren gebruchtt darumb hoch¬
59 665 299 698 genant min gnädigen herren verur¬
62 685 300 726 achett inne mitt dem eyd¬
51 706 304 747 von ir gnige statt unnd land
49 734 315 772 heuerwysen, über sölchen von
48 757 295 800 im gethanen eyd hatt er
40 779 300 823 bald darnach sich widerumb
46 808 287 853 in ir gnädige land unnd geeier
55 830 308 876 verfügtt. Deßhalb hochgenant
57 855 307 901 min gnädige herren inne von des
312 8 332 26 2
