342 1024
73 6 327 69 inn ein gulödi gfaren darus
83 46 314 99 y dan nit wol kommen mögen
94 76 301 119 un dem er nun siner ge¬
94 95 308 142 zwyha roß widerumb inn
75 118 325 172 den rechten wäg wisen wöllen
70 147 296 193 syie diewil gesagte lene
79 171 307 216 tarck vor inen hinwäg als
69 202 297 249 er nun siner geschwyen Ros
68 228 324 269 also getryben unnd nützit anders
75 251 308 296 zin heuden gheost dann allein
78 275 308 315 sinn kapier mmit dem er
80 307 295 347 erlich ser eich uf dz loß ge¬
82 332 305 375 se im indem der span sür
65 356 298 394 kappiers gebrochen und zum
70 381 318 424 theil abgfällen, dergstalt er
84 411 317 447 it blosenn spitz des rapprers
71 437 105 467 sin
154 434 306 481 ha getroffen unnd
171 462 323 498 zu allem unfaal
62 486 288 528 verwundt, dann er son
69 515 299 551 nit willens sya einicherley
87 536 306 581 alt zeuertegen uf sömlichs
58 563 316 602 er syn ben nechsten wider¬
70 590 310 632 umb uß dem thall gan gstens
81 618 321 661 furt syllendts nach dem scharer
73 643 307 688 an unndsrewen gschickt der
55 669 312 712 Als bald sy verbunden als
54 692 315 730 inn aber bekunck die wunden
48 721 291 767 ira am läben mißlich vn
65 750 293 792 sorgeklich zu ein sye er uß
58 773 312 816 gutter frunden bat land
57 802 295 843 trünig worden und den
69 827 310 875 rechsten sich inn sin sicher he
45 852 312 905 verfügt daselbst bisthar in
