357 1024
76 -1 334 62 Denne im fürghallten, weer
69 44 103 76 dag
127 43 337 93 Büchsen buluer, so er derhein
65 70 327 118 in der stuben antzündt unnd
66 100 344 154 die fäl so er verkhouffen wäben
63 137 206 176 gnommen hab.
81 168 329 218 daruff spricht er das sin brucder
70 199 316 246 das Bachsen buluer uff der
58 227 331 274 Schütz matten ab den bencken
33 257 321 306 ine gwüschstn wolcher er nitt in der
78 284 325 334 uben sonders in der kächi ange¬
75 322 322 366 ündt unnd alls im söllichs
61 355 322 392 die lütt gwertt, hab ers selbs
57 379 295 426 inn die iaren gschüttett
78 421 318 464 unnd der fälen halb hab er
64 453 319 497 sächst sampt einem marder
66 479 335 522 fäl in der ferbi den wallisse
69 504 319 549 gnommen, dieselbigen willens
79 533 319 576 sin zeuerkhouffen, unnd sich mit
61 562 319 602 dem daruß glößten gällt zebe¬
114 585 319 624 soliche ee nach dem
113 613 310 658 in der fecki verborchen.
127 641 313 683 der funden unnd also
110 669 228 698 wider worden
59 693 296 731 Ittem befragt warumb er den
57 722 300 762 Wallisseren iren wyn den sy
54 743 297 788 näben sich gstellt ußtuncken
50 772 314 818 immassen, da sy trincken wöllen.
56 797 301 841 schier nützit meer da gsin
65 829 300 873 Bibtt antwurt sin bruder hab
66 858 303 890 den wyn truncken unnd er
71 876 137 909 mitt.
