374 1024
90 5 335 50 zureden) bim huren gsin vnd
98 34 330 75 mitt hin stunde der vatter vom
85 58 348 99 betth uff gegen imm unnd as
92 88 338 130 eins wott das annder gab, do
93 113 337 154 entgieng im villicht ettwas
92 141 340 177 ungrimpts wort gegenn dem
93 164 337 206 vatter, dardurch der vatter
96 189 324 233 erzürnt ime ein drnig
94 213 350 259 gab, sprächende er söllt im äber
89 244 334 290 mitt dem sinen ußhin gan
92 269 347 314 unnd als der vatter gegen im
95 299 335 343 dermassen uffstund unnd sich
97 326 318 368 itt wöllt von im lassen
93 348 329 387 han, do träff er den vatter
88 380 334 422 miit einem fust streych umb¬
92 403 348 450 hin, nitt mög er wüssen wo¬
91 424 332 476 hin er inn bereycht habe
94 461 326 507 darnach näme er das brttt
95 487 331 531 truge es hinden uss, aber bald
96 516 339 558 wider khart inn der thatt
94 537 353 587 geruwen kharts wider inns
96 563 353 612 huss, gienge zum vatter hatt
98 590 359 648 inn unnd dunter sy wöltinds
99 621 337 667 im verzichen unnd vergäben
92 647 345 691 desse sy leyde im ingangen
96 670 334 724 unnd versprochen habendt
99 708 353 768 der annderen vor angezognen
103 746 337 791 händlen halb laßt ers
104 773 330 820 gentzlich by vorgegäbner
98 797 340 855 verantwurtungen blyben
100 836 339 881 mitt anzeyg es sig ein spruch
91 856 347 908 briff zwüschen diebolde
94 882 344 938 schliffers seligen tochter unnd
