303 1024
39 8 246 48 selbs personlich inn ir vätterli
30 35 253 79 milte barnhertzikhytt begäben
30 59 257 90 dann inn bedunck in nun
35 83 258 125 ine rächt wol zu sin inn sinen
34 107 256 153 vatter lannd gange spächt
33 133 150 162 ei gott wölle.
163 139 271 179 unnd wie
31 158 255 205 wol er eitwas möchte uffbringen
26 180 276 230 das im zu Lycherung dis handels
32 208 251 250 dienstlich wär, so wöll er doch
34 233 270 283 von allein lassen, unnd minen
32 262 274 315 g herren den fussfall thun unnd
27 293 271 338 der gnädigen begären stannde also inn
41 315 247 369 afft unnd bannden uffs ho
34 343 263 388 so imme yeier müglich mit
37 368 265 417 s herren pittende ime zu¬
27 391 259 434 verzichen, so wytt unnd vil
48 420 265 465 gnad erlyden unnd dulden
36 445 260 492 nag, er sig bereyt willig
36 470 62 497 den
97 477 253 530 grosen danuck uff
38 490 266 554 uf zunemmen was ir gnädigen
36 524 248 576 ltig kheytt für sraff uf
35 556 254 610 ine ufflegt. Denne s
22 576 274 632 mög er ouch wol erkhennen, das
31 605 263 657 nun gnädigen herren mitt on ursach
33 627 273 683 über inn erzüent unnd nit
29 663 268 718 enbillich ein wüssen zehan
26 684 144 728 von dame zei
149 700 279 739 ordern was
22 712 284 774 doch siner reden nach vorhand
41 733 264 800 g das man nit bab wee
26 772 259 828 ussrütten, aber als hoch ers
29 803 281 869 by siner seel unnd säligkheyt
22 825 274 887 zühen khönne so sige ime
21 868 238 922 nit bewüßt, das er sy
