328 1024
49 6 310 54 um andern ist er angezogen
24 31 321 72 umb das er sinen Junckheren uff
36 58 320 93 ger straaß angefallen sne über
29 79 313 115 sin ist roß abgshossen und fyen
38 102 322 135 h über im hin und zhuffen
44 122 323 154 es wol zuvermutten wo mitt
30 142 332 181 ein biderman darzu khon wäre
21 165 331 200 er wurde sine naturlichen herr
22 185 268 221 also schandtlich libloß gret
38 207 74 234 aben
53 228 300 270 t sin bscheydt, er habe da
39 252 301 293 inckheren ine der gstaltt liblen
103 279 311 314 nin begärtt aber es
56 285 325 334 wcl war nach dem sin juncken
41 321 293 353 offtermals zetrüwt hatt
16 340 310 374 er welltte ine Obulin ein mal
13 362 299 398 überrytten, habe er sich des
9 384 299 419 iunkhamen entsässen und by
31 404 323 442 glyßwyl uff fryem vold als er
23 427 318 460 in Junkhenen do har ryttende be¬
31 449 311 484 trgete sig er ime in zum gfalt
59 470 331 507 ab dem rost glüpfft, darzu
47 492 273 521 angends einer kommen
33 501 172 542 wye
212 520 247 542 wige
19 527 267 569 und hierumb habindt min
14 551 262 588 ine zu Lentzburg 1i 1
32 573 226 604 nacht in gefergnng
243 577 332 607 ehallenn
22 590 332 634 ouch gstrafft und am seyl vost
14 612 306 652 übel gmartterett worden, do
19 633 318 676 er noch entpfinde und noch nitt
23 651 163 685 zweg vonmnen
17 678 322 724 doruff sind min herren ime
15 702 309 743 mitt der antwurt bgepnet
11 718 308 763 Diewil er sich ab der vorgender
10 745 325 787 straaffen mit dermassen gelessen
18 763 308 806 dan das er sidthar besere stuck
11 783 287 824 begangen dorumb er ye lehr
13 804 276 849 so zühe man in bllich de
20 823 277 861 alter zu dem nüwen an
