303 1024
51 4 274 58 iständer unnd gefrundte inne de
41 38 273 84 ouch ermant habendt, dess so er
70 59 283 107 schuldig wüsse gichtig unnd anrrd
44 85 278 135 usin Bitt min gnädigen herren sovil
43 112 269 156 er gnädige erdulden mäg, ime gneden
42 136 274 179 usin, welle in allem underchäm¬
34 164 278 212 sin, was man nur in heyssen könn
27 181 267 234 er acht aber min gnädigen herren mut
33 213 259 257 ime mit zu enrecht zureden
32 231 289 282 unnd wüsse mit anderst die war¬
41 260 266 311 zeytt zusagen, dann das er syn
37 278 181 322 mit gschlagen habe
79 307 260 354 egen aber sig wärr das
41 333 263 384 Claus Brächbul der clegeri
42 362 264 408 man, an einem zinstag inne
51 386 274 434 petteren unversächenlich unnd
40 411 286 458 ow ursach ane vorgende wortt
42 436 276 479 unnd einichn anlass mitt
46 462 243 510 einem algsterken gschlage
39 486 116 526 unnd he
137 492 271 535 sellig gemacht
51 512 277 562 das er zur selbigen zytt nie¬
49 544 287 597 par von nüt wüßt unnd erst
41 568 284 616 über acht tag darnach als er
53 596 268 637 sich zu Langnouw anwürtt
51 627 280 680 von des empfangnen spreichs
51 654 290 702 wägen gelegt hatte vernomn
48 684 261 730 men wie das am nechst
51 704 294 763 donstag daruor Claus Bräch¬
37 728 233 784 buls frouw übel gschlei
46 756 277 815 wäre, sig ouch khundt bar
39 784 281 840 das sy die clegers nach der
48 826 275 873 eiesetten uff ein kriess
42 848 272 897 boum gestigen unnd noch
37 875 284 935 sechs wuchen das khindt
