381 1024
136 5 372 54 lan daselbst zum nidergerwenn
201 38 354 76 w vestrafft unnd
112 53 138 81 ab
115 61 353 109 munstorff   lb an sin ros
102 85 357 140 hie er haussi im ußrichten solle
129 123 362 169 nochen, hab es sich harnach
88 145 341 196 begeben das er ein fuder hobtz
115 171 349 218 verkouff innhar inn dstatt
120 194 356 245 s unnd als er mit voß und
88 221 352 267 wägen widerumb heim gwöllen
94 253 358 293 sye winistorff von dem er gantz
93 271 343 314 unnd gar nit gwüst uff
81 296 349 340 der brugg an in gstossen ime
129 320 349 364 uldi gehöüschen, zu dem er
113 340 352 388 nochen er hab dz gelt nit und
88 363 348 408 so ler nit erwunden welt er
89 396 345 434 im die kettin so uff dem wägen
100 418 334 456 megen unnd wo an der kattin
79 439 329 477 ni gnug, welt er im korm
102 459 356 502 und haber zfand geben, des ver¬
87 484 336 520 melter Winistorff sich nit er¬
117 505 353 546 igen lassen wellan sonders
87 530 340 568 über ein den guldi, den er doch
78 551 337 593 nit ghest haben wellen der
86 575 343 620 gstalt sy an ein anderen komen
82 596 348 642 da hab wiinstorff inne anfangt
81 623 306 659 unnd des ersten mit sinen
195 643 334 685 uff das houpt den
115 657 149 677 gen
87 669 349 710 kopff unnd im zwey Löcher derm
118 690 337 730 tagen, da er sich volgendts
79 713 332 755 umb sechen zeweer gstelt unnd
101 738 328 772 nie Winistorff leyder die
76 754 349 799 vier stich eint sinem bymäsen
88 778 330 813 werden lassen, dann er inn
91 801 330 836 zuuor umb gots willen gebat
87 822 321 854 das er inn rüwig lasse
93 848 317 877 sye derhalb sin begeren dz
89 871 112 890 ma
136 867 308 900 etter krouchi uß dem
185 888 327 923 der amilanss
