325 1024
51 13 308 63 Uff seiliche sin des gedachten
67 50 223 90 rben schundhts hoche
248 51 302 91 dschwä
55 73 301 113 it misselhat habend min gnädige
104 100 304 137 schultheys shätt unnd
54 106 301 164 Burger diser loblichen statt
58 152 309 193 Bern uff iren eyd zu recht
46 176 309 220 erkhent unnd gsprochen das
55 204 315 245 man den selben serban schnider
53 228 298 272 dem mächrichter beutlhen
59 251 309 292 der in oben ues uff gewon¬
53 274 308 322 liche richtstatt füren unnd
49 299 298 347 ime daselbst sin houpt aber
44 330 283 375 schlachen unnd also mitt
60 354 275 400 dem schwärtt vom läben
57 386 306 430 zum tod nach keysserlichem
46 417 243 458 rechten richtten soll
153 440 249 469 1557.
65 450 296 496 uff sambstag dem 25. jun
57 480 305 520 Ist er mitt tüten us gschwungen
46 505 308 541 unnd ein orzeihne worden mit
51 527 310 567 denen gedingen, wann er fürtsin
50 552 316 588 in miner gnädigen herren land und deren
49 573 328 615 funden werde, das man an alls gnod
61 600 311 632 sinem lyb unnd läben als einem
42 621 306 662 vorverschulten übeltätter, richten sölih
40 646 317 684 unnd blybt nüt desterunder by sinen
45 667 315 708 hieuor gethanen eyden unnd ist
55 692 311 729 sin also sin verwürkt läben uß gnam
44 715 276 759 unnd barmhertzigkheytt geschenn
