3024 4032
292 2434 458 2514 drim
568 686 1405 940 ase gen mniterten eitee
592 801 1416 989 und habe er fra angentz in einem
575 837 1404 1036 Lumppen etwas gelts zugesteht, Wisih
581 903 1354 1068 darüber kommenne, sye sölliches nit gebe
591 962 1380 1119 ders lomd gsein tra ouch in einem
579 1021 1378 1163 pyr etliche salben und schwartzes buh
529 1075 1401 1230 hinderlasenn und ubergeben, mit
576 1136 1396 1288 geheiß vnd beuelch, das sy mit Anges¬
565 1185 1412 1337 derselben lüth und gutt bestrychen und
584 1255 1405 1411 verderben, mit dem Bülffer aberli
559 1315 1411 1453 anstecken und verbrönen söhle, Han
584 1374 1413 1503 sy dame zuzonggenriedt, we solben a
577 1433 1397 1553 einem mit bleuerentz zemelen
572 1488 1407 1623 jungen ferlin prodiert daselbin s
578 1540 1406 1659 aber nit abgangen, sonders das man
428 1597 548 1673 degen
575 1605 1414 1746 sy widerumb hat beser werden wyen,
493 1752 1406 1871 Dannothum sye ira vermelterte
562 1825 1406 1923 abschüchlicher meister uff dem fellzu
570 1881 1399 1979 Uzistorff Obermalen begegnet und hr
556 1944 1404 2043 angemüctet, vihlöfes ubels zeuerben
551 2001 1408 2101 damit zra auch ein wyses stekl vok
520 2062 1411 2158 gebenn und benolchen. Wag sy sollige
510 2117 1403 2214 In waßer schlachenn werde groß ungt
504 2178 1404 2273 witter und schedlichen hagetdaher kommen
542 2232 1393 2340 dasellig steckli sy aber nit lang be
544 2297 1405 2401 behalten und sich söhlicher bösen sachen
550 2353 1378 2455 mehzit annemnen, wiewols
553 2401 1392 2515 in andere höüsch frauw  n
553 2449 1388 2548 und ein nider lenderin syn sohl, söhlich
541 2522 1386 2621 ouch lernen wehlenn uff dem veldzw
498 2554 1396 2695 egistorff und urthenen, sye ira belik
501 2631 1334 2754 zumeister widerumb begegnet,
531 2672 1387 2806 mechtig bescholtenn, dassy ynemben
527 2722 1388 2862 nit nachgange, daruff sy sich besignt
544 2814 1110 2928 und er verschwunden.
485 2899 1385 3072 mnach habe sy ußstegem anhalten
516 2986 1364 3131 des bösen geists zu Zonggenwiedt in
498 3039 1378 3190 cob Pfisters offenhuß ethliche glügen
503 3078 1365 3237 stolenn uff einer schindlen under de
518 3113 1387 3317 tach gethaun, demnach hinuß
1305 3237 1379 3308 n
495 3175 1380 3347 fihd zu dem hußgsindt gehoffen um
527 3280 1335 3413 vermeldet, wie das einer fhin
505 3401 1384 3595 uff sölliche ihn der gesagten Margreth za
511 3436 1355 3628 verbothne mithandlung habendt hot
479 3488 1356 3696 diser Cöplichts statt aderg uff iren lüt h
481 3519 1379 3751 henelihen dr y oben us uff gwonlicht
490 3597 1367 3837 Eischen verbronnen und also mit da
797 3667 1347 3841 d
1528 777 2461 916 Der aber hingeloffen sye, dawan aber nützet
1551 858 2461 963 gsin, sonders sy daselbig, der ursach zrart-
1537 918 2334 1019 was verehret werde gethan habe etc.
1514 1015 2446 1160 Derners habe sy sich gan limpach begeben
1542 1098 2428 1221 und als sy ein zyttlang daselbst in Hanns
1529 1168 2457 1302 Tüschers huß gereitet, habe sy ein frömbder
1535 1233 2435 1332 Haörber mit wortten ethlicher masen beleien
1532 1291 2449 1391 diget und erzügnt, zumaßen sy aberman
1528 1347 2432 1456 len uß anstyfftung deßbösenfandts
1531 1410 2452 1510 darzuor uns gott gnedigklich bewaren
1505 1460 2461 1550 welle) zugfaren und habe ohne einihe un
1542 1518 2427 1632 dere ursach, noch anlaß dem selbigen
1515 1579 2447 1680 Hans Lüscher syn huß und heimwäsen
1527 1632 2467 1743 hinden har mit fhür angestekt, dardurch
1531 1686 2479 1805 dan sölche not und brunst leider) endtstenden
1522 1747 2457 1851 das mit dem sehbigen, noch hundie nun
1501 1801 2473 1918 Fürsteine darin dann aller tummervoub
1530 1859 2464 1985 yngelegt und röchlich versechen gsin, dem
1512 1929 2458 2020 merlich verbrunnenn und mit vilen
1485 1978 2458 2111 Fruchtbagen böümenverzert worden
1532 2037 2449 2159 und als das dorffvolck ab dem veld, dem
1520 2101 2458 2228 großenschaden und der brunst zugeylt
1487 2154 2483 2285 Da habe sy Lehmann inen faltschlich an¬
1450 2216 2461 2321 zzeigt und fürgeben, das sölches fhnr
1511 2277 2441 2380 gemelter Korber und syn mitgespann
1515 2331 2484 2448 angelegt und angesteckt habmit dem
1551 2418 2493 2511 selben sy die dorfflüt nachgeylt und ver
1551 2468 2460 2580 schaffet, das sy uff söllich zr faltsch für.
1548 2529 2466 2640 geben zu Buchegg unschuldiger wyß
1548 2597 2502 2696 strenge cortar und marter Frethwegen
1460 2657 2305 2765 urstan und erlyden müsenn etc.
1469 2740 2503 2880 ndtlichen habe sy shnn irem Heinrat
1532 2835 2478 2932 zu vilbringenn. neuor einem Jar
1484 2889 2506 2962 Ein früling Hanns Bigler gefhar.
1534 2952 2480 3059 lecher und fräffnen wyß syn Rehler
1522 3018 2528 3109 huß mit fhür angehundt, derselbig dan
1522 3074 2485 3177 mit samt einem spychen, so zu nechst
1529 3132 2471 3252 darby gestanden, uff den grundt
1488 3190 1996 3328 verbennen syetc.
1399 3344 2527 3505 an hoche schwüre in gotts watt vilmeltiger wyß.
1403 3412 2511 3558 gi 9 h und überen schuldtheiß gät und beiges
1409 3462 1761 3561 kent und gesprochen
1762 3483 2519 3597 Das man sy dem rechrichten
1402 3522 2513 3679 hüren lebendig hneine fhar werffeh zu bulffer und
1394 3576 2526 3748 n läbeshimntodt nach kewerlichem rachten richter
1388 3604 2067 3730 thell um jra erstadtet worden
2353 3691 2439 3769 sölli
2485 1070 2535 1123 87
2483 1113 2527 1159 ar
