<?xml version="1.0" encoding="UTF-8" standalone="yes"?>
<PcGts xmlns="http://schema.primaresearch.org/PAGE/gts/pagecontent/2013-07-15" xmlns:xsi="http://www.w3.org/2001/XMLSchema-instance" xsi:schemaLocation="http://schema.primaresearch.org/PAGE/gts/pagecontent/2013-07-15 http://schema.primaresearch.org/PAGE/gts/pagecontent/2013-07-15/pagecontent.xsd">
    <Metadata>
        <Creator>prov=University of Rostock/Institute of Mathematics/CITlab|PLANET AI GmbH/Gundram Leifert/gundram.leifert@planet-ai.de:name=German_Kurrent_XVI-XVIII_M1(htr_id=19584)::::v=2.6.7
prov=University of Rostock/Institute of Mathematics/CITlab|PLANET AI GmbH/Tobias Gruening/tobias.gruening@planet-ai.de:name=de.uros.citlab.module.baseline2polygon.B2PSeamMultiOriented:v=2.6.7
prov=University of Rostock/Institute of Mathematics/CITlab|PLANET AI GmbH/Tobias Gruening/tobias.gruening@planet-ai.de:name=/net_tf/LA73_249_0mod360.pb:de.uros.citlab.segmentation.CITlab_LA_ML:v=2.6.7
Transkribus</Creator>
        <Created>2021-02-10T21:56:34.860+01:00</Created>
        <LastChange>2022-09-12T14:13:58.209+02:00</LastChange>
        <TranskribusMetadata docId="1334807" pageId="52358541" pageNr="37" tsid="114640242" status="IN_PROGRESS" userId="9570" imgUrl="https://files.transkribus.eu/Get?id=ZWUJEQHPUHIVPLGRZZSMRUKU&amp;fileType=view" xmlUrl="https://files.transkribus.eu/Get?id=JMZFZSDBZHDUWTSRUKAWWECS" imageId="18546631"/>
    </Metadata>
    <Page imageFilename="IMG_9539.jpeg" imageWidth="3024" imageHeight="4032">
        <ReadingOrder>
            <OrderedGroup id="ro_1687513843764" caption="Regions reading order">
                <RegionRefIndexed index="0" regionRef="r1"/>
                <RegionRefIndexed index="1" regionRef="r2"/>
            </OrderedGroup>
        </ReadingOrder>
        <TextRegion orientation="0.0" id="r1" custom="readingOrder {index:0;}">
            <Coords points="245,802 245,3094 1160,3094 1160,802"/>
            <TextLine id="r1l1" custom="readingOrder {index:0;}">
                <Coords points="362,860 417,834 890,890 1157,963 1175,885 1033,816 847,815 743,845 560,747 377,749"/>
                <Baseline points="372,827 411,832 450,838 490,842 529,846 569,850 608,854 647,858 687,861 726,865 766,870 805,874 844,879 884,884 923,891 963,898 1002,906 1041,915 1081,925 1120,937 1160,951"/>
                <TextEquiv>
                    <Unicode>ruckt vnnd enntnommen worden, dahan</Unicode>
                </TextEquiv>
            </TextLine>
            <TextLine id="r1l2" custom="readingOrder {index:1;}">
                <Coords points="371,890 727,947 880,942 916,970 973,955 1087,981 1111,1010 1143,969 927,898 651,895 378,841"/>
                <Baseline points="378,881 415,885 453,889 491,893 529,897 567,901 604,905 642,909 680,913 718,918 756,923 793,927 831,932 869,938 907,943 945,950 982,956 1020,963 1058,971 1096,980 1134,989"/>
                <TextEquiv>
                    <Unicode>erdann dennargwonn, vffgedachtenn</Unicode>
                </TextEquiv>
            </TextLine>
            <TextLine id="r1l3" custom="readingOrder {index:2;}">
                <Coords points="349,955 515,955 600,996 646,973 796,984 863,1026 971,1011 1002,1045 1067,1020 1161,1072 1170,1021 947,984 881,943 695,955 607,916 514,937 479,907 357,894"/>
                <Baseline points="357,938 397,942 437,945 477,950 517,954 557,958 597,962 638,965 678,968 718,972 758,975 798,980 838,985 878,992 919,997 959,1004 999,1011 1039,1020 1079,1030 1119,1040 1160,1053"/>
                <TextEquiv>
                    <Unicode>Mathens synenn midtgspanen geworffen</Unicode>
                </TextEquiv>
            </TextLine>
            <TextLine id="r1l4" custom="readingOrder {index:3;}">
                <Coords points="325,1011 522,1014 560,1057 616,1023 673,1048 784,1034 1052,1074 1112,1121 1159,1120 1165,1070 1114,1067 1067,1019 1002,1045 971,1011 863,1025 390,957 329,977"/>
                <Baseline points="333,993 374,997 415,1001 456,1005 497,1009 538,1011 579,1015 620,1018 661,1021 702,1025 744,1028 785,1032 826,1038 867,1043 908,1049 949,1056 990,1064 1031,1072 1072,1083 1113,1093 1155,1106"/>
                <TextEquiv>
                    <Unicode>wellicher sy aber niemals besteündig syn</Unicode>
                </TextEquiv>
            </TextLine>
            <TextLine id="r1l5" custom="readingOrder {index:4;}">
                <Coords points="312,1083 409,1059 707,1087 1061,1167 1098,1147 1151,1167 1156,1120 1052,1074 1007,1102 762,1046 318,1025"/>
                <Baseline points="321,1056 362,1059 403,1061 444,1062 486,1065 527,1067 568,1070 609,1073 651,1077 692,1080 733,1085 774,1089 816,1094 857,1099 898,1105 939,1111 981,1119 1022,1127 1063,1136 1104,1144 1146,1154"/>
                <TextEquiv>
                    <Unicode>wöllenn, Alls er aber etlicher maßenn</Unicode>
                </TextEquiv>
            </TextLine>
            <TextLine id="r1l6" custom="readingOrder {index:5;}">
                <Coords points="301,1138 522,1129 556,1155 589,1137 879,1190 993,1178 1142,1219 1147,1172 1103,1148 1054,1172 792,1097 697,1121 632,1087 443,1098 372,1074 306,1098"/>
                <Baseline points="309,1118 350,1119 391,1119 433,1121 474,1123 516,1126 557,1128 598,1131 640,1135 681,1139 723,1143 764,1149 805,1154 847,1158 888,1164 930,1170 971,1177 1012,1184 1054,1191 1095,1198 1137,1206"/>
                <TextEquiv>
                    <Unicode>wolgwießt, das er gedachte entwenndte</Unicode>
                </TextEquiv>
            </TextLine>
            <TextLine id="r1l7" custom="readingOrder {index:6;}">
                <Coords points="334,1193 806,1215 1144,1283 1160,1230 993,1178 644,1177 532,1136 462,1156 398,1121 341,1131"/>
                <Baseline points="342,1170 382,1174 422,1178 463,1182 503,1185 543,1188 584,1191 624,1194 664,1198 705,1202 745,1205 785,1210 826,1214 866,1219 906,1224 947,1230 987,1237 1027,1244 1068,1252 1108,1261 1149,1271"/>
                <TextEquiv>
                    <Unicode>Becher Imnne entzuckt, vnnd byhande</Unicode>
                </TextEquiv>
            </TextLine>
            <TextLine id="r1l8" custom="readingOrder {index:7;}">
                <Coords points="320,1272 440,1240 692,1266 735,1303 834,1273 1128,1325 1131,1286 1069,1268 328,1195"/>
                <Baseline points="330,1232 369,1234 409,1238 448,1240 488,1242 528,1245 567,1248 607,1251 646,1254 686,1257 726,1260 765,1265 805,1269 844,1274 884,1277 924,1283 963,1288 1003,1295 1042,1300 1082,1308 1122,1316"/>
                <TextEquiv>
                    <Unicode>habe er inne, alls sy mit einannderen</Unicode>
                </TextEquiv>
            </TextLine>
            <TextLine id="r1l9" custom="readingOrder {index:8;} place {offset:5; length:10;}">
                <Coords points="360,1300 441,1323 534,1302 714,1347 868,1334 1058,1385 1131,1381 1134,1354 972,1292 882,1306 768,1283 735,1303 711,1277 421,1244 363,1272"/>
                <Baseline points="366,1292 405,1295 445,1298 485,1302 525,1305 565,1308 605,1312 645,1315 685,1317 725,1321 765,1325 805,1329 845,1334 885,1338 925,1343 965,1348 1005,1354 1045,1360 1085,1367 1125,1374"/>
                <TextEquiv>
                    <Unicode>nach sollothurn gezogenn uff fryer</Unicode>
                </TextEquiv>
            </TextLine>
            <TextLine id="r1l10" custom="readingOrder {index:9;}">
                <Coords points="349,1366 423,1362 462,1388 569,1370 597,1402 693,1381 950,1426 1050,1417 1126,1452 1131,1405 1040,1366 737,1357 627,1321 356,1301"/>
                <Baseline points="357,1353 395,1356 433,1359 471,1361 510,1364 548,1367 586,1370 624,1372 663,1375 701,1378 739,1382 777,1385 816,1389 854,1392 892,1396 930,1401 969,1406 1007,1412 1045,1418 1083,1425 1122,1431"/>
                <TextEquiv>
                    <Unicode>traß ohnegfarlich mittenn zndemen</Unicode>
                </TextEquiv>
            </TextLine>
            <TextLine id="r1l11" custom="readingOrder {index:10;}">
                <Coords points="343,1433 734,1441 977,1489 1039,1472 1108,1502 1112,1452 1045,1452 1019,1422 888,1425 816,1394 737,1414 633,1388 601,1408 569,1370 517,1393 349,1364"/>
                <Baseline points="351,1410 388,1413 426,1415 463,1418 501,1420 539,1424 576,1426 614,1428 652,1431 689,1434 727,1437 765,1441 802,1444 840,1448 878,1452 915,1456 953,1461 991,1466 1028,1472 1066,1476 1104,1482"/>
                <TextEquiv>
                    <Unicode>Buchwalldt Harwertz Hollathurin</Unicode>
                </TextEquiv>
            </TextLine>
            <TextLine id="r1l12" custom="readingOrder {index:11;}">
                <Coords points="338,1482 449,1515 595,1484 738,1540 919,1519 1139,1561 1142,1525 1026,1469 847,1487 790,1452 743,1472 701,1446 342,1432"/>
                <Baseline points="345,1472 384,1474 423,1476 463,1479 502,1482 542,1485 581,1487 621,1490 660,1492 700,1495 739,1497 778,1501 818,1504 857,1508 897,1512 936,1516 976,1521 1015,1528 1055,1534 1094,1540 1134,1547"/>
                <TextEquiv>
                    <Unicode>morgenns vortag, derohalb widerum</Unicode>
                </TextEquiv>
            </TextLine>
            <TextLine id="r1l13" custom="readingOrder {index:12;}">
                <Coords points="330,1538 508,1571 577,1549 727,1580 786,1564 954,1602 1017,1583 1149,1642 1154,1584 1093,1554 843,1541 805,1516 739,1542 651,1496 600,1523 492,1487 448,1516 334,1481"/>
                <Baseline points="336,1529 376,1532 417,1535 457,1538 498,1541 538,1544 579,1545 619,1548 660,1551 700,1553 741,1555 781,1559 822,1562 862,1565 903,1569 943,1574 984,1579 1024,1584 1065,1590 1105,1598 1146,1607"/>
                <TextEquiv>
                    <Unicode>Anngezogenn, daruber er Imne etlichen</Unicode>
                </TextEquiv>
            </TextLine>
            <TextLine id="r1l14" custom="readingOrder {index:13;}">
                <Coords points="335,1600 866,1625 1057,1679 1092,1656 1094,1622 1036,1595 923,1612 856,1581 811,1602 766,1575 596,1589 475,1577 439,1543 397,1574 337,1572"/>
                <Baseline points="341,1593 378,1596 415,1599 452,1601 490,1602 527,1605 564,1607 601,1608 639,1611 676,1613 713,1614 750,1617 788,1619 825,1621 862,1625 899,1628 937,1632 974,1635 1011,1640 1048,1645 1086,1650"/>
                <TextEquiv>
                    <Unicode>massenn, Vnnutze vnnd annäßige</Unicode>
                </TextEquiv>
            </TextLine>
            <TextLine id="r1l15" custom="readingOrder {index:14;}">
                <Coords points="335,1671 412,1665 475,1709 689,1678 750,1718 819,1687 1126,1733 1132,1656 1053,1678 867,1625 819,1647 665,1620 604,1639 556,1610 340,1605"/>
                <Baseline points="342,1656 383,1659 424,1662 465,1664 506,1665 547,1667 588,1670 629,1671 670,1673 711,1676 752,1677 793,1680 834,1684 875,1686 916,1691 957,1695 998,1700 1039,1706 1080,1712 1121,1719"/>
                <TextEquiv>
                    <Unicode>wordt gebenn, dergstallt, das er erzürng</Unicode>
                </TextEquiv>
            </TextLine>
            <TextLine id="r1l16" custom="readingOrder {index:15;}">
                <Coords points="296,1731 617,1733 795,1765 827,1744 1050,1765 1114,1801 1117,1738 1034,1739 926,1692 792,1692 757,1719 703,1683 544,1682 476,1709 427,1672 299,1671"/>
                <Baseline points="303,1718 343,1720 383,1721 424,1723 464,1725 504,1727 545,1729 585,1730 625,1733 666,1734 706,1737 746,1739 787,1742 827,1744 867,1746 908,1750 948,1754 988,1757 1029,1761 1069,1765 1110,1769"/>
                <TextEquiv>
                    <Unicode>wordenn über enne gezückt unnd nach</Unicode>
                </TextEquiv>
            </TextLine>
            <TextLine id="r1l17" custom="readingOrder {index:16;}">
                <Coords points="325,1805 485,1794 600,1827 709,1798 769,1829 993,1817 1102,1841 1117,1803 821,1749 758,1782 562,1735 413,1763 329,1727"/>
                <Baseline points="333,1779 371,1781 410,1784 449,1785 488,1788 527,1789 566,1791 604,1793 643,1794 682,1797 721,1799 760,1800 799,1803 838,1805 876,1807 915,1809 954,1811 993,1814 1032,1817 1071,1820 1110,1823"/>
                <TextEquiv>
                    <Unicode>etlichenn streychenn, so sy gegenn ein-</Unicode>
                </TextEquiv>
            </TextLine>
            <TextLine id="r1l18" custom="readingOrder {index:17;}">
                <Coords points="287,1870 483,1861 633,1899 662,1879 873,1904 986,1870 1112,1900 1114,1852 829,1811 749,1843 639,1815 467,1827 428,1790 380,1825 289,1810"/>
                <Baseline points="294,1848 334,1850 375,1850 415,1851 456,1851 497,1853 537,1854 578,1856 619,1857 659,1858 700,1859 741,1862 781,1863 822,1865 863,1868 903,1869 944,1872 985,1875 1025,1877 1066,1880 1107,1883"/>
                <TextEquiv>
                    <Unicode>annderen verfahtenn, da habe er jnn</Unicode>
                </TextEquiv>
            </TextLine>
            <TextLine id="r1l19" custom="readingOrder {index:18;} place {offset:0; length:7;}">
                <Coords points="303,1938 914,1930 1037,1970 1091,1947 1130,1978 1131,1922 1077,1893 583,1900 544,1868 482,1901 401,1894 355,1856 305,1867"/>
                <Baseline points="309,1917 349,1917 390,1919 431,1919 472,1919 513,1920 553,1920 594,1920 635,1922 676,1922 717,1923 757,1923 798,1925 839,1926 880,1928 921,1928 961,1931 1002,1932 1043,1935 1084,1937 1125,1941"/>
                <TextEquiv>
                    <Unicode>Mattens, durch mittell eines empfang</Unicode>
                </TextEquiv>
            </TextLine>
            <TextLine id="r1l20" custom="readingOrder {index:19;}">
                <Coords points="329,1995 428,2018 560,1981 670,2014 698,1988 878,1983 904,2007 1102,2010 1090,1947 837,1967 744,1924 588,1955 468,1923 435,1952 330,1952"/>
                <Baseline points="336,1973 374,1976 412,1977 450,1979 488,1980 526,1980 564,1982 602,1982 640,1982 678,1982 716,1982 754,1983 792,1983 830,1983 868,1983 906,1985 944,1985 982,1986 1020,1988 1058,1990 1097,1994"/>
                <TextEquiv>
                    <Unicode>neünstichs erlegt, demnach mittesta</Unicode>
                </TextEquiv>
            </TextLine>
            <TextLine id="r1l21" custom="readingOrder {index:20;}">
                <Coords points="309,2044 413,2040 456,2076 699,2042 845,2082 937,2048 1025,2080 1118,2068 1118,2024 984,1993 310,2001"/>
                <Baseline points="315,2036 354,2037 394,2039 434,2040 474,2040 514,2042 554,2042 593,2043 633,2043 673,2043 713,2043 753,2045 793,2045 833,2046 872,2046 912,2048 952,2049 992,2049 1032,2051 1072,2054 1112,2055"/>
                <TextEquiv>
                    <Unicode>enniges, alls er uff der sythenn glegen</Unicode>
                </TextEquiv>
            </TextLine>
            <TextLine id="r1l22" custom="readingOrder {index:21;}">
                <Coords points="309,2119 379,2108 423,2136 487,2112 572,2136 607,2113 852,2110 1091,2135 1102,2087 922,2058 847,2082 796,2053 712,2086 459,2083 420,2046 367,2080 310,2048"/>
                <Baseline points="315,2102 354,2102 393,2103 432,2103 471,2103 510,2105 549,2105 588,2105 627,2105 666,2106 705,2106 744,2106 783,2108 822,2109 861,2109 900,2110 939,2111 978,2112 1017,2114 1056,2115 1095,2117"/>
                <TextEquiv>
                    <Unicode>zu ienmegehauwenn vnnd gestothen</Unicode>
                </TextEquiv>
            </TextLine>
            <TextLine id="r1l23" custom="readingOrder {index:22;}">
                <Coords points="287,2173 623,2196 710,2166 755,2201 805,2170 888,2190 960,2172 1022,2196 1023,2125 780,2111 684,2147 633,2117 552,2138 488,2113 423,2136 369,2109 288,2122"/>
                <Baseline points="294,2165 330,2163 366,2162 402,2162 438,2162 474,2162 510,2162 547,2163 583,2163 619,2165 655,2165 691,2166 727,2167 763,2168 800,2168 836,2169 872,2169 908,2169 944,2169 980,2168 1017,2168"/>
                <TextEquiv>
                    <Unicode>unnd enndtlich imne gedachte dry</Unicode>
                </TextEquiv>
            </TextLine>
            <TextLine id="r1l24" custom="readingOrder {index:23;}">
                <Coords points="288,2246 474,2244 499,2265 635,2239 796,2263 844,2237 1017,2269 1094,2260 1095,2190 946,2183 859,2210 726,2175 638,2205 590,2180 458,2201 289,2173"/>
                <Baseline points="294,2232 333,2231 373,2229 413,2228 453,2228 492,2228 532,2228 572,2228 612,2228 651,2228 691,2229 731,2229 771,2231 810,2232 850,2232 890,2234 930,2235 969,2237 1009,2238 1049,2240 1089,2241"/>
                <TextEquiv>
                    <Unicode>Sihberine Becher uß dem huth inn</Unicode>
                </TextEquiv>
            </TextLine>
            <TextLine id="r1l25" custom="readingOrder {index:24;}">
                <Coords points="275,2310 403,2289 617,2326 738,2295 853,2328 903,2296 1094,2301 1094,2260 1061,2251 1019,2273 635,2240 518,2265 275,2252"/>
                <Baseline points="281,2292 321,2290 361,2289 402,2288 442,2288 482,2286 523,2286 563,2286 603,2287 644,2288 684,2288 724,2288 765,2289 805,2289 845,2289 886,2289 926,2289 966,2289 1007,2289 1047,2289 1088,2288"/>
                <TextEquiv>
                    <Unicode>wellichender sy anngeheft getragen</Unicode>
                </TextEquiv>
            </TextLine>
            <TextLine id="r1l26" custom="readingOrder {index:25;} person {offset:14; length:6;}">
                <Coords points="306,2380 447,2352 547,2390 606,2365 898,2384 984,2350 1116,2362 1106,2323 974,2330 905,2296 851,2330 728,2297 686,2328 545,2308 379,2330 306,2290"/>
                <Baseline points="312,2345 351,2346 391,2346 431,2348 471,2348 511,2348 551,2349 591,2349 631,2349 671,2349 711,2349 750,2349 790,2349 830,2349 870,2349 910,2349 950,2349 990,2348 1030,2348 1070,2346 1110,2345"/>
                <TextEquiv>
                    <Unicode>zusampt synem Fallis, inn wellichen</Unicode>
                </TextEquiv>
            </TextLine>
            <TextLine id="r1l27" custom="readingOrder {index:26;}">
                <Coords points="266,2432 1061,2420 1060,2377 987,2388 942,2360 897,2385 729,2370 679,2391 499,2386 449,2353 323,2382 266,2366"/>
                <Baseline points="272,2414 311,2413 350,2412 389,2411 428,2411 467,2411 506,2411 546,2409 585,2409 624,2409 663,2409 702,2409 741,2409 780,2409 820,2408 859,2408 898,2408 937,2408 976,2406 1015,2406 1055,2405"/>
                <TextEquiv>
                    <Unicode>Dry laler nebenntetlicher kleiner</Unicode>
                </TextEquiv>
            </TextLine>
            <TextLine id="r1l28" custom="readingOrder {index:27;}">
                <Coords points="302,2483 711,2495 790,2469 850,2504 899,2475 1010,2492 1103,2472 1103,2420 1073,2408 1027,2439 984,2410 821,2449 695,2415 660,2443 586,2412 537,2447 503,2424 395,2454 302,2443"/>
                <Baseline points="308,2471 347,2470 386,2469 426,2469 465,2469 505,2469 544,2469 584,2469 623,2469 663,2469 702,2469 741,2469 781,2469 820,2469 860,2469 899,2468 939,2468 978,2467 1018,2466 1057,2464 1097,2462"/>
                <TextEquiv>
                    <Unicode>muntz unnd annderem geschefft geresten.</Unicode>
                </TextEquiv>
            </TextLine>
            <TextLine id="r1l29" custom="readingOrder {index:28;}">
                <Coords points="287,2578 347,2537 632,2533 718,2560 844,2537 924,2566 1098,2537 1083,2475 882,2506 790,2470 688,2510 584,2486 286,2504"/>
                <Baseline points="293,2537 335,2535 377,2532 419,2531 461,2531 503,2529 545,2529 587,2529 629,2529 671,2529 713,2529 755,2529 797,2529 839,2529 881,2528 923,2526 965,2525 1007,2523 1049,2521 1092,2519"/>
                <TextEquiv>
                    <Unicode>genommen, damnt widerumb zu Auch</Unicode>
                </TextEquiv>
            </TextLine>
            <TextLine id="r1l30" custom="readingOrder {index:29;}">
                <Coords points="287,2624 371,2611 401,2632 549,2599 698,2630 770,2603 939,2621 1073,2584 1049,2554 917,2570 838,2540 710,2571 634,2534 588,2566 504,2543 440,2573 348,2537 286,2577"/>
                <Baseline points="293,2603 331,2600 370,2598 409,2597 447,2595 486,2595 525,2595 563,2594 602,2594 641,2594 680,2594 718,2594 757,2594 796,2593 834,2592 873,2591 912,2590 950,2587 989,2584 1028,2581 1067,2577"/>
                <TextEquiv>
                    <Unicode>gezogenn, vnnd inn allso unnbarm¬</Unicode>
                </TextEquiv>
            </TextLine>
            <TextLine id="r1l31" custom="readingOrder {index:30;}">
                <Coords points="276,2690 343,2669 427,2693 621,2664 1027,2676 1070,2662 1069,2609 809,2634 771,2604 674,2641 550,2601 525,2623 476,2604 402,2632 369,2612 274,2629"/>
                <Baseline points="281,2675 320,2671 359,2669 398,2667 437,2664 476,2664 515,2663 555,2662 594,2661 633,2661 672,2661 711,2660 750,2660 789,2660 829,2658 868,2658 907,2656 946,2655 985,2652 1024,2650 1064,2648"/>
                <TextEquiv>
                    <Unicode>hertzig unnd unneristenlich verlasen</Unicode>
                </TextEquiv>
            </TextLine>
            <TextLine id="r1l32" custom="readingOrder {index:31;} person {offset:18; length:7;}">
                <Coords points="239,2758 407,2737 492,2763 669,2730 829,2749 959,2723 1045,2741 1051,2669 880,2708 711,2670 604,2702 538,2673 465,2713 382,2681 238,2691"/>
                <Baseline points="245,2742 285,2738 325,2736 365,2733 405,2732 445,2730 485,2730 525,2729 565,2729 605,2729 645,2729 685,2729 725,2729 765,2729 805,2727 845,2727 885,2726 925,2724 965,2721 1005,2718 1046,2714"/>
                <TextEquiv>
                    <Unicode>Wie nun gedachter Mathens, durch</Unicode>
                </TextEquiv>
            </TextLine>
            <TextLine id="r1l33" custom="readingOrder {index:32;} place {offset:24; length:11;}">
                <Coords points="274,2810 409,2827 504,2799 769,2812 1074,2779 1065,2737 983,2757 842,2738 761,2770 703,2740 587,2762 548,2737 492,2764 458,2743 273,2768"/>
                <Baseline points="279,2802 318,2800 357,2798 397,2798 436,2796 476,2795 515,2795 554,2793 594,2793 633,2793 673,2792 712,2792 751,2790 791,2790 830,2788 870,2786 909,2784 948,2781 988,2778 1027,2775 1067,2771"/>
                <TextEquiv>
                    <Unicode>etliche personenn, vonn sollethurnn</Unicode>
                </TextEquiv>
            </TextLine>
            <TextLine id="r1l34" custom="readingOrder {index:33;}">
                <Coords points="271,2885 402,2871 440,2900 486,2873 817,2860 923,2879 1047,2845 1037,2774 997,2812 888,2786 771,2832 648,2794 325,2832 268,2809"/>
                <Baseline points="276,2871 314,2868 352,2867 390,2865 429,2864 467,2862 505,2862 543,2861 582,2859 620,2858 658,2858 696,2857 735,2856 773,2855 811,2853 849,2850 888,2849 926,2847 964,2844 1002,2841 1041,2838"/>
                <TextEquiv>
                    <Unicode>Allso uff den hodt verwundt unnd</Unicode>
                </TextEquiv>
            </TextLine>
            <TextLine id="r1l35" custom="readingOrder {index:34;}">
                <Coords points="251,2950 357,2931 610,2952 695,2926 779,2953 852,2920 1030,2923 1027,2867 960,2861 815,2891 757,2862 700,2899 614,2879 561,2909 485,2873 409,2913 248,2888"/>
                <Baseline points="257,2940 295,2938 333,2936 371,2934 410,2931 448,2931 486,2929 525,2928 563,2927 601,2925 640,2924 678,2923 716,2921 754,2919 793,2918 831,2916 869,2913 908,2911 946,2909 984,2906 1023,2903"/>
                <TextEquiv>
                    <Unicode>Demnach durch annsechen der abet</Unicode>
                </TextEquiv>
            </TextLine>
            <TextLine id="r1l36" custom="readingOrder {index:35;} place {offset:19; length:7;}">
                <Coords points="258,3022 639,3001 696,3029 818,2987 865,3012 1028,2983 1017,2917 941,2953 693,2938 651,2971 546,2935 509,2959 357,2931 255,2954"/>
                <Baseline points="264,3006 301,3004 339,3002 377,3002 415,3000 453,2999 491,2997 529,2996 567,2994 605,2993 643,2991 680,2990 718,2988 756,2987 794,2984 832,2982 870,2980 908,2977 946,2975 984,2972 1022,2969"/>
                <TextEquiv>
                    <Unicode>keydt daselbst zun spittal gebracht</Unicode>
                </TextEquiv>
            </TextLine>
            <TextLine id="r1l37" custom="readingOrder {index:36;}">
                <Coords points="252,3118 264,3120 281,3106 294,3112 330,3080 356,3074 380,3088 392,3079 489,3078 488,3026 439,3049 415,3041 400,3051 362,3028 335,3035 315,3029 298,3044 250,3049"/>
                <Baseline points="257,3080 282,3078 307,3077 332,3076 357,3074 382,3074 407,3072 432,3073 457,3074 483,3075"/>
                <TextEquiv>
                    <Unicode>befundenn.</Unicode>
                </TextEquiv>
            </TextLine>
            <TextEquiv>
                <Unicode>ruckt vnnd enntnommen worden, dahan
erdann dennargwonn, vffgedachtenn
Mathens synenn midtgspanen geworffen
wellicher sy aber niemals besteündig syn
wöllenn, Alls er aber etlicher maßenn
wolgwießt, das er gedachte entwenndte
Becher Imnne entzuckt, vnnd byhande
habe er inne, alls sy mit einannderen
nach sollothurn gezogenn uff fryer
traß ohnegfarlich mittenn zndemen
Buchwalldt Harwertz Hollathurin
morgenns vortag, derohalb widerum
Anngezogenn, daruber er Imne etlichen
massenn, Vnnutze vnnd annäßige
wordt gebenn, dergstallt, das er erzürng
wordenn über enne gezückt unnd nach
etlichenn streychenn, so sy gegenn ein-
annderen verfahtenn, da habe er jnn
Mattens, durch mittell eines empfang
neünstichs erlegt, demnach mittesta
enniges, alls er uff der sythenn glegen
zu ienmegehauwenn vnnd gestothen
unnd enndtlich imne gedachte dry
Sihberine Becher uß dem huth inn
wellichender sy anngeheft getragen
zusampt synem Fallis, inn wellichen
Dry laler nebenntetlicher kleiner
muntz unnd annderem geschefft geresten.
genommen, damnt widerumb zu Auch
gezogenn, vnnd inn allso unnbarm¬
hertzig unnd unneristenlich verlasen
Wie nun gedachter Mathens, durch
etliche personenn, vonn sollethurnn
Allso uff den hodt verwundt unnd
Demnach durch annsechen der abet
keydt daselbst zun spittal gebracht
befundenn.</Unicode>
            </TextEquiv>
        </TextRegion>
        <TextRegion orientation="0.0" id="r2" custom="readingOrder {index:1;}">
            <Coords points="1169,728 1169,3163 2183,3163 2183,728"/>
            <TextLine id="r2l1" custom="readingOrder {index:0;}">
                <Coords points="2079,780 2087,779 2097,784 2102,778 2106,780 2112,779 2102,713 2096,714 2089,720 2080,718 2076,723 2070,724"/>
                <Baseline points="2082,758 2103,755"/>
                <TextEquiv>
                    <Unicode>3</Unicode>
                </TextEquiv>
            </TextLine>
            <TextLine id="r2l2" custom="readingOrder {index:1;}">
                <Coords points="1255,923 1591,847 1634,867 1796,835 1860,851 1887,828 1995,867 2027,849 2018,768 1990,768 1935,803 1601,797 1553,832 1337,794 1249,867"/>
                <Baseline points="1259,908 1298,897 1338,887 1378,878 1418,870 1458,864 1498,857 1538,853 1578,848 1618,844 1658,841 1698,839 1738,836 1778,833 1818,831 1858,828 1898,827 1938,826 1978,823 2018,821"/>
                <TextEquiv>
                    <Unicode>wordenn habennt sich (nach verhörung</Unicode>
                </TextEquiv>
            </TextLine>
            <TextLine id="r2l3" custom="readingOrder {index:2;}">
                <Coords points="1260,967 1305,983 1343,944 1525,914 1684,946 1726,909 1856,891 2056,912 2151,898 2148,851 2081,825 1996,867 1793,835 1257,923"/>
                <Baseline points="1265,956 1311,944 1357,934 1403,924 1450,917 1496,911 1542,907 1588,902 1635,900 1681,897 1727,896 1773,894 1820,894 1866,893 1912,893 1958,891 2005,890 2051,888 2097,887 2144,884"/>
                <TextEquiv>
                    <Unicode>ufgenommer kundtschafft uff die dryßig großer</Unicode>
                </TextEquiv>
            </TextLine>
            <TextLine id="r2l4" custom="readingOrder {index:3;}">
                <Coords points="1233,1020 1324,1029 1403,982 1475,1002 1582,960 2091,973 2148,959 2144,899 1971,930 1793,903 1685,943 1606,917 1469,956 1382,936 1231,989"/>
                <Baseline points="1239,1019 1284,1007 1329,996 1374,988 1419,980 1464,973 1509,967 1554,965 1599,961 1644,959 1690,957 1735,956 1780,954 1825,954 1870,953 1915,953 1960,951 2005,950 2050,947 2095,945 2141,941"/>
                <TextEquiv>
                    <Unicode>und fürnemmer winen soer uff dem haupt</Unicode>
                </TextEquiv>
            </TextLine>
            <TextLine id="r2l5" custom="readingOrder {index:4;}">
                <Coords points="1272,1074 1440,1034 1632,1057 1657,1031 1759,1047 1799,1016 1863,1049 1918,1011 2118,1011 2115,971 2032,961 2000,987 1858,958 1804,991 1572,960 1475,1003 1415,979 1324,1029 1269,1023"/>
                <Baseline points="1277,1064 1318,1054 1360,1046 1402,1041 1443,1034 1485,1029 1527,1025 1568,1022 1610,1019 1652,1017 1694,1016 1735,1014 1777,1013 1819,1013 1860,1011 1902,1011 1944,1010 1985,1008 2027,1007 2069,1005 2111,1002"/>
                <TextEquiv>
                    <Unicode>nd an dem Lyb, vnnd zu dennselben, Einn</Unicode>
                </TextEquiv>
            </TextLine>
            <TextLine id="r2l6" custom="readingOrder {index:5;}">
                <Coords points="1267,1133 1654,1076 2020,1086 2064,1080 2061,1026 1918,1012 1871,1050 1836,1027 1777,1054 1677,1031 1606,1062 1439,1034 1264,1079"/>
                <Baseline points="1271,1115 1310,1107 1349,1102 1388,1097 1428,1091 1467,1087 1506,1083 1546,1081 1585,1079 1624,1077 1664,1074 1703,1073 1742,1071 1781,1071 1821,1070 1860,1068 1899,1068 1939,1067 1978,1065 2017,1064 2057,1062"/>
                <TextEquiv>
                    <Unicode>slich funder rechtenn sythenn unnd einer</Unicode>
                </TextEquiv>
            </TextLine>
            <TextLine id="r2l7" custom="readingOrder {index:6;}">
                <Coords points="1266,1198 1422,1151 1487,1184 1570,1144 1676,1143 1742,1178 1954,1128 1989,1153 2144,1135 2142,1092 2091,1083 1773,1085 1739,1109 1652,1076 1590,1109 1331,1106 1264,1142"/>
                <Baseline points="1271,1172 1314,1165 1357,1159 1401,1154 1444,1149 1487,1145 1531,1141 1574,1139 1617,1137 1661,1135 1704,1133 1747,1132 1791,1131 1834,1130 1877,1130 1921,1130 1964,1128 2007,1127 2051,1127 2094,1125 2138,1124"/>
                <TextEquiv>
                    <Unicode>binden im knnckempfangen an jmme</Unicode>
                </TextEquiv>
            </TextLine>
            <TextLine id="r2l8" custom="readingOrder {index:7;}">
                <Coords points="1333,1205 1343,1206 1351,1199 1367,1201 1375,1192 1380,1195 1397,1188 1410,1195 1421,1192 1428,1196 1443,1189 1440,1157 1434,1158 1425,1151 1414,1153 1406,1160 1392,1160 1383,1154 1360,1158 1352,1167 1331,1171"/>
                <Baseline points="1338,1194 1370,1186 1403,1184 1436,1187"/>
                <TextEquiv>
                    <Unicode>gommen.</Unicode>
                </TextEquiv>
            </TextLine>
            <TextLine id="r2l9" custom="readingOrder {index:8;}">
                <Coords points="1257,1258 1573,1203 1617,1224 1859,1205 1906,1234 2139,1195 2136,1137 2065,1133 1960,1166 1915,1140 1742,1177 1622,1151 1582,1183 1448,1168 1255,1205"/>
                <Baseline points="1262,1233 1305,1227 1349,1221 1392,1216 1436,1212 1479,1208 1523,1205 1566,1203 1610,1200 1653,1199 1697,1197 1740,1196 1784,1196 1827,1195 1871,1194 1914,1194 1958,1193 2001,1193 2045,1191 2088,1191 2132,1190"/>
                <TextEquiv>
                    <Unicode>befunder junmaßen unnd dergstalldt, das</Unicode>
                </TextEquiv>
            </TextLine>
            <TextLine id="r2l10" custom="readingOrder {index:9;}">
                <Coords points="1250,1306 1415,1287 1471,1312 1717,1269 1853,1308 1945,1264 2190,1262 2188,1215 2112,1193 1856,1236 1725,1210 1650,1235 1573,1204 1429,1250 1366,1219 1249,1270"/>
                <Baseline points="1256,1292 1302,1286 1348,1281 1395,1276 1441,1272 1487,1269 1534,1267 1580,1265 1626,1263 1673,1262 1719,1262 1765,1262 1812,1260 1858,1260 1904,1260 1951,1260 1997,1260 2043,1260 2090,1260 2136,1259 2183,1259"/>
                <TextEquiv>
                    <Unicode>er inn vierstunden (nach beschechner chadt</Unicode>
                </TextEquiv>
            </TextLine>
            <TextLine id="r2l11" custom="readingOrder {index:10;} place {offset:7; length:11;}">
                <Coords points="1200,1411 1305,1343 1393,1375 1530,1361 1566,1388 1710,1338 2069,1344 2067,1295 1994,1298 1946,1265 1852,1311 1708,1269 1657,1309 1594,1284 1473,1318 1409,1288 1355,1318 1197,1323"/>
                <Baseline points="1205,1368 1247,1360 1290,1353 1333,1346 1376,1340 1419,1336 1462,1332 1505,1330 1548,1328 1591,1326 1634,1326 1676,1326 1719,1326 1762,1326 1805,1326 1848,1327 1891,1328 1934,1328 1977,1328 2020,1328 2063,1326"/>
                <TextEquiv>
                    <Unicode>ist zu Bollethurnn synn lebenneundenn</Unicode>
                </TextEquiv>
            </TextLine>
            <TextLine id="r2l12" custom="readingOrder {index:11;}">
                <Coords points="1263,1444 1316,1446 1339,1426 1367,1418 1419,1443 1433,1428 1445,1427 1441,1370 1373,1378 1332,1355 1303,1385 1293,1381 1259,1389"/>
                <Baseline points="1266,1407 1294,1404 1323,1400 1351,1398 1380,1395 1408,1395 1437,1398"/>
                <TextEquiv>
                    <Unicode>müstenn</Unicode>
                </TextEquiv>
            </TextLine>
            <TextLine id="r2l13" custom="readingOrder {index:12;} person {offset:29; length:14;}">
                <Coords points="1235,1557 1339,1537 1414,1564 1547,1527 1583,1557 1654,1523 1691,1549 1842,1520 2186,1539 2186,1476 1949,1495 1873,1451 1746,1491 1638,1430 1495,1497 1235,1447"/>
                <Baseline points="1241,1535 1290,1530 1339,1527 1389,1524 1438,1521 1488,1520 1537,1519 1586,1518 1636,1518 1685,1520 1735,1520 1784,1521 1834,1523 1883,1524 1932,1525 1982,1526 2031,1527 2081,1529 2130,1529 2180,1530"/>
                <TextEquiv>
                    <Unicode>fsolliche synn des gedachten Martti Stranws</Unicode>
                </TextEquiv>
            </TextLine>
            <TextLine id="r2l14" custom="readingOrder {index:13;}">
                <Coords points="1248,1596 1734,1589 1810,1622 1867,1585 2131,1614 2145,1577 2000,1534 1903,1551 1865,1522 1814,1566 1661,1525 1581,1558 1538,1529 1415,1565 1318,1539 1249,1564"/>
                <Baseline points="1254,1584 1298,1583 1342,1581 1386,1580 1431,1578 1475,1578 1519,1578 1563,1578 1608,1578 1652,1580 1696,1580 1740,1581 1785,1583 1829,1584 1873,1587 1917,1587 1962,1590 2006,1592 2050,1594 2094,1596 2139,1598"/>
                <TextEquiv>
                    <Unicode>isthanndtlung, unnd verupte unnbarin,</Unicode>
                </TextEquiv>
            </TextLine>
            <TextLine id="r2l15" custom="readingOrder {index:14;}">
                <Coords points="1251,1663 1292,1650 1352,1681 1536,1646 1766,1674 1808,1649 1922,1687 1954,1665 2067,1681 2112,1664 2113,1622 1396,1586 1347,1624 1308,1601 1252,1630"/>
                <Baseline points="1257,1646 1299,1644 1341,1644 1384,1643 1426,1643 1469,1643 1511,1643 1554,1643 1596,1644 1639,1644 1681,1644 1723,1646 1766,1646 1808,1647 1851,1649 1893,1650 1936,1652 1978,1652 2021,1653 2063,1655 2106,1656"/>
                <TextEquiv>
                    <Unicode>jertzigkeydt habemnt hochgenamptman</Unicode>
                </TextEquiv>
            </TextLine>
            <TextLine id="r2l16" custom="readingOrder {index:15;}">
                <Coords points="1254,1721 2087,1733 2088,1682 2017,1701 1894,1659 1668,1687 1593,1657 1490,1684 1255,1661"/>
                <Baseline points="1260,1706 1301,1705 1342,1704 1383,1704 1424,1704 1465,1704 1506,1705 1547,1706 1588,1707 1629,1707 1670,1709 1711,1710 1752,1712 1793,1713 1834,1715 1875,1716 1916,1718 1957,1719 1998,1720 2039,1721 2081,1722"/>
                <TextEquiv>
                    <Unicode>nedig Herrenn schultheyß Rhädt unnd</Unicode>
                </TextEquiv>
            </TextLine>
            <TextLine id="r2l17" custom="readingOrder {index:16;}">
                <Coords points="1236,1780 1321,1804 1423,1766 1557,1809 1608,1772 1647,1791 1885,1777 1998,1802 2019,1759 1889,1722 1859,1746 1761,1729 1733,1751 1460,1711 1359,1738 1237,1727"/>
                <Baseline points="1242,1763 1280,1763 1319,1761 1357,1761 1396,1761 1434,1763 1473,1763 1511,1764 1550,1764 1588,1766 1627,1767 1666,1769 1704,1770 1743,1772 1781,1773 1820,1775 1858,1776 1897,1778 1935,1779 1974,1780 2013,1781"/>
                <TextEquiv>
                    <Unicode>Burger diser coplichenn stattkernn</Unicode>
                </TextEquiv>
            </TextLine>
            <TextLine id="r2l18" custom="readingOrder {index:17;}">
                <Coords points="1224,1834 1560,1833 1650,1867 1697,1837 1783,1862 2006,1847 2126,1877 2127,1835 2055,1801 1951,1816 1872,1777 1630,1810 1588,1784 1539,1808 1505,1776 1368,1803 1226,1788"/>
                <Baseline points="1230,1821 1274,1821 1319,1823 1363,1823 1408,1823 1452,1824 1497,1826 1541,1827 1586,1827 1630,1829 1675,1830 1720,1832 1764,1833 1809,1836 1853,1837 1898,1839 1942,1842 1987,1844 2031,1846 2076,1848 2121,1851"/>
                <TextEquiv>
                    <Unicode>f irenn Eydt zu Recht erbegundt vnnd ge¬</Unicode>
                </TextEquiv>
            </TextLine>
            <TextLine id="r2l19" custom="readingOrder {index:18;}">
                <Coords points="1187,1907 1355,1884 1593,1923 1715,1899 2110,1933 2131,1892 1888,1849 1188,1865"/>
                <Baseline points="1194,1886 1240,1886 1287,1886 1333,1886 1380,1886 1426,1886 1473,1887 1519,1888 1566,1889 1612,1890 1659,1892 1705,1893 1752,1896 1798,1898 1845,1899 1891,1901 1938,1904 1984,1905 2031,1907 2077,1910 2124,1913"/>
                <TextEquiv>
                    <Unicode>srochenn, das man inne alls einen</Unicode>
                </TextEquiv>
            </TextLine>
            <TextLine id="r2l20" custom="readingOrder {index:19;}">
                <Coords points="1165,1940 1312,1971 1356,1949 1394,1982 1580,1953 2126,1996 2128,1952 2062,1927 1786,1934 1662,1901 1592,1923 1487,1888 1395,1914 1356,1884 1268,1918 1167,1902"/>
                <Baseline points="1172,1932 1219,1935 1266,1937 1314,1940 1361,1941 1409,1944 1456,1946 1504,1948 1551,1950 1599,1952 1646,1954 1693,1956 1741,1958 1788,1960 1836,1962 1883,1964 1931,1967 1978,1969 2026,1971 2073,1975 2121,1977"/>
                <TextEquiv>
                    <Unicode> unneerlichen lohdtschleher dem nachrichten</Unicode>
                </TextEquiv>
            </TextLine>
            <TextLine id="r2l21" custom="readingOrder {index:20;}">
                <Coords points="1222,2013 1580,2017 1671,2053 1834,2029 1925,2068 2038,2032 2123,2070 2108,1992 1920,2001 1889,1971 1759,1987 1726,1963 1641,1990 1579,1954 1378,1985 1224,1967"/>
                <Baseline points="1229,2000 1273,2001 1317,2003 1362,2004 1406,2006 1451,2007 1495,2009 1540,2010 1584,2012 1629,2013 1673,2015 1717,2017 1762,2019 1806,2021 1851,2024 1895,2025 1940,2028 1984,2030 2029,2031 2073,2033 2118,2036"/>
                <TextEquiv>
                    <Unicode>benelchenn, der inne obenvst uff gwonliche</Unicode>
                </TextEquiv>
            </TextLine>
            <TextLine id="r2l22" custom="readingOrder {index:21;}">
                <Coords points="1219,2083 1316,2066 1406,2113 1455,2077 1759,2083 1883,2131 2028,2097 2080,2136 2149,2128 2152,2062 2024,2047 1970,2073 1833,2029 1694,2061 1608,2021 1453,2054 1417,2023 1349,2044 1222,2015"/>
                <Baseline points="1226,2063 1271,2064 1317,2066 1363,2067 1409,2069 1455,2070 1501,2072 1547,2074 1593,2076 1639,2078 1685,2079 1730,2081 1776,2083 1822,2085 1868,2087 1914,2089 1960,2091 2006,2094 2052,2096 2098,2099 2144,2100"/>
                <TextEquiv>
                    <Unicode>richtstattfürenn annne allda synn haupt</Unicode>
                </TextEquiv>
            </TextLine>
            <TextLine id="r2l23" custom="readingOrder {index:22;}">
                <Coords points="1223,2139 2066,2170 2068,2117 2027,2099 1884,2132 1825,2096 1576,2079 1408,2115 1225,2096"/>
                <Baseline points="1230,2126 1271,2127 1313,2129 1354,2130 1396,2131 1437,2132 1479,2133 1520,2134 1562,2136 1603,2137 1645,2138 1686,2139 1728,2141 1769,2142 1811,2144 1852,2145 1894,2147 1935,2149 1977,2151 2018,2153 2060,2156"/>
                <TextEquiv>
                    <Unicode>abschlachenn, unnd allso mit dem schwerdt</Unicode>
                </TextEquiv>
            </TextLine>
            <TextLine id="r2l24" custom="readingOrder {index:23;}">
                <Coords points="1229,2193 1312,2220 1366,2197 1596,2226 1709,2204 1883,2245 1927,2211 1998,2236 2102,2219 2103,2189 1795,2143 1678,2172 1626,2143 1457,2142 1412,2173 1230,2147"/>
                <Baseline points="1235,2184 1278,2186 1321,2187 1364,2189 1407,2190 1450,2193 1493,2194 1536,2195 1579,2196 1622,2198 1666,2199 1709,2201 1752,2202 1795,2203 1838,2205 1881,2206 1924,2207 1967,2208 2010,2210 2053,2211 2097,2213"/>
                <TextEquiv>
                    <Unicode>an lebenn zum thodt nach keyserlichem</Unicode>
                </TextEquiv>
            </TextLine>
            <TextLine id="r2l25" custom="readingOrder {index:24;}">
                <Coords points="1253,2261 1331,2267 1392,2301 1500,2268 1743,2321 1793,2301 1902,2306 1905,2247 1866,2260 1780,2231 1690,2255 1547,2203 1360,2229 1256,2208"/>
                <Baseline points="1259,2250 1292,2252 1326,2253 1359,2256 1393,2258 1427,2259 1460,2261 1494,2264 1528,2265 1561,2267 1595,2268 1628,2270 1662,2273 1696,2274 1729,2276 1763,2277 1797,2279 1830,2280 1864,2282 1898,2283"/>
                <TextEquiv>
                    <Unicode>echtenn s�lle richtenn sölle</Unicode>
                </TextEquiv>
            </TextLine>
            <TextLine id="r2l26" custom="readingOrder {index:25;}">
                <Coords points="1241,2406 1299,2398 1328,2422 1362,2397 1442,2418 1538,2407 1601,2433 1657,2403 1700,2423 1860,2413 1862,2369 1766,2378 1623,2316 1556,2336 1377,2315 1334,2286 1245,2300"/>
                <Baseline points="1248,2373 1278,2377 1308,2380 1338,2383 1369,2384 1399,2387 1429,2388 1460,2390 1490,2391 1520,2393 1551,2394 1581,2396 1611,2396 1641,2397 1672,2398 1702,2399 1732,2399 1763,2400 1793,2401 1823,2402 1854,2403"/>
                <TextEquiv>
                    <Unicode> Zinstag den 12 januarii</Unicode>
                </TextEquiv>
            </TextLine>
            <TextLine id="r2l27" custom="readingOrder {index:26;}">
                <Coords points="1232,2441 1325,2472 1401,2443 1437,2473 1794,2457 1822,2483 1883,2474 1885,2440 1768,2440 1649,2405 1600,2434 1549,2408 1495,2427 1363,2397 1327,2422 1234,2395"/>
                <Baseline points="1239,2432 1270,2435 1302,2438 1334,2440 1366,2443 1398,2444 1430,2445 1462,2447 1494,2448 1526,2449 1558,2450 1589,2451 1621,2452 1653,2453 1685,2454 1717,2456 1749,2459 1781,2460 1813,2462 1845,2466 1877,2469"/>
                <TextEquiv>
                    <Unicode>st disere urtheyl an bemeltem</Unicode>
                </TextEquiv>
            </TextLine>
            <TextLine id="r2l28" custom="readingOrder {index:27;} person {offset:0; length:13;}">
                <Coords points="1223,2484 1356,2508 1462,2499 1503,2535 1632,2520 1730,2541 1826,2521 1828,2485 1794,2457 1768,2478 1635,2465 1588,2481 1535,2463 1437,2473 1398,2443 1294,2469 1259,2434 1225,2440"/>
                <Baseline points="1229,2487 1258,2488 1288,2490 1317,2491 1347,2493 1376,2493 1406,2495 1435,2496 1465,2497 1494,2499 1524,2500 1554,2501 1583,2503 1613,2505 1642,2507 1672,2508 1701,2510 1731,2513 1760,2514 1790,2517 1820,2520"/>
                <TextEquiv>
                    <Unicode>Marti Straunn volzogen und</Unicode>
                </TextEquiv>
            </TextLine>
            <TextLine id="r2l29" custom="readingOrder {index:28;}">
                <Coords points="1255,2570 1339,2583 1363,2566 1452,2598 1677,2571 1743,2599 1777,2590 1780,2528 1758,2523 1732,2541 1632,2520 1479,2535 1424,2506 1394,2521 1372,2497 1345,2517 1320,2497 1259,2496"/>
                <Baseline points="1262,2541 1287,2543 1313,2544 1338,2546 1364,2549 1389,2550 1415,2552 1440,2552 1466,2553 1491,2555 1517,2556 1542,2557 1568,2559 1593,2560 1619,2561 1644,2563 1670,2564 1695,2566 1721,2568 1746,2570 1772,2573"/>
                <TextEquiv>
                    <Unicode>erstocket wordenn.</Unicode>
                </TextEquiv>
            </TextLine>
            <TextLine id="r2l30" custom="readingOrder {index:29;} person {offset:0; length:11;}">
                <Coords points="1340,2798 1542,2843 1675,2812 1761,2858 1824,2814 1988,2849 1992,2731 1970,2723 1789,2765 1680,2714 1589,2742 1531,2716 1396,2770 1343,2727"/>
                <Baseline points="1346,2796 1377,2798 1409,2799 1441,2801 1473,2802 1505,2804 1537,2804 1568,2804 1600,2805 1632,2805 1664,2805 1696,2805 1728,2807 1760,2807 1791,2808 1823,2810 1855,2812 1887,2814 1919,2817 1951,2820 1983,2825"/>
                <TextEquiv>
                    <Unicode>greth Jouli.</Unicode>
                </TextEquiv>
            </TextLine>
            <TextLine id="r2l31" custom="readingOrder {index:30;} place {offset:4; length:15;}">
                <Coords points="1163,2874 1369,2916 1673,2896 1747,2932 1801,2900 1882,2944 2054,2920 2047,2849 1960,2893 1721,2841 1648,2875 1426,2858 1302,2806 1244,2848 1166,2805"/>
                <Baseline points="1169,2874 1215,2877 1261,2880 1307,2883 1354,2885 1400,2888 1446,2890 1492,2891 1539,2894 1585,2895 1631,2897 1677,2899 1724,2901 1770,2903 1816,2904 1862,2907 1909,2909 1955,2912 2001,2915 2048,2919"/>
                <TextEquiv>
                    <Unicode>den Schwartzennburg ist whegenn sy</Unicode>
                </TextEquiv>
            </TextLine>
            <TextLine id="r2l32" custom="readingOrder {index:31;} person {offset:13; length:22;}">
                <Coords points="1175,2926 1229,2957 1457,2933 1512,2966 1662,2944 2034,2977 2036,2922 2002,2914 1877,2941 1804,2902 1723,2932 1675,2896 1615,2924 1177,2890"/>
                <Baseline points="1182,2921 1224,2925 1266,2929 1308,2931 1351,2935 1393,2937 1435,2939 1478,2941 1520,2943 1562,2943 1605,2945 1647,2946 1689,2948 1731,2949 1774,2950 1816,2952 1858,2954 1901,2955 1943,2957 1985,2960 2028,2963"/>
                <TextEquiv>
                    <Unicode>deß Dridtenn Thallers Annredt wundt</Unicode>
                </TextEquiv>
            </TextLine>
            <TextLine id="r2l33" custom="readingOrder {index:32;}">
                <Coords points="1169,2975 1254,3007 1402,2986 1699,3017 1758,2991 2024,3022 2058,2968 1887,2953 1826,2978 1662,2944 1520,2971 1458,2933 1407,2968 1170,2933"/>
                <Baseline points="1175,2970 1218,2975 1262,2980 1306,2984 1350,2987 1394,2990 1437,2991 1481,2993 1525,2994 1569,2994 1613,2996 1656,2996 1700,2996 1744,2996 1788,2997 1832,2997 1875,2997 1919,2999 1963,3000 2007,3002 2051,3003"/>
                <TextEquiv>
                    <Unicode>bekandtlichn wordenn, mit dem sydt luth</Unicode>
                </TextEquiv>
            </TextLine>
            <TextLine id="r2l34" custom="readingOrder {index:33;}">
                <Coords points="1174,3048 1267,3031 1352,3064 1394,3038 1457,3072 1533,3046 1685,3074 1736,3046 1862,3051 1931,3089 2007,3059 2008,3017 1917,3033 1778,3000 1527,3027 1398,2985 1336,3012 1177,2974"/>
                <Baseline points="1181,3021 1224,3026 1267,3031 1310,3034 1353,3037 1396,3039 1439,3041 1482,3042 1525,3042 1568,3043 1612,3044 1655,3044 1698,3045 1741,3047 1784,3048 1827,3050 1870,3053 1913,3057 1956,3060 2000,3066"/>
                <TextEquiv>
                    <Unicode>der Satzsung vonn mnner g ls u gepet</Unicode>
                </TextEquiv>
            </TextLine>
            <TextLine id="r2l35" custom="readingOrder {index:34;}">
                <Coords points="1176,3083 1544,3131 1666,3090 1729,3121 1829,3104 2069,3135 2071,3072 1978,3060 1923,3085 1863,3051 1637,3077 1564,3053 1458,3073 1395,3038 1355,3067 1325,3037 1177,3052"/>
                <Baseline points="1182,3077 1226,3080 1270,3083 1314,3086 1358,3089 1402,3090 1446,3092 1490,3093 1534,3094 1578,3095 1623,3096 1667,3097 1711,3098 1755,3098 1799,3099 1843,3099 1887,3101 1931,3101 1975,3102 2019,3104 2064,3105"/>
                <TextEquiv>
                    <Unicode>unnd landen verwisenn, Astum debr junii</Unicode>
                </TextEquiv>
            </TextLine>
            <TextLine id="r2l36" custom="readingOrder {index:35;}">
                <Coords points="1188,3152 1214,3150 1279,3188 1378,3157 1415,3169 1471,3151 1508,3174 1579,3182 1582,3102 1545,3129 1471,3121 1449,3102 1395,3125 1290,3080 1257,3094 1191,3088"/>
                <Baseline points="1194,3140 1219,3138 1244,3137 1270,3137 1295,3138 1321,3139 1346,3140 1371,3142 1397,3144 1422,3146 1448,3148 1473,3149 1498,3149 1524,3150 1549,3149 1575,3147"/>
                <TextEquiv>
                    <Unicode>18b x ing s</Unicode>
                </TextEquiv>
            </TextLine>
            <TextEquiv>
                <Unicode>3
wordenn habennt sich (nach verhörung
ufgenommer kundtschafft uff die dryßig großer
und fürnemmer winen soer uff dem haupt
nd an dem Lyb, vnnd zu dennselben, Einn
slich funder rechtenn sythenn unnd einer
binden im knnckempfangen an jmme
gommen.
befunder junmaßen unnd dergstalldt, das
er inn vierstunden (nach beschechner chadt
ist zu Bollethurnn synn lebenneundenn
müstenn
fsolliche synn des gedachten Martti Stranws
isthanndtlung, unnd verupte unnbarin,
jertzigkeydt habemnt hochgenamptman
nedig Herrenn schultheyß Rhädt unnd
Burger diser coplichenn stattkernn
f irenn Eydt zu Recht erbegundt vnnd ge¬
srochenn, das man inne alls einen
 unneerlichen lohdtschleher dem nachrichten
benelchenn, der inne obenvst uff gwonliche
richtstattfürenn annne allda synn haupt
abschlachenn, unnd allso mit dem schwerdt
an lebenn zum thodt nach keyserlichem
echtenn s�lle richtenn sölle
 Zinstag den 12 januarii
st disere urtheyl an bemeltem
Marti Straunn volzogen und
erstocket wordenn.
greth Jouli.
den Schwartzennburg ist whegenn sy
deß Dridtenn Thallers Annredt wundt
bekandtlichn wordenn, mit dem sydt luth
der Satzsung vonn mnner g ls u gepet
unnd landen verwisenn, Astum debr junii
18b x ing s</Unicode>
            </TextEquiv>
        </TextRegion>
    </Page>
</PcGts>
