3024 4032
141 3401 267 3474 degelle
234 669 322 754 d
473 794 1057 925 schon
487 873 608 935 4
323 893 1125 1047 Vff Mirwuchen den 2r Ortobris
320 1003 1154 1102 dis hinfliesenden 1605 fans inn by
326 1044 1179 1176 Wesen annhören, vnnd gegenwurttigkenn,
286 1092 1188 1222 Der frommen fürnemmen ersammen unnd
306 1152 1179 1265 Wysen Heüren Jacob Tilliers des roht
343 1217 1151 1322 Frantz kupfers der Burgeren sandt
329 1266 1189 1389 Tarmlers Großweybels sampt etlichen
360 1328 1193 1468 Weyblen mynen gl herren vnnd Oberen
318 1417 1160 1545 Hatgegenwierttiget BeadiGchoub
371 1503 1181 1602 hann Wylard unnherr Marsee pürti
371 1565 1159 1664 hernachgeschribne begangne mißhand¬
366 1613 1152 1731 lungen zu Marzili bekenndt, verzechen.
375 1675 1114 1773 vnnd mit der marten bestetireth
312 1745 1153 1887 Erstlichen, sohabe es mit hilff eines synes
344 1850 1178 1935 gsellen angfar vor einem har, dem wurth
351 1893 1188 1987 zum schnsel allhie us der hinderen stuben
297 1953 1170 2043 daselbst us einem trögli, welches sy affen
354 1995 1177 2082 befunden Inn einem Eiderinen Seckell
337 2064 1167 2146 veronen genommen. Dauon ime nach
331 2113 1179 2216 dem sy sölches getheilt, sechs eronen worden
298 2176 1122 2265 Dieser hin unnd wider in den wirths-
339 2226 1125 2330 Hüseren verthruncken verspilt unnd
349 2301 686 2376 erthan habe tc.
357 2342 989 2430 hat disem ortickell zleiderrafft etc.
294 2378 1155 2483 Denne habe er Vnnheerbig thuen, das erb
328 2449 1155 2530 imme unnbekandt ein aldt hembd ent¬
331 2512 576 2605 frömbdeth
307 2551 1109 2652 ye ahr, vnnd habe er solches verbrachtet.
271 2604 1124 2693 Irtem iin Hibennthal ein wülli pat
303 2631 1165 2765 hosen, so er hernach an synem ryb verschlißen
335 2710 1142 2813 ampt einem schlechten wambsel gestolen,
344 2786 665 2862 solliches vergeinet.
294 2793 1147 2901 Damit zu Brunenmatt by Humiswallt
227 2869 1158 2987 Batt den uheünsteren zwey Hembdli gendent
226 2908 1131 3051 Davon eins umb vier batzen verkaufftd
294 2971 1152 3108 kunder gegen synem antragenden mit ob
226 3055 1042 3196 nach gemeltten, sechsbatzen vertüischet,
341 3145 511 3201 dye sahr
297 3102 1158 3254 Werners das altte annthragende mit gen
289 3178 1130 3326 zemelden) par schuw uff dem lengenbekh
297 3290 518 3400 gestalen,
291 3307 1074 3445 Nit b absyn können.
1212 2108 1287 2187 haben
1220 1210 1310 1287 eer
2025 683 2085 727 28
1305 706 2256 900 Unnherr Fryburg ein schwartz uchin wambselt
1324 788 2263 939 intfromkdeth, dahar er gfengelich ynnzogenn jedoch
1328 848 2186 984 unnd widerumb ledig gelaßen wordenn.
1312 911 1801 1015 söllichen erhalten und bebenden
1320 926 2148 1067 drnners einem ab dem lengenberg us dem
1301 990 2192 1131 Schoppen, Sechs batzen enntzuckt, vnnd die¬
1333 1060 2192 1180 aben gewen synem antragennden hembd
1329 1119 2007 1229 ei gethroffnem tüsch nachgeben.
1336 1197 1632 1275 ychsshall befendt.
1299 1203 2201 1342 Semnach so habe er zu Willosauw Lueernen
1308 1274 2213 1418 gepietts mit hilff zweyer syner gsellen us dem
1297 1338 2223 1453 gauo pürttig einem priester us der stuben
1317 1402 2094 1513 sechszechenn eronen, sampt etlichen meh
1294 1470 2255 1570 fleideren genommen, dauon imme zu synem theyln
1282 1529 2154 1638 siben unnd einhalbe frouen, die er mithin
1327 1595 1791 1685 nzeerdt verlaunget
1304 1654 1731 1744 habe Ime vinrecht gethann,
1282 1648 2259 1784 Istem glych abennthalb zignome allda dien huser
1293 1743 2147 1842 dero namen imme unbewust Als er ein
1299 1813 2152 1905 hanntwerchs gsellen anntraffen halent s
1301 1869 2160 1972 daselbst us einem thrag vier onratten dey
1303 1924 2229 2028 oder vier hilber wohnen unnd etlich fraucken
1325 1996 2115 2106 Inn den zum sechzechen frouen gethan
2057 2071 2200 2117 wordenn.
1320 2061 2229 2182 ntzuckt, dauon imne zechen eronen verlanget
1320 2127 1715 2195 gglych ime venrecht gethane.
1296 2141 2160 2256 mit an etlichen vnnderschidenlichen orthenn,
1295 2210 2212 2325 alls niemandts anheimbßch gsin des narung
1298 2282 2029 2385 unnd sys unnbefragt zugriffenn
1288 2353 2165 2468 Wythers zu Höchstetten ab einem hun ein
1246 2433 2205 2524 Wyberhembd benommen. vnd sölliches vmb
1296 2485 1758 2597 dunff batzen verkaufft
1256 2536 2166 2647 Im eggenwyl us einer stulen ein wüllin
1292 2624 2217 2722 ar hosen ein hembdli sampt einem erust
1295 2685 2214 2778 euch entzuekt, die hosen verschlißen unnd das
1279 2742 2225 2838 Brihttuch zu Burgdorff umb funff erützet
1269 2795 1922 2884 verkoufftdennselben widerrüfft
1289 2860 2220 2965 Item unuheer Burgdorff ein zwilchen parhoßen
1285 2923 1465 3010 gestohlen
1230 2972 2207 3089 Letstlichen so sye ein murer, so imme untzit dahin
1272 3046 2147 3120 unnbekandtosin, in dem jenigen soyder zu
1278 3100 2214 3197 Balm, darab yergriffen worden, der dan vnnbe¬
1298 3155 2129 3256 glaßen gsin. Anfengklich gangen, Vnd etliche
1282 3217 2171 3304 leyder darus thragen wellen, darab shalen
1276 3266 2197 3370 versagt, das inen allso mitzit danon worden.
1274 3350 2169 3480 ber disere artickell hat er sich nüzit endtn glg.
