3024 4032
573 762 1235 949 Alsfen Sinis
402 838 1237 1022 ff 30. etoors 1605 Jaro ist
422 938 1274 1084 Stefftin demn uf dem sibernthall weie
433 991 1265 1133 beganngnen Dritenn pfällers der Endt
428 1031 1287 1184 vonn iiner g h. Stettenn Lannden vn
416 1104 1281 1255 gerietenn lach der satzung geben worden
1503 698 2005 893 obet 10 ß
1371 848 2261 1036 fmontag den pin Ditobris dis
1421 944 2284 1101 1605 Jars Inn bywesen annhören vnnd
1433 1013 2199 1185 gegenwurterokein, der frommen
1417 1062 2386 1210 fürnemmen ersamen Wysen herren Kilmen
1413 1154 2214 1285 Im Hag des Rahts, Sammel Rohns der
1418 1216 2364 1341 Bureeren Baundt Escharners Großweikels
1441 1307 2301 1406 ampt etlichen weyblen myner gn heiren.
1452 1368 2316 1473 unnd aberen ist Elßbeth Jaß zu Birei,
1442 1424 2358 1545 tarff Hanns Graffen des keglens seligen
1461 1492 2337 1616 erlaßne Zürich gepiets purttig so sich nun
1439 1562 2349 1681 ein syth dazar allhie ennthaltten, Ires vppi¬
1433 1650 2337 1747 getz wesens vnnd trunckenheit halben, auch
1465 1709 2325 1814 so sy sölliches bekamme examiniert unnd
1436 1781 2077 1883 hieriker befragt wohiden.
1392 1855 2323 2002 Die hat bekenndt Namblich wie das ein
1440 1963 2295 2078 eber Meaßnus genampt, welcher
1442 2035 2351 2145 ellieger zoth dheinfrouwen gezept vnd
1427 2085 2387 2206 zu Kechnenriedt wonende Durch half
1427 2164 2390 2279 vnnd vnlasemet alwen depsperson
1427 2222 2370 2337 welche sydan zu diser sach bekerdt) mit
1440 2302 2383 2445 ermeltem Mooßzurst sh synem hus uppt
1416 2353 2306 2508 get wercken halb zuschaffen behept.
1423 2451 2365 2603 unnd als sy nachwerdts uff einem hoff
1410 2537 2259 2672 allda bemelts moßDursten son salber
1424 2603 2330 2738 gedienet. ir herberg haben wellen der
1401 2657 2374 2812 selbig sya domalen glychergstalt beschlaffen.
1413 2757 1570 2853 habe
1385 2816 2230 2929 Hernachwerdts aber habe sy dhein
1379 2896 2365 3010 Wyshere gmeinschafft, weder mit vatter
1421 2978 2312 3105 noch dem Son. Als sy deselben Innen.
1364 3060 2306 3182 Wohrden nit gehept, auch nit gewüst
