3024 4032
142 915 294 1035 kender
312 1025 376 1134 2
370 648 1218 863 eine zu Pffauwen ab Murtten vs einen
377 729 1184 882 rycher etlicher bleiden sampt annderen
372 791 1203 941 zug verunnthrüwet, davom ines
369 857 1218 1004 gfelleeen drüvembder verblibenn, die er verkaufft
359 906 1212 1060 Wythers zu Baggwyl habnit sy us seinem
351 959 1208 1145 heycher glichergstallte vnnd andert sache
382 1040 742 1132 verunthrüwet.
353 1127 1230 1317 Verners hat er ouch verzeihen, das sy
358 1201 1122 1349 Steffißburg zwen spicher geöffneth
361 1265 1180 1402 uß wellichen seten Lleider, Anlachen
347 1337 1179 1468 unnd Zembdli von söllichem ihme verkatzen
350 1404 1205 1535 als sy daselbig verkaufft in gelt worden.
368 1481 1092 1614 ampt. 3 hemblenen verlangeth,
321 1578 1109 1704 Irem zu kiltdorff us einem kellen
347 1662 966 1771 etassche spyßent frömbdeth.
323 1768 1166 1904 demnachzu Affoldteren glychermahen.
335 1843 1012 1957 etwas ässigerspyß enthuckt
275 1932 1183 2056 Wyther zu Kilchberg habe es mit anderen
335 2019 1123 2119 shnen gsellen us einem spycher Fleider
342 2111 1159 2199 ampt etlichem gelt. vol wellichem Ihme
335 2146 1129 2264 by funft en angfarlichen Ihn mint
293 2228 1183 2327 zu synem theyl worden, veruntheüdeth
259 2344 1188 2459 Dannothin habennt sy zu Erlach den siechen
1098 2448 1195 2526 halte
276 2428 1091 2538 Stack pröffnetz. It well ich ei sy
292 2504 714 2616 Katzengefunden,
297 2572 1159 2690 Denne hale er und syne mithaften zu
267 2658 1078 2772 Rüffenacht sechs hembder gestolen.
955 2711 1163 2809 Habiesi
273 2752 1180 2867 Item dem müller zu Capsingen essenen
962 2834 1086 2888 etlich
436 2842 722 2902 dry sopstuchen
300 2843 1180 2967 spycher Wybereck und eynladhen
300 2905 1159 3021 veauntheüwet, welliche sine gsellen zur
316 2954 1176 3078 sandt gemannen und ime by 3 oder vier batz ehendtig
284 3027 1172 3140 Rytherhe dumligen, habent sy ussei
244 3079 1161 3209 Keller Brath Käst unnd andere äßig
268 3171 693 3296 hags entzuckt
1344 660 2259 861 ernershabent sy zuhörbrunnes glc
1353 754 2297 937 ergstallt ussneinein feller etwas assiger spyß
1365 875 1668 993 eintframbdet
1360 896 2280 1062 denne zu etzingen habent sy Michel Sterler.
1354 962 2175 1131 uß einem spechet bey den hundert Trofen
1367 1051 2300 1189 grobe unnd gundermunt gsin verunthrin
1358 1122 2180 1253 et davon ihme xv freuen wohrden
1350 1190 2256 1318 von wollichem er synes mutter by
1374 1250 2281 1402 in heineth gethragen. Zu dem auch darus
1220 1313 1327 1411 Jihr
1338 1340 1869 1449 Itlicht kleyden gestohlen,
1369 1401 2289 1474 bsy ime der landtman unnder ongen gestelt worden unnd darumb
1367 1440 2093 1512 nützit weügen wellen, hafter sich degelbe ouch endtzogen
1309 1447 2227 1560 Item zu wogb uß einem feller eynwadt
1351 1504 2128 1618 und etwas fleydenenaentzuckt
1327 1600 2226 1720 Wyshes zu Ruffenacht habent sy us einem
1462 1681 1739 1744 zween ußtuchen
1354 1685 2200 1778 eyche Wyber Fleyder Neuvn¬
1343 1766 1618 1871 Grüweth etc.
1247 1844 2269 1973 Detstlichen hater bekhenndt, das er zu Fill¬
1338 1932 2290 2053 bringen us einem spyder mit hilff yuergsellen
1217 2001 2165 2107 estuchig im Wyberräck sampt einem schürletz par
1295 2059 2210 2190 Ittmell, entframdt vnd gestolth habe etc.
1305 2154 1703 2279 Bitzet umb gnadt
1299 2233 2193 2382 Ist erstlich kähr demnach zum dritteimal
1348 2315 2180 2463 mit dem kleinstensteyn ufzogen wohnden
1289 2390 2222 2530 oich dem vr. Gn geuallenn Hr Binrens Holter
1331 2468 2243 2580 vereers anzebetelchenn, die thärmngen zwenn vonn
1318 2507 2256 2629 erlach, wie ouch dem driten von Arberg alhar gebrachten
1329 2556 2204 2662 gfangnenn, Wyll etwas lychtwertigkeyt an jenen
1317 2610 2222 2699 gesenrt wordenn, mit der marter unnd Tortür Wyters
1306 2648 2240 2750 befechtenn unnd durch solch mittel die warheyt von inen
1331 2695 2274 2800 oshebringen, Wellicher Beuelch dan Abgeflognem Samb¬
1334 2751 2186 2838 stags inn execution gestelt worden, Hat allso
1297 2780 2213 2875 Erstlichen petern meer uß der amptigung neileis,
1331 2833 2238 2919 an synem zuvorbekandteen artickun nitzit geenderet.
1328 2888 2251 2980 arzu noch davon gethann, danebenn Aber vertruckenlich
1331 2922 2263 3024 protestiert, das er Michell Stetler zu Btzigen ungeacht
1325 2963 2206 3062 gr Stetler nützit darumb deü will) mit hilff eyer
1319 3017 2211 3099 syeiner gsellen Gbadi Hanns und michell uß synem
1289 3046 2214 3139 pycher weinder dem hess so ob dem tag stadt wan man
1313 3103 2190 3189 In das Boll zugadt verscheinen sammers inn der aredt
1298 3143 2221 3229 uß einei trogbe 100 cionen inn diekpferning mönd
1314 3189 2215 3270 und anderem verunthrudert, daselbig vollgendts zwüschen
1306 3228 2190 3320 verhingen unn lotzigen by dem mannschyn getheölt, wori
1305 3264 2225 3357 vellichem Ine 25 t woren syenn Bekenne den Landtman
1310 3318 2194 3400 vnnd er Inne ouch wolle wolte Inne voll vnnderrchten,
1301 3373 1767 3456 3 er sich Er Inneren werde.
1277 3368 2220 3488 edrst Erstlich mit dem kleyesten, Dermach zum nderen
1318 3450 2181 3536 moll mit dem mitlestern unnd zum dien mal mit
1312 3487 2100 3592 dem grostenn in eynen) uoffzogen vordenn es.
