3024 4032
570 727 1325 922 Wyngarten, allie gedienet, habe er
541 821 1276 949 demselben zwo wagen bettenen
583 871 1296 996 entfrömbdet, die eine Lienhart
577 923 1332 1059 Steinbrecher umb 28 batzen unnd die
586 987 1376 1144 andere einem landtman umb zwas.
581 1034 1346 1176 eronnen verkhoufft, mit faltschem fürgeben.
543 1090 1344 1242 das Im dieselben an entschuild worden
585 1165 773 1255 yen
551 1230 1360 1394 umb als inne vermelts fr Geörg von
511 1333 1347 1439 Wyngartens hhußfrouw mit einem
510 1386 1360 1496 Dotzenhanen, dieselben iren schwägeren
569 1441 1341 1543 alliee zuzebringen, allar geschickt
575 1503 1356 1610 habe er derselben eben vier vertheylt
537 1556 1332 1646 die vberigen acht einer frouwen
566 1615 1318 1696 von Biell vmb. 7 batzen verhonfft
448 1673 1172 1772 Vnnd das gelt vertruncken
503 1796 1327 1900 Veertiers sye er us böster aufächtung
537 1879 1351 1975 unnd begirdt, Nsehmen Jars, alhie Inn
446 1932 1339 2028 Der statt dahin verhaten unnd habe an
524 1989 1332 2087 der anckenwag ein lasten, darin by
542 2048 1280 2139 zweyen zeutneren täsen gsiin
516 2101 1371 2180 durch einen Schloser gsellen offnen lasen,
509 2161 1340 2254 mit furgeben das dieselben syn
544 2219 1367 2318 vnndter den Schlustel darzu verloren habe
526 2285 1368 2391 Siemit solche fagen ußt großer fraffenheit
542 2348 1344 2438 einem anderen gestollen, dieselben
550 2405 1365 2482 offenntlich funder statt ußrüeffen lasen.
536 2468 1325 2570 unnd darin by 12 pfundtpf erlägt
513 2524 1094 2634 vnnd solches gelt Gethan.
1020 2638 1086 2709 6
458 2667 1317 2781 Dieruf sye er zu signouw gfencklich
455 2741 1323 2862 ynzogen unnd daselbst etlich taglang
431 2806 1294 2902 enthalten worden, Hernach aber
506 2851 1304 2962 habe er sich durch etliche mitell
460 2896 1329 3018 derselben gfangenschafft entlediget,
459 2989 1079 3105 unnd ußdero gebrochen
1617 795 2425 919 Weishen so habe er dem hußwirt
1608 871 2438 974 zum Eeblüchen allie für einen anderen
1626 917 2436 1026 inßanm gelts ze bezallen versprochen
1614 963 2450 1058 als aber dasselbig uf zil unnd tag, imme
1612 1019 2339 1124 ze bezallen unnüglich fürgfallen
1593 1061 2508 1161 derowegen habe inne vermelterhußwirt
1614 1109 2472 1208 mit dem rechten sowylh genothet, vnnd ge¬
1615 1166 2457 1258 triben, inmassen er ußclagt worden
1614 1222 2404 1320 unnd imme darnach der eyd für das
1587 1260 2437 1363 Bürgeren zil usgeben worden sye uber
1603 1307 2486 1419 vellchen gethanen eyd sye er aber us Chorheit
1512 1374 2525 1487 widerumb hinm getretten unnd also denselben
1483 1436 2326 1547 Obesechen, vnnd meyneydig worden
1679 1658 2541 1790 Diser Hanns Shnyder hst zinstar
1715 1747 2497 1840 16oo560 fürrecht gestelt
1673 1798 2496 1891 jedoch vonn syner fugendt wegen uff
1715 1849 2472 1959 vorhaffte Begerung widerumb letig
1726 1904 2482 2015 gelaenn. alt rudten vgestrichenn,
1685 1952 2431 2064 unnd gezeichnet wadenn e
