3024 4032
415 637 1300 841 frömbdet dauon jmme der jenig so hinder
439 726 1298 896 jmme fruden worden zu synem Beyl ver¬
421 798 1270 943 langet auch daselbst ein schürlitz par
403 863 1317 1024 ermel genommen welche syn gsell syner dirne
443 930 1312 1087 geben habe das allso jmme nützit dauon
435 992 619 1074 wohrden
387 1047 1302 1190 denne jm Kestenholtz Sollothurner gepiets
430 1112 1320 1275 uss eines lanndtmansstuben ein par hosen
433 1196 1085 1302 sampt einem huott entzuckt
373 1267 1256 1364 Verners habe er zu Egkerkingen auch
430 1338 1280 1438 Sollethurner gepiets mit hilff synes
460 1397 1313 1514 gsellen ein par zwilch hofen ein wyber¬
210 1439 410 1555 göller
457 1454 1324 1576 rock sampt etlichen wyber tüchlin gestolen
452 1532 1319 1644 dasselbig sye jnen Aber zuo Boningen wide¬
443 1592 1166 1698 rumb abgejagt worden ein buoschü
427 1650 1285 1747 wythers zuo Liechsteldt etliche federen vnd
448 1718 1211 1824 ein stückli schürlitz emntfrömbdeth
415 1802 1276 1921 denne zuo Basell habent sy zwey par
451 1880 1321 1986 messer sampt einem stuck grunen schürlitz
442 1948 1303 2063 genommen wellichen schürlitzer zuo synem
454 2009 1077 2125 theyl synem gsellen verschenckt
469 2097 1325 2198 vnnd alls sy zuo Zurzach am märith auch sich
439 2161 1319 2252 findes lassen habe er daselbst mit hilff
435 2224 1299 2324 synes gsellen zwen höche hütt ein über¬
446 2281 1312 2404 gultt huottzeichen item fünff messer des
433 2343 1282 2441 krämeren entzuckt denne habent syne
440 2405 1286 2536 Consorten daselbst auch ein manttell
450 2457 1325 2577 ein weher vnnd ein beschlagen bsteckhen
450 2534 1306 2630 messer (die sy hernach umb dry silber
443 2613 1268 2711 cronen verkoufft) entragen von wellichen
433 2660 1266 2775 dryen stucken sye jmme aber nützit
422 2755 628 2841 worden
400 2781 1258 2920 denne hab er einen unner Zurzach
460 2815 1318 2973 einem Tröscher uss dem Tschoppen fünf krütz
454 2897 1298 3012 er enntfrömbdeth item in einem dorff by
446 2925 1324 3087 Zurzach ein horz huoth unnd ein linlachen gestohlen
430 2981 1320 3123 Item by Willisouue uff einem hoff ziren dy
443 3038 1332 3199 ysinweggen die er hernach verkoufft unnd
338 3137 1154 3281 danzuo 14 crützer genommen
377 3216 1329 3378 zuo Hertzogenn Buchsi by einer stuben ein
445 3259 1321 3420 rodt sy dinn hosennbennder 1 wyberhemb vnnd
417 3362 945 3483 ein tuechli endtzuckt
384 3358 1318 3528 Denne zuo Oberbuchsi 1 par wyberstiffellte
438 3413 1336 3571 zuo Niderbuchsi 1 hochenn huoth unnd ein stil
418 3535 899 3655 fhall verunthrüwet
1455 688 2347 828 Verners habe er zuo Zoffingen ein hochen huott
1426 755 2315 909 (unnd reuerenter zemelden) ein par schuo
1471 815 2387 935 entzuckt unnd habe daselbst auch syner gsellen
1472 893 2278 1005 einen fin manttel vnd darzu 23 ellen
1454 950 2374 1067 doppeldaffet vestolen gestolen vom manttel
1460 1011 2278 1157 imme nützit von dem daffeth aber zuo
1448 1097 2183 1214 zweyen hosenbennderen vohrden
1425 1166 2301 1287 Dessglychenn uff einem pfingstmärith mit
1452 1234 2359 1351 hilff eines synes gsellens etliche stuck daffeth
1466 1300 2302 1407 gestolen sölliche unnder beth verborgen
1459 1380 2367 1464 die syennt jnen aber hernach widerumb ab¬
1468 1451 1774 1553 gejagt worden
1957 1484 2064 1547 zwey
1450 1500 2349 1608 denne vnuere Zoffingen drü manshembden
1464 1574 1675 1657 erwüteht
1463 1614 2411 1720 dannathin uff einem märittstag zu Langenthal
1818 1687 2401 1775 ein Rapp wuli vnnd etlichen
1322 1701 1462 1756 da er der ein
1441 1693 2252 1803 habe er zwen hueth welches syn gsellen behalten
1327 1764 1466 1800 verpfenning
1325 1766 2410 1843 und umb schwartzen schürlitz und unnere davon einem
1324 1821 1462 1858 uffbän von
1320 1818 2418 1931 gufft item Tröscher uss synem tschoppen 3 batzen helffen
1460 1888 1789 1976 verunthrüwen
1728 1951 1778 2013 by
1426 1961 2353 2071 dessglychenn Langenthal ein par stiffel
1452 2025 2305 2103 so er zuo Bonnigen umb ein crütz dickenn
1483 2086 1921 2169 verkoufft genommen
1683 2145 1918 2209 (mit guonst zemelden
1470 2150 2332 2243 zu Thunstetten ein par schuo so er umb
1478 2208 2309 2326 fünff batzen dessglychen ein par stifell
1479 2278 2390 2396 umb 10 batzen zu Bonnigen verkoufft denne
1334 2288 1432 2378 alt par
1468 2354 1682 2422 genommen
1329 2366 1443 2425 kilchin s
1475 2402 2415 2512 Wythers habent sy zuo Riedtwyl einer trunck¬
1685 2468 1954 2531 an einem hochzyth
1354 2481 2399 2586 nen mansperson als er geschlaffen fünff gulden
1477 2536 2408 2661 vnnd sechszechen batzen vs dem Busen gestolen
1449 2624 2305 2721 denne so hab er zuo Buorgdorff uss einem
1460 2680 2375 2779 krämerladen etliche sydig schnür ein hochen
1456 2742 2369 2850 huott Wie glych ouch Siben erützen Iogellte
1465 2808 1791 2904 entfrömbdet.
1463 2884 2356 2999 escglychen zu Burgdorff ein Ringshefftli
1469 2966 2302 3053 so es umbfunff batzen verkoufft und ein
1470 3016 2359 3115 Vylerhug. der Imne Abes widerūmb
1469 3075 2131 3188 abegezagt worden,gestohlen.
