3024 4032
961 900 1416 1096 in
720 963 1375 1125 Widtwuuger den letsten tags
592 1010 1427 1266 desnterun igni
601 1120 1427 1300 benden bot dars Ium bywäs
624 1183 1432 1357 seigenwürtigkeit der fromesthen
623 1250 1443 1426 nuesten Ersammen vnd wysen Hrn
595 1307 1429 1464 Feromino Stettler des Rhats, Hannss
595 1384 1437 1518 Büren Linnigers Hans Rudohts
619 1430 1428 1566 gers Großweibechs, sampt ethlichen
604 1494 1433 1627 Weiblen mihner gnedigen herren vnd
556 1547 897 1646 Beren.
571 1751 1433 1872 Hatt (gägenwürtige) Margrethwha
613 1815 1418 1935 Lim von Vilbringen der kilthog va
508 1873 1421 1985 einig nachmolgende durch syn leiden begange
590 1938 1394 2032 hoche, vnd schwere mißhandlungen
578 1995 1166 2093 zu Marzilli
1169 2002 1425 2097 anzeigt bekent.
576 2061 1387 2158 unnd vollgendts mit der
602 2109 1087 2203 sardter bestädtiget etc.
629 2217 1333 2327 Alulichei und deß Ersten
1333 2216 1395 2303 des
641 2285 1411 2381 sich hienow in zyt hrey hugendt, got
560 2334 1408 2446 gsatz und christenlicher oberkeiten keste
574 2403 1416 2473 geordneten mandaten und sahzwigem
571 2440 1401 2546 zu wider so hoch vergäsenn und sich der
566 2484 1402 2590 Uppigen harey angenamen und bemassetn
544 2533 1398 2673 hergstalt, das sy by zweyen und ersyiten
506 2588 1405 2709 lichen mans personen uferthalb der sa
553 2687 983 2779 kinder erzüget etc.
501 2783 1391 2944 Demnach als sy hin und wider ihre
517 2843 1392 3007 ring nach zm land umbher zogen unnd
550 2901 1386 3046 endtswüschen zra ein wäber Rüe
511 2957 1367 3090 at Ghallen Hans Ghügi genempt
550 3005 1358 3143 net. Habe sy dem selbigem drah
536 3065 1374 3207 recht und redlich zugsagt und versplcten
530 3123 1360 3262 ald er sy aber verlasenn und von
536 3161 1367 3322 sye sy ungeacht söhlicher gethanen ehrv
497 3205 1348 3371 jung und gepflägten willenszughe
1419 1227 1454 1280 1
2401 792 2491 854 62
1590 830 2457 949 uund habe freir jetzigen ghemann
1574 910 2459 983 Getter Jsaar vonn Murtenpürtig eheliche
1591 963 2465 1035 thrüw und pflicht glycher gstalt glopt unnd
1610 1021 2495 1094 gehaltens verheisen und hiemit r aber
1602 1068 2481 1129 malen wider das gsatz gottes und ahlen
1611 1109 2503 1189 eoffendareten rechten inen beiden leben,
1602 1164 2497 1235 en mans personen, di ehe versprochenn,
1469 1191 2480 1306 Von welichen vorerzelten fhäleren unnd
1577 1273 2496 1361 anderen verdächtigen sachen wegen, sydan
1575 1319 2484 1432 hieuor gfengcklich ynzogenn, jedoch uff
1562 1381 2494 1474 letst abgeloffnen 15 september verfloß.
1594 1437 2484 1521 nes 1b 06 jarb wra zu verwurckt leben
1574 1486 2487 1575 uß gnaden geschenckt und sy uff verhoffende
1572 1542 2475 1634 beßerung, nach dem syzwostund lang an
1581 1592 2507 1685 ei halsysen gestandenn, von myner ohnb
1578 1648 2448 1731 und oberenn stetten gepretten unnd
1571 1700 2487 1767 landen, mit dem lidtverwisen worden
1582 1753 2508 1830 selliche vätterliche gnad und straff by fraaber
1576 1800 2461 1881 nit so nit erschießlich gewesenn, dan das sy
1589 1851 2457 1932 ich widerumb haryn gelasenn, hiemit
1552 1894 2465 1990 shrüwloß worden und den gethanen Eidt
1606 1958 1863 2040 vberseshen.
1559 2085 2508 2203 Deie us hat vermelte Margreth Lehma
1566 2182 2465 2226 gung ouch erhaltten, vnd bekent Wie das
1574 2223 2478 2301 hienog fryen härens frülingszyt nach
1553 2255 2477 2355 dem sy von Eysach uff Zougenriedt gann
1811 2315 2507 2402 wra endtzwüschen der straßmit
1529 2317 1789 2401 wellen sy
1572 2366 2508 2442 en in einem holz der böse geist und ver
1553 2419 2458 2515 fluchte findt, montschlichem gschlecht(vor
1563 2483 2481 2574 wellichem uns der allmechtig gott gnädig
1545 2535 2484 2630 klichbewaren und verhätten welle In
1580 2591 2506 2676 stalt eines mans zy grünner bekleidung
1553 2645 2508 2720 zu wra kommen und sya iun einem wider
1546 2690 2481 2789 mut und blödigkeit zversinnen, mit vill
1574 2745 2494 2837 altigen betrüglichen faltschen kieglistigenn
1538 2788 2503 2885 glatten wortten. (weider) dahin beredt
1496 2825 2483 2947 Das syn sich imme dem leidigen patan, so sich
1523 2903 2481 2999 Wenßli schwärtz genamset, montschlicher
1541 2958 2476 3037 notur zu wider ergeben gott den ahl-
1544 3003 2485 3110 nechtigen irenn schopffer und einigen
1526 3054 2491 3147 Heilandt, hingegen verlougnet vnd von
1500 3106 2469 3222 Emme abgefahlenn, daruff sy dann vol¬
1534 3176 2485 3268 gende nacht, Nachdem er widerumb zu¬
1496 3212 2503 3318 Fradaomen, iren schandtlichen bösen über
2261 3298 2503 3366 nachirlichen
2509 1408 2564 1497 9
