3024 4032
610 654 1449 837 Das man sy beyd dem nachrichten
594 716 1468 897 beuelchenn ders Oberevs vff gwonliche
580 790 1404 915 Richtstath fderen, inen Ahlda ire
621 836 1435 978 höupter Abschlachenn, vnnd allso mit
628 905 1460 1062 dem schwarzt vom läbene zum tho
635 973 1448 1104 nach KeyserAichem Rechten Richten
636 1054 757 1120 olle
824 1052 893 1147 et
725 1200 1388 1449 Hunns Grese
581 1457 1370 1570 uffMirtibuchsem denn xxi
943 1527 977 1562 e
605 1506 1430 1662 gefroßnenn Hombmonals diso 1606
600 1573 1399 1733 Inn Bywasenn, Annhoren, vnnd gegenn
591 1644 1414 1792 bürtigkeyt der ehrenvesten frud
610 1705 1419 1853 fürnemmen Versichtigen Wysenn Herr
593 1780 1418 1923 Jacob Chiliers deho kleinen rhatten.
626 1861 1417 2000 Hanns Rudolff Barhtoldt der Bereren
544 1920 1404 2045 Damidt etscharners Großweybell, dam
607 1992 1409 2130 etlichen tryblen miner gnodigen herr
590 2052 974 2152 unnd oberenn etc.
590 2139 1403 2313 hatt (gegennwertiger) Hanns Kr
573 2245 1385 2359 vonn Bärnßgenn Haßs des amptigung
548 2302 1399 2410 Touppen nachvollgennde Hoche unnd schwä
539 2375 1402 2489 Mihshandlung Laltsch unnd betregenhi
548 2440 1381 2568 zu Marzin bekendt unnd verhägen,
575 2511 1376 2631 ouch mit der Marter erhaltenn, vnndt
568 2571 835 2670 bestätiget.
533 2663 1366 2790 amlichenn alls er Hievor etlichen
537 2743 1370 2860 Jarenn ein lachennguth daselbst zu zu
533 2810 1380 2912 Vischenmlenss gelegenn, vmb ein dimma
551 2869 1363 2971 gelts küfflicher wyss Ann sich gebrach
558 2935 1356 3037 vnnd herlich ann bezallung deßselbig
521 2994 1365 3116 fünff hundert pfundt pf erleggen
534 3074 939 3167 abrichtenn musen.
957 3063 1370 3171 Diswyll erllt
532 3122 1350 3229 kein gelt nindert kenkommen noch zu
494 3180 1353 3306 lenen uffbringen mögen, unnd aber nicht
502 3252 1339 3373 der kinden unnd schwärer huhthalte
2387 573 2451 646 39
1519 656 2444 817 Beladem gsynn, Habe er (leyder) ußu böser
1523 710 2466 868 uensichtung sich alß wyth vergählenn, das er
1529 771 2508 925 Sundt Grotzenn dem schriber allhie ein faltschen
1535 837 2452 980 buffborff anngeben, deßs ienhalts, alls ob
1548 903 2504 1038 lih Heinene Remundt, vonn Gummenen erkenndte
1502 963 2448 1096 das er imme Griegen, sachs mits Dinckellgult
1498 1015 2435 1161 soer uff syne Grießlenn chate daselbst zzu
1725 1098 1802 1158 f2
1515 1082 2498 1216 Bürbisthen unß ghept als umb sächshundert
1526 1157 2423 1277 pfundt pf die er Grießs Ime Remundt
1508 1216 2490 1338 deswagenn endtricht unnd gezalt, heigeben
1469 1287 2465 1412 unnd verkoufft habe, Amn Belieh ein doch
1518 1341 2487 1477 nichit gsynn, dann solliches sye Alles gemeltem
1519 1421 2457 1531 gemendt. Dem der Bodennzecht ab syn gedachts
1502 1482 2438 1586 Gressenn Chütl beinwägs, sonnders annderen
1501 1548 2487 1681 zugehöre unmvnßendt unnd Hennchrrerks beschechen,
1506 1613 2467 1726 unnd zugangen unnd damit er föllich syn faltsch
1487 1682 2401 1780 fürnemmen inn das wärck richtenn möchte
1514 1741 2476 1864 habe er gegennwürtigen) Weter Stöckli von
1499 1802 2468 1920 ludenn, By dem Barrungraben Allhie Anngetroffen
1485 1862 2441 1978 demselben ankhert vnnd gepaten mit Ime ihn
1490 1923 2449 2041 vermelts schryber Grotzenn unss. alldas er eyen
1491 1986 2444 2106 Brieff Anngeben, zegahne, mit vermelden so ihme
1478 2045 2416 2143 der schryber denselben vorläsenn unnd darüber
1499 2105 2471 2207 etwas befragen werde, sölle er allwegen ja darzu
1492 2157 2448 2274 sprächenn unnd derglychenn thun als ob er deßen
1466 2218 2443 2336 woll befinden sye mit vertröstung sölliches ihme
1486 2279 2394 2398 keinen schaden noch nachteyls bringen werde,
1489 2350 2413 2447 unnd nach dem sich bemelter dtörkli cohne, das er
1490 2400 2452 2512 vonn dem Betrag gewügt) dahim bredenn Caspen,
1486 2447 2384 2553 wyendt sy altbaldt zu offtermeltem schryber
1478 2506 2450 2644 Grotzern gangen. Der dann Annfüngklire gfragt
1489 2580 2379 2690 ob das Heinrich Remundt sye das habe ime
1486 2616 2405 2738 Stöckli faltschlich ir geandtwurtet, Haruff
1491 2694 2449 2822 er innen den brieff vorglesenn unnd Grotzen meidtli
1493 2747 2362 2859 nach dem herren bsigles geschickt wordenn,
1481 2803 2428 2925 vellicher domalls fun gedachts Schryber Grotzen
1502 2872 2395 2986 stubenn. die geluptnus vonn ihnen beyden uff
1485 2927 2374 3042 genommen unnd empfangen, alls er chierss
1492 2980 2387 3087 nun demselben brieff vonn dem schryber unnd
1454 3043 2391 3160 Bsigler gelögt, habe er nach versteynung etliches
1462 3094 2392 3214 zyth, solliche uff synem huth haltschliche er
1487 3162 2371 3272 kouffte din fellgült hr laus Gatshat
1463 3224 2391 3344 dem Elterenn Aanntragen Tagen, velligem dan
