3024 4032
327 849 1141 974 einem Bietegraffneth daruff In einem Lrd¬
339 934 1149 1025 eineseckell pb dz genammen. Davon im
110 959 306 1019 nach dem sy soll
353 974 1123 1077 echsPrahnen wohrden, welliche er hin
119 1002 294 1070 getheylt
335 1028 1147 1130 unnd wider ihn den wirtshuseren vertrunen
341 1091 787 1173 unnd verthan habe.
125 1112 309 1209 uverspilt.
654 1150 707 1194 It
323 1132 1153 1258 unnd wiewol er arbrickels halb anfangn
333 1209 1147 1318 bekanndtlich hat er doch denselben hernach
334 1275 1093 1366 an der murtten widerumb vernemet
611 1324 727 1379 unnehr
300 1337 1149 1450 Denne habeer bythun, dasarth ime unl
317 1402 1078 1517 Landt ein aldthembd entfrömkdeth.
317 1472 1082 1594 Item Im Sibenthal wullin patthosen
1093 1496 1165 1580 hat
340 1543 1152 1654 hernach an sinem lyb verschlißen, sampt
351 1599 1063 1710 einem schlechten wambsel gestohlen
346 1682 1167 1771 derners seinem ab dem Lengenberg uß dem ehor
352 1741 1169 1848 un batzes entzuckt und dieselben gegen shne
354 1807 1147 1909 Anthragenden hembd bethroffnem Cusch
365 1881 579 1976 nachgeben
343 1916 1135 2044 Demnach ahabeen zu silihauw Lueerner
346 2008 1165 2098 gepietts mit helffzweier syner bsellen us dem
352 2064 1171 2159 Bauen pürttig einem priester uß der stuben
273 2121 1177 2220 De pes sampt etlichen kleideren genanen fi
154 2190 1176 2282 won Ime zu synstllich salles seine mit gefanet Ime vgedt
357 2237 1186 2343 Etter mithin verzeerdt en verlaunget.
158 2273 312 2343 2 l
326 2316 1185 2460 Ien lhehn Bbenthalb Schnemer Aldaren
246 2347 291 2434 5
325 2403 1173 2485 Hüser dero namen imme unbewichet. Als er ei
354 2455 1152 2559 hanndtwerchs sellen anntrafften, habent
338 2502 1188 2611 daselbst useinem thrar 4 Duraten. 3ader
364 2578 1185 2674 dier silbereranen und etlich francken, so s de
358 2633 1158 2745 Sumpen e gethan entzuckt, davon imme
365 2700 648 2806 verlanget
657 2728 894 2823 underschidenlich
358 2772 1187 2878 denne an etlichen Arthen als niemandts an¬
386 2836 1197 2949 zembsch osin, der narung und spys unberah
383 2921 594 3006 zugriffen.
368 2961 1174 3083 Weythers zu zöchsteren ab einem zun ein
297 3038 1194 3149 Wylerhemmbd genomen und sölliches umbh
375 3104 569 3190 verkoufft
402 3156 1196 3242 erners zu Murtzen zum bären, denn wür
338 3229 1199 3323 Daselbst Nunselberin bechet, Ab einem Bus
383 3296 1149 3384 gestolen, dieselben einem Goldtschmidt
381 3353 1164 3457 Marsee jedes stuekh umbfunfftrauen
394 3418 648 3524 verkonfft
369 3446 1218 3576 Alls diger articfell den erfharung gebracht wd
394 3499 1209 3628 befunden wordenn, das anslichem mntzig hoat pr
400 3553 1222 3680 hinach deeinselben auch verlaugnet etc. und wider
481 3642 770 3697 uß einer stubet
347 3620 1221 3746 Im Eggennwille wüllin par hohen, Hemblih
392 3704 1180 3793 einein Brustturs endtzueht, die hosen verschligen de
379 3723 1226 3843 und das brustuch zu Burgdorff umb fünfffüher vern
364 3775 1218 3892 Item unnehr Burgdaff ein zwilchin par hos
2085 834 2133 873 22
1214 860 2151 966 letstlichen ( sor ein murer, se ihmme unthit dahen
2001 911 2112 957 zu Bali
1291 925 2171 1001 unnbekandt sosin ias dem jengen sey hey, darab
1289 968 2139 1053 vergriffen whorden, derdan vnbeschloßen, vsin
1291 1024 2201 1105 Anfengelich gangen, Vnnd etliche kleider daruf
1712 1085 2166 1183 davob sy aber versagt.
1284 1091 1601 1168 pragen wellen
1296 1122 1968 1235 Werdug das inen allso nütz worden
1275 1207 2131 1303 Ist Erstlich Cär. demnach mit dem Kleinsten
1445 1260 1509 1309 Ein
1294 1273 2102 1370 vnnd zweymal mit den zweyen kleinsten
1307 1325 1807 1419 steinen vfzoget worden
1279 1459 2210 1565 Demnach hat nachgemelter LanpManen
1310 1521 2210 1626 mitzit anniders bekhandtlich syn wellen, dat
1301 1582 2182 1677 as er dry tag zuuorsyner pfangenschafft mit
1311 1635 2206 1733 emeltem Gladi Schoub, den er uff der müren
1295 1687 2207 1796 Brurgh antraffen erstlich ihn kundtschafft kommen
1301 1752 2235 1863 glennt darzwuchen nach er zuuer niemandt
1314 1813 2201 1930 mitzit verunthridiret unnd als sy zu Balm
1317 1870 2215 1975 ergriffen, Sye nit minder dan das er mit imme
1277 1928 2233 2033 inselbigem huss zu herberi sosin margens in
1307 1996 2196 2099 der kuchi by dem fhur gsegen. Dazwüschenn
1305 2056 2199 2154 habe ich ein frambden Munen In den sycher
1315 2109 2253 2215 verfuüßt, synes gsellen habe ermitzit warge-
1328 2172 2221 2260 nemen Inmasen die husmutter, vnd erselbs
1334 2233 2246 2337 mit etlichen volck hinfir gelaffen. In dem
1327 2310 2262 2390 er auchgenengtlich anngenomen. Vnd daruf
1315 2355 1902 2461 Allhar gebracht whorden, sye
1319 2415 2207 2535 Zunst habe er mitzit übels begangen, mithin
1336 2483 2285 2591 gedienet, innsonders by dem Meyer zu Rottel
1331 2556 2206 2664 fuigen, vnd allein vier wuchen, sallsto vmbhin
1342 2624 2219 2729 Iezocen, Welle sich sonnderlich fürchin den
1328 2688 2126 2794 Urleigen unnd dienen unnderwerffen
1307 2770 2274 2908 Ist einmal angebunden, aber syner gugent
1324 2842 2259 2974 halb, die sich nit wytherstrecke nit ufzogen
1338 2904 2311 3063 worden. Actum gv. octobris 1605 Jars
1598 3034 2316 3182 diser convs Monnen Ist wysel
1604 3118 2294 3231 ich kein that uff ime erfunden
1564 3155 2297 3290 der gfanngensthafft vff gethan
1588 3219 2264 3339 harnung seee voll zehalten
1602 3284 2339 3424 uß unnd ledig gelagen worden
1307 3340 2319 3485 N.Denne zu Geunemadt by Stungwkaldt vbe der venstg
1354 3406 2312 3532 zwey hembli genommen davvon eins umb 4 hz verkaufft, das
1352 3473 1507 3545 vertuschet
1348 3442 2310 3579 ander gegen synem antragenden mit obgemelten die baten.
1358 3530 2338 3691 Verners das alte anthragende nüt gunst ze melden par schi
1371 3573 1887 3686 f dem lengenbare gestollen
1370 3620 2342 3777 menehr frybeng ein hwartz Lnehin wambstel und frömb
1330 3647 2307 3841 det, dahar er gfeneklich ynnzogen unnd widerumb ledig
1354 3696 1702 3824 w  sich
1372 3743 2337 3920 eistur denn 23. octobris hat Klabi schaub von Morser
1356 3779 2342 3959 zuuorgeseimen wiekell und diebstall zu Marzili mit der matler
1378 3821 1805 3928 aen und bschdtihet
