3024 4032
335 950 1255 1067 Lanntpürttig begegnet unnd imme
387 1021 1282 1113 anzeigt, wan es mit ime uberkommen.
389 1079 1297 1176 solle es Imme wol durch mittel verholffen
406 1139 1278 1238 ys, das er gedachtenn verhofften hatz uff dem
382 1179 1309 1300 eristem alls auch ihm sibennsthal. alldaes
401 1246 1298 1352 ein Garwenn, darunder ein schatz by einen
383 1307 1315 1420 Lohnen goldt werdt verhallten se verlangt
419 1372 1312 1472 mohe, dann er die farennde kunst ußge¬
420 1428 1272 1536 tudiert habe unnd seyen derglychen schätz
429 1491 1336 1599 vil inn disen landen verborgen allso das
413 1557 1304 1658 inne beteüglicher wys fundtlich dahin
416 1621 1336 1725 bereedt, das es Imne nachwerdts einen weis
391 1679 1337 1776 inn einem glehl, welchen er mit anderen
415 1734 1292 1838 vonn venedig bracht, der synem faltschei
399 1799 1326 1920 fürgäben nach ein betoufftes Geist, von
427 1866 1337 1973 einem edellman zar sye fust unnd gutt
406 1929 1328 2052 geschwundet dan anndere, wellicher syner
405 2001 1354 2112 erachtenns inn syner kleinen suphtanntz,
422 2048 1357 2159 annfangs rohn unnd schwartz vermuscht
394 2127 1332 2231 hosen unnd obennhar zusglych einer gulldt
404 2178 1368 2293 nen kerem antragen sampt einem wyßen
378 2253 1351 2380 furgebnen, diamantstein ouch etliche ge¬
456 2306 1324 2443 hrifften, die er vonn sich gaben uff vertröe
463 2358 1357 2506 tung hin, das es Ineinichen schaden bringen
434 2425 1285 2548 werde, damit für herren und landtlict
392 2497 1360 2630 kommen dörffen abeenommen. mit vernerem
441 2563 1333 2705 vermelden, wan er ein schatz grabenn,
380 2613 1380 2774 werde uine dises eleit, das orth verzeigen.
466 2690 1329 2828 nnd es uß dem stein zuersachen habenn
374 2758 1340 2906 Wievil werdts alldalige, da mit habe er¬
428 2818 1371 2962 meltter Marttj houpt, Ime noch andere
381 2914 417 2964 1
377 2867 1329 3030 darzu dienstliche memel zuschickhen söllen.
451 2932 1358 3082 aber nit erstattet, darumb er ime by
416 2987 1342 3152 50 r bezallt vermeinende dardurch ay
419 3061 1384 3243 gewerden, daßelbige mittel mit schätz zgra
445 3126 1383 3272 ben, wyl Ime noch etwas als gemeldet er¬
451 3174 1385 3346 manglet habe er bishar nitmals fürge¬
1494 707 2387 872 nommen. Dem steyn aber einesmals weben iht
1456 787 2375 919 Alls Nielaus Fry von Stäffisburg etwas
1497 834 2386 973 gallts ebrucht verloren unnd anghallten
1445 879 2361 1029 Imme den gätter zeuerzeigen, dahar ihmme
1506 934 2304 1073 ein par hosen versprochen, wyl ime bi
1442 973 2389 1146 drysig silber pronen widerumb zugstellt
1470 1041 2440 1199 worden. Sonnst habe es niemandts entfrömb
1461 1100 2322 1243 det guth verhelffenn widerumb bringen
1510 1170 2433 1299 ob imme glychwol soltmalen deswägen ann¬
1507 1203 2412 1386 ghalttenn worden auch suthar vier oder zinff
1493 1286 2383 1415 ar sich des sachenn entzogen. Allein wann
1537 1335 2345 1484 is schwachen korn der annders verloren.
1537 1389 2416 1543 nach imme gschickt unnd er einmal selbs
1534 1464 2463 1579 urch denstein, alls er inne uff des handtge
1527 1523 2364 1670 hept vnndetliche wortt gesprochen, einn
1499 1577 2470 1716 Wyxs personn ersachen, einem Müller solches
1538 1631 2332 1770 vermeldet derselbig domals bezügeth
1508 1680 2473 1827 ein frauw unnder dem spycher, da etwas
1561 1750 2415 1887 versursts geschechet. Inn derselben zytl
1547 1820 2417 1949 entdeckt, hieneben aber ermelter Martt
1555 1883 2450 2012 sonzt, Imme auch etliche gutte Artzugen.
1505 1928 2512 2084 fürlüth unnd euth mit denen ermengklichen
1556 2007 2388 2153 ein zuhilff kommmen verzeigt, deren es sich
1544 2066 2460 2189 bishar Zū Statt vnnd Lanndt beholfftenn.
1584 2130 2430 2240 unnd woner er gwist, das inne
1564 2200 2479 2322 zuuorbeschribne sachen sol nachteyls ge¬
1555 2264 2412 2376 bracht, hete es sich dero wol entzechenn
1518 2319 2508 2433 wellen, wie es sonnst hieuor beruhwen worden
1584 2395 2526 2498 sye unnd und etliche shac uff inne gewarbeet
1560 2462 2532 2559 Des verstanndts Imme disere sachen widerumb
1590 2511 2445 2630 eübergaben unnd syn walst ze bezuchenn
1579 2590 2412 2699 unnd wie welerannfangs durch mittel
1599 2631 2451 2750 ines Zouber Buchlins, denn abschuchlichenn
1547 2700 2547 2809 Bösen geit (daruor der allmechtig ggott.
1585 2765 2555 2880 Eeßermengklich bewaren) beschweren wellen.
1612 2828 2554 2925 ale er doch solches nit vollbracht, dan inne
1558 2879 2474 2999 ddarob zu vfmmutt wohrden, das er
1597 2952 2498 3066 erschrockhen inmaßen dauon gelasen, unnd
1561 3010 2556 3147 Eine houpt, daßelbig so Hebraisch Griechsch
1495 3083 2512 3210 Gattys unnd litsch vermischt beschriben
