3024 4032
438 715 1347 836 ouch ime daselbst zu Boffingen mit einer schilen
455 786 1350 872 gablenn unnder eyner gtägenn gewartet haben soll.
458 834 1352 922 Dahar un dr denn froumen vollgeachten
712 885 1347 979 Joharß Güting zu imme abg
491 897 693 973 Wysenn 13
453 934 1332 1030 ordeet iene Hanns Wättli mit hilff h
459 988 1356 1083 Groß beyhelle hatos zebefragenn, vnnd derxa¬
470 1036 1357 1126 seenneren arüber zeigt er ann, wie das er
464 1086 1362 1184 Imn zyts gemelter hr vatter sellig abgelybet,
471 1166 1354 1250 daebkandt,weürer etlicher sachen halb verla¬
464 1200 1375 1307 Bordenur nict grichenn dorffenn, alls er sieh aber
477 1254 1356 1349 Ein zythlang under Basell unnd dennach
486 1312 1371 1398 unnder wien inn osterrigs endthaltenn unnd
485 1365 1368 1468 daruff sieh widerumb inn dieere landtschafft
492 1418 1369 1520 begebenn, Habe er synem erbteyel nachgeforschen
476 1479 1368 1586 unnd sye ime damals wie auch hhernach getrngen
452 1538 1390 1628 Suumen (nors würdignun der güterend ge-
493 1583 1386 1683 gesprochenn wordenn, Es habe aber ime synn
482 1645 1373 1732 Bruder by 200 g die er fey hnne Ulli zm
488 1700 1383 1801 Sägenn bezalt, Abgerechnet, welliche er Aber
499 1755 1376 1842 vermeyndt noch by Jacob Irmn dem Mäller
504 1815 1395 1902 zu Britnomw zeempfachenn, der sy ime aber
509 1860 1393 1962 glychergstalt obgezogenn, das er sy vermelten
503 1919 1404 2006 Ulli im sägern inn synem nammen zugstelt haben
497 1977 1397 2068 welliches inne letstlich alls sy unnwehr Hoffengen
534 2033 1392 2122 uff feyer gtraß einanderenn begegnet, uffge¬
488 2087 1405 2187 rbehenn. Das er gedachtem synem Bruder Berge
519 2136 1390 2251 haltenn, ehr habe ime zuvill abgerehhnet,
471 2202 1402 2303 Darüber er sieh gegen ime gantz unartig erzeigt
528 2256 1401 2346 Allso das er erzernt wordenn, Inmac er in eynen
552 2304 1389 2399 widerwillenn Ja vber Inne gezuckt, aber
522 2358 1410 2477 keinswegs nachgethrungen, Sye aus kein stey
508 2418 1418 2537 schufftnn nit da umbher gsynn, das sieh syn bruder
525 2486 1408 2580 durch mittell desselbigenn zu wehr gestelt hett
526 2539 1402 2635 Sonnders er vnnd syn Bruder Jeder Iyn btraß
537 2598 1408 2700 gezogenn, Habe Ime ouch eines wegenns ne¬
524 2638 1419 2741 mallen unnder keyner stägen gewartet, Dannes
522 2706 1411 2820 Ime leydt were, wann einanderer ime etwas
547 2759 1405 2886 schadens zufügen solte, welle imne als onels
494 2822 1436 2918 annderen vonn hertzenn geren zufriden und rudornn
536 2863 1431 2976 lagenn unnd ime nützit mehr vorderen, dan er des
517 2915 1422 3022 zuversicht, er ime inn synem alter auch zubest
547 2984 1437 3083 thun werde, vele und g. Ime verhelffen mitlen
538 3041 1427 3144 das er villgedachten syinen bredes inn hulden
546 3121 866 3196 behaltenn möge.
476 3141 551 3216 E
531 3152 1424 3282 Denmars, das er den hrn vogt Archer mit
443 3189 1451 3344 Vnngebürlich wordtenn begegnet, sye unnd kön
1555 625 2449 802 nit absynne wiewoller anngentz beruwen worben.
1497 688 2436 867 habe sich aber zugetragenn, Alls er Letstlich Allhie vonn
1503 737 1561 814 pr
1502 720 2460 903 ur g Ein Migyff aun inne hevogt unnd hey
1511 772 2472 960 haber schaffner zu Hofftungen sggebracht, das habe
1514 831 2472 992 er unnderwegenn inne hu vogt kicher zu Wyningen
1499 891 2435 1041 Anntroffenn unnd ime daselbst gemelte Michtyyff
1525 942 2442 1086 sampt darinn verschlogner onspliation übergebenn
1525 983 2457 1135 unnd vermeyndt er werde ime dieselb vergütschiert
1536 1041 2487 1186 widerumb zustellenn, darit er sollie gedachtem h.
1536 1102 2476 1253 uber aucs comminirierenn könne, daselbig habe er
1516 1142 2480 1298 Ime aber nit willherren tellenn, unnd alls sy zu
1513 1196 2479 1338 offthungen ehin tag ernambset unnd denselben besucht
1510 1269 2424 1411 Da habe er h vogt die mchhyff woll aber die
1505 1305 2496 1456 Suspliration nit herfürgezeigt unnd ime sollac herber
1512 1370 2412 1525 gebenn zehabenn verneynet, vnnd Allso Annfangs
1557 1418 2503 1543 nützit danon uns wellenn, dergstalt, das syselbigen
1555 1471 2469 1599 tags nützit gesthaffet unnd inn einem gespräch ann
1522 1527 2508 1637 einandereen gewachsenn, Imnac er sölliche unngebür
1587 1617 1671 1660 wort.
1537 1589 2500 1715 liche, die ime vom Hertz Leydt syendt) lauffen ley
1552 1696 2456 1819 hr übrigen schällerenn unnd sachen halb (derein er
1562 1796 2475 1879 Zuglych Annzogenn vor ennd Sige er glych Anfangs
1543 1829 2439 1925 synes ynnteits mit gfarmpgennsthafft unnd
1545 1878 2430 1985 Marter gestrafft. unnd damalb durch h
1541 1940 2163 2040 Guder geexamimiert orden.
1526 2002 2202 2134 Iodter Ehm Alledeg vmb gradt 1.
1657 2189 2258 2298 Vituna August
1699 2265 2127 2365 1615 jars
1523 2344 2481 2466 tet Marta Pretena Vnuer Rottwyl
1565 2430 2450 2530 sirttig wägenn das sy iren eemann
1577 2488 2472 2584 sanns dienrich daselbst sampt zweyen
1572 2541 2451 2643 funiden verlassen unnd einem müller
1575 2603 2410 2697 knaft knächt Rudolff Schmidt
1607 2659 2497 2746 genampt vonn wyngertten ob frouwen.
1598 2716 2398 2805 feldt ob Thurgende, Annghangett
1589 2764 2468 2860 Mit Ruttenn, ußgestrichen, vnnd daruff
1597 2819 2502 2927 mit dem eydt von Statt vnnd Lanndt
1607 2880 2046 2978 verwisenn wohrden.
2046 2898 2155 2988 e
