3024 4032
361 622 1262 825 Item unveher Burgdorff uff einem hoff
1430 699 2354 829 denne so habent sy im stein by Äschi solothurner
424 722 1249 865 ein schlechten manttel so er vmb zechen
1441 736 2379 886 gepiets zwey zembder so jnen achtzechen batzen
411 766 1285 922 batzen verkoufft denne ein wullin par
1426 773 2408 932 demnach ein hochen huott wellicher jnen ein 18 bz
411 837 1300 1009 hosen welliches er an synem lyb verschlitzt
1435 888 1985 1047 francken golten endtragen
208 907 425 1004 ein brotsack
432 898 1288 1067 unnd uff einem anderen hoff ein sack darus
582 960 862 1019 eyn Äschgemtuoch
202 974 346 1046 gemacht
1297 991 1430 1036 8 batzen
1442 927 2339 1071 dessgligchen zuo Brüglen jn den hochengrichten
432 962 999 1083 unnd lynlachen entragen
1454 1009 2350 1130 einem krämer dry ellen schürlitz und jn
1092 1015 1294 1155 schlechten Mantel
433 1051 1262 1177 Verners hab er zuo Lyssach ein beschlagen
183 1053 419 1171 er zuo Burgdorff
425 1104 722 1157 umb 5 baz verkoufft
1450 1075 2375 1190 einem anderen dorff ein huoth und zuo Vber¬
423 1132 1294 1275 m jra denne ein huott den er synem gsellen
1436 1143 2348 1258 wyl 2 hembder entfrömbdeth sampt einem par
432 1175 1296 1326 geben vff einem hoff glych daselbst entragen
1472 1217 1925 1293 zwilch hoy ich endtfrömbden
1425 1216 2354 1352 zuo Sollothurn jn der statt  2 par hentschen
249 1206 1233 1380 Item dem ein wullin par hosen das jme
1860 1295 1972 1338 sampt
1448 1297 2385 1403 unnd ein gels par glyche strümpff erwütscht
351 1300 1253 1432 widerumb abgejagt worden genommen
1761 1360 2036 1421 gippen und ein
627 1371 939 1439 jn dess wirtshuss
1416 1384 2367 1485 zu Tschallunen ein lynlachen genommen vnnd
391 1367 1267 1517 zu Kilchberg ein wullin par hosen sampt
1551 1447 1635 1495 sibe
178 1400 411 1498 zuo wydrem
1293 1398 1438 1507 uo Limpach
1446 1436 2027 1538 vmb dry batzen verkoufft
197 1463 425 1522 ein hochenn huoth
1288 1483 1414 1528 ein par
438 1466 1292 1578 einem Argäüwer huoth denne zuo kronzta
1299 1511 1445 1571 wyberstiffell
196 1511 452 1563 so jme widerumb
2115 1472 2216 1560 ein
1486 1511 1782 1576 vier batzenn erlögt
1418 1533 2341 1609 Verner zuo Biel jnn der müli hab er kleinen
202 1540 1242 1640 bgezag von habe es auch ein wullin parzesen, vnnd
1403 1594 2331 1681 tschoppen jn wellichem ein guothen theyl gellts
429 1598 1281 1703 ein tschoppen entzuckt ob wellicher thatt
1429 1655 2336 1754 gsin entragen vnd als man jme nachgeyllt
415 1667 1269 1771 er aber bezogen worden dergstalt das er
1426 1702 2372 1806 hab er denselben fallen lassen das jmme also
405 1743 1253 1850 sölche zwey stück widerumb müssenn
1443 1774 1950 1850 nützit dauon worden
412 1803 905 1896 vonn handen lassen etc.
1786 1809 2229 1894 vss dess meyers huss zwey
1426 1834 2349 1938 Item zu Wallperswyl drü manszembder
381 1875 1247 1991 Item zu Riedt by Frouwenbrummen ein
1444 1908 2331 2003 ein par hosen unnd ein tschoppen entzuckt
1293 1912 1434 2018 in par löutsch
388 1955 1262 2037 wullin par hosen dessglychen zu Subingen
1443 1970 2339 2062 die hosen vmb 10 batzen vnd die hembder
905 2013 1108 2070 prErill
409 2014 1280 2109 mit hilff synes gsellen, zwo sippen gestolen
1422 2024 2133 2119 jedes umb dry batzen verkoufft
178 2084 1275 2205 1 par ermell dieselben zu Zuchwyl umb 12 batzen ver¬
1405 2082 2278 2197 zu Diessbach by Büren ein wyberrock
389 2148 1198 2262 koufft dauon ihne 7 batzen worden
1431 2165 2376 2276 davon jmme acht batzen worden zuo Kalchnach
359 2224 1260 2313 mehr jn einem Dorff ob Arwangen ein
1444 2220 2400 2342 sidt dem herpst ein hembdli 1 par schuo entragen
1128 2284 1244 2328 löutsch
638 2285 777 2332 schürlitz
171 2287 388 2352 wellicher
1425 2279 2372 2408 das jnen aber jm spital zuo Arberg aber¬
381 2287 1283 2389 wyber jüppen und ein wyss par hosen die
173 2340 385 2397 sinem gsellen
1414 2332 1711 2435 jagt worden
180 2375 364 2426 verblibenn
393 2355 1270 2462 zuo Melchnouw zwey wyber hembdli
1940 2400 2344 2489 Vnderriedt genempt
176 2415 403 2487 aber widerumb
401 2423 1266 2514 was einer wösch denne vnuers dadannen
1416 2408 2330 2550 denne jn einem dorff by Arberg einem
181 2457 413 2517 aberjagt worden
405 2484 1276 2587 ein wehr darussen zechen batzen erlöset
1413 2478 2309 2603 knecht ein schwartzen manttel gestolen
403 2546 1274 2672 unnd zuo Roggwyl auch ein wehr mit
1412 2551 2360 2685 syn gsell habe jmme aber syn theylen dem
1429 2638 2383 2738 selbigen manttel wie glych aichternach
407 2610 1284 2747 einem löwen kopff, so jme 6 batzen gold
1438 2700 2357 2814 an einem anderen den sy zu Ziegelriedt
398 2714 617 2827 gestolen
1923 2762 2064 2820 belgendt
1404 2752 2361 2867 sampt einem sythen whern mit spilen abgr¬
353 2739 1271 2901 Item zuo Arburg habe er mit hilff synes gsellen
1426 2827 1620 2898 vummen
394 2833 1267 2945 ein par wyberstyffel auch ein mans hembd
1348 2893 2356 2996 Wythers zu Bundtkouen ein par hosen zu See¬
389 2899 1276 3029 entragen und syent die stiffel synes gsellen
1411 2951 2337 3062 dorff einem landtman im schlaff den seckell
368 2984 948 3101 dirnen zugstelt worden
1314 3015 2351 3120 vnnd syn where vnd zuon davon jme siben batzen jn
1396 3088 2258 3190 von gelt verlanget vnd zuo Münchenbuchsy
405 3071 1259 3220 zu Sägenndorff Solothermner geserden
1412 3147 2309 3266 in kalbsch�l, darußgulde erlift.
380 3145 1247 3267 Ein truekn deybertüchli vnnd sampt
391 3204 1163 3316 einem Breusttrch endtzurbt,
1410 3213 2283 3329 aufft s zu Prengpen vier guldi
1411 3286 1785 3368 Blöge endtzuckt
1396 3334 2270 3448 Item by der Landerenn In einem Diff leß
1408 3427 2269 3500 einem feller dy këyen endtwagen den einen genot
1414 3459 2336 3564 vnnd die uhreigen zwen Inn einer schuren gelen
2064 662 2116 718 ouch
1311 941 1431 999 zuchtyll
1291 1518 1484 1585 manen darus
