3024 4032
435 875 1310 987 Inn daßelbig seines meyshers kons begebenn, die
443 934 824 1002 liecht angekündt,
828 948 1313 1024 aselbigen mit ihme zun
395 969 1318 1068 Das obergadenn gethragenznn meynung wyll
446 1018 1320 1107 es finster unnd allemn ein beünster gegeht, danin
446 1064 1308 1161 synn gschafft unnd kleyder zesamen ze bringen
435 1119 1308 1202 unnd alls er sölliches unnder dem beth bekommen.
427 1164 1324 1255 habe er demnach fürsatzlicher beyßs unnd mit
326 1213 1326 1296 Willenn das Brömende Riecht Ann den Straub¬
424 1267 1327 1356 sack geheht Jedoch aungentz erschrockenn, vnd
441 1321 1311 1391 berintenn wordenn, ouch nit vermeyndt, das es
446 1382 1335 1466 Allß schädlich abgahne sölle), Davon sich abe
430 1417 1322 1515 das ffür lungent kndtzündt Innochenn
407 1467 1324 1552 Das er Kommerlich davonn kommen mögenn,
431 1521 1345 1607 Dahar Allso das ganze konss hessrhat unnd
419 1570 1333 1669 kunders so darin gewasenn, sampt etlichem
414 1616 1302 1702 Frechtbarenn böënnen tainerlich verzehrt
448 1671 1350 1779 zu Storb unnd aschenn verbrinnen wordenntc.
1472 800 2171 1036 Jor Huffer.
1424 997 2359 1194 Nach dem myn gh. herren. dem Frammen fur¬
1491 1073 2306 1220 neinen fürsichtiken ersammen wysen herren
1443 1137 2388 1284 Fantz Buder er gs mithratt durch minell
1501 1199 2365 1338 Rochtzedels annbeuolchen Förn hälffer von
1478 1278 2414 1421 Burmeltz fryburger gepietts, wellicher hie¬
1512 1314 2371 1446 neretlichenn tagen, Von Anberg befengklich
1506 1383 2397 1513 allhar gebracht worden, uber den mit etschick
1493 1443 2389 1589 tenn bricht zeepaminieren, unnd befragenn
1869 1542 1896 1587 it
1518 1504 2366 1641 ol er sich namlich mit einer dienstmagt zu
1477 1593 2402 1734 Cappellen, daselbst by ärberg erlichen ver¬
1502 1644 2410 1760 Lapt. vnnd aber zuuor mit Barbell Lessen
1481 1716 2441 1834 Vonn Schönenbull, die noch inn Läben zu Conpe
1437 1781 2358 1891 kilchenrechte gethan unnd vereehlichet, Ist
1522 1847 2417 1966 erhalben uff donnstag den h. gegenwürwigen
1525 1903 2404 2003 monats Oetobris Ann Bywasen herrenn
1501 1978 2441 2070 Albrecht Sultzers, vnnd herren Graßweybels
1512 2053 2439 2137 Args rahtschlas statt unnd volg beschechen, ge¬
1524 2107 2442 2217 dachter Geörg Helffer van Marzili beschickt
1496 2181 2399 2278 Ime salliche auch anndere hernachuerzeigte
1518 2242 2346 2333 Arniekel, mit betrönwung der martten
1527 2308 2461 2404 fürgehalttenn unnd ernstig vermandt worden.
1525 2373 2469 2481 darüber mit bescheidt zu begegnen und harmes
1545 2446 2444 2519 nitzit zeverhallen. Hatt allso anzeigt, das
1538 2507 2455 2600 nit minder, alls er und gedachte Barbell keher
1526 2565 2464 2677 zu Louppen by Caspar Berchdolde gedieneth¬
1542 2640 2467 2735 ab nit syeianderen lieb gtwunnen und daruf
1496 2703 2472 2806 ber geeehlichet, alls nun ir jarzych fürüber und
1532 2772 2436 2870 uß gsin, habe er ra anghalltten, mit Emne Inn
1538 2833 2373 2945 gedacht syn heimat ze zuchen, vnnd daselbs
1546 2914 2349 3026 mit rahußzehaltten, dahin erspaber
