3024 4032
360 2725 574 2804 unnd anderem
391 2790 531 2864 sachenn
637 691 1477 947 Eetias dsuct miendeent
655 803 1473 981 Zwölff Floryn entfrömbdet, dieselben
666 858 1468 1026 abe er aber, wyl er darob bezogen
645 917 1480 1090 unnd solches khundt worden widerbekern
621 963 868 1045 müesen,
875 990 908 1042 4
618 1032 1461 1242 Peerners als erhin unnd wider uf den
617 1149 1471 1296 Alppen unnd bergen umbherzogen
638 1199 1452 1361 habe er uß einem staffel dryziger
639 1276 1481 1435 unnd darzu fun gelt dry Floryg gestollen
606 1407 1474 1568 Etem zu Neru becktrybeg er gepet
600 1473 1395 1605 ein schwartzen glanttk enß eis
600 1520 1468 1669 Wulenen Wyberfock, Wermit künget
617 1605 1472 1735 selbiges sy ime aber widerumb aberi
596 1661 813 1733 worden.
564 1754 1446 1903 Denne zu Fryburg hun der statt einem
614 1845 1451 1963 Berwer zwey Stuck läder entragen
548 1957 1435 2064 Wythers daselbst zu Fryburg zun deß
611 2041 1452 2140 Großweybels huß ein dolchen genommen
533 2160 1419 2279 Item 55 Jacob von Ligers zu Frybirg
637 2244 1437 2326 wenig zych hieuor Versehiner Wienacht
571 2239 617 2336 9
635 2289 1437 2362 ain silbermen felch vermitruwet
611 2343 1437 2419 Wellcher aber hernach by ime funden
596 2399 1441 2453 restituiert unnd widergeben worden
598 2443 1441 2540 so ie ouch ein schnür vol Buldin Traller
613 2500 1440 2598 entragen, dahar er von einer oberkeit
580 2559 1455 2678 daselbst gfengklich ynzogen, jedoch uf abtrih
603 2626 1455 2714 cost eits unnd widerbekerung 45 fronen
616 2689 1426 2796 so syn bruder von der erallen wegen
598 2744 1396 2846 fin inne versprochen uff verhoffete
606 2784 1421 2896 beßerung widerumb uß unnd leds
601 2868 1025 2967 glaßen worden.
583 2949 1405 3074 Deerners als anhienor dryzächen
580 3006 1445 3134 Faren by einem Metzgen Corbery genen
571 3044 1427 3197 zu Fryburg gedienet, habe er gottes de
2435 660 2546 720 50
1553 755 2400 936 allmächtigen gsatzen unnd gepotten
1583 827 2415 984 llen heoffenbareten rechtenstattuten
1565 892 2486 1038 ordnungen unnd mandaten auch Cchristag
1574 940 2458 1088 licher erbarkeit nnd möntsch
1567 984 2496 1136 licher nathur zuwidermn einer thu (sohan
1553 1053 2479 1223 desselben synes Meysters schür usemhalb der
1558 1107 2514 1260 statt gsin) mit Renerentz zemelden (leyder
1556 1201 2514 1351 unchristenlicher wys übel sich vergangen.
1535 1248 2533 1380 vertiefft unnd also wider möntschliche nathur
1521 1320 2288 1450 mit derselben zuschaffen geheptt
1591 1483 2511 1576 armolhin sye er angfarlich vor 4 haren
1504 1545 2538 1656 zu Donnan auch Fryburger gepiets (leyder)
1582 1604 2427 1704 Ist verrichter unmöntschlicher begurdt
1574 1662 2538 1754 abermallen zun ein solchen schandtlichen caster
1591 1724 2509 1814 lichen unnd hochnerpotnen willen gerhaten
1582 1795 2496 1888 das er gottes des herren geoffenbareten
1585 1848 2556 1966 gsatzen Christenlicher erbarkeit unnd mantsch
1582 1916 2532 2004 licher nathun träffenlich unnd ihm allweg
1570 1991 2538 2082 zuwider mit einer brunnen pfärtten, so des
1580 2035 2522 2139 scherers daselbst zu Donnan gsin unnd er
1588 2092 2526 2196 angetroffen, wie auch hieuor Sechs wuchen
1563 2149 2514 2251 Reuerenter zemelden) mit einer Geys
1576 2220 2505 2313 onchristenlicher griwplichen, abschuchlicher
1505 2277 2447 2372 Wys vergangen unnd sich mit derselben
1598 2335 2487 2439 abermallen träffenlich vermischet unnd
1584 2416 1963 2512 bel vergäsgen.
1577 2494 2487 2607 Vnnd nach dem er nun hieuor etliches Zych
1607 2578 2505 2653 solche cästerliche unmontschliche unnd grüß
1496 2635 2480 2734 englienliche sodomstische Thater, hun gechaner
1493 2697 2481 2776 ruft bycht einem pesutter zu Fryburg erzellt
1615 2751 2550 2830 und eroffnnet, habe ihmme derselb absolution
1601 2807 2420 2907 pardon unnd nachlaß derselben syner
1598 2854 2475 2958 hochbegangnen unnd abschüchlichen sünden
1588 2917 2454 3008 durch mitel etlicher gewychtermater
1580 2975 2465 3089 Die er nochmallen ann synem halß zun
1610 3023 2466 3131 einem stürtzien büehstli anfragen
1593 3099 1848 3182 gegeben.
