3024 4032
615 636 1439 862 ncht Schwyn sich befinden laßen, vnnd
633 723 1434 897 Is abe daselbig vornen by dem burst
674 798 1450 948 erwütst ghan, da sye ihm vermelter
650 848 1454 1002 Gfeller genachet unnd uber jnnegen
645 905 1407 1038 schwuwen, auch harnach etliche mal
659 951 1427 1110 eswegen von imme beschulten unnd
655 999 1412 1133 gestrafft worden, das er aber die
665 1059 1448 1220 abschüchliche unnd unchristanliche chadt
619 1112 1418 1266 dach syn gfellers fürgeben verbracht
632 1170 1425 1332 Böne noch wüse vr sich keines wegs
653 1246 1413 1375 mit Maarheit nit zuermeren, sonst
635 1315 1443 1442 habe er sich har gott den allmechtigen
603 1366 1420 1498 bingklich angrüefft unnd gegeten
571 1427 1423 1561 Jane vor solchen inn synem gsatzt
634 1492 1423 1616 hoch vepöttnen sunden unnd casteren
636 1562 1428 1666 truwlich Zeuerhueten, das er dann
635 1614 1396 1748 gethan, vnnd Inne behuetet habe
594 1724 1378 1856 uf rncation unnd widerbringen
582 1811 1383 1920 deß begerdten berichts, so wol der
603 1871 1406 1987 Geistlichen Herren unnd Gsatz glerten
533 1953 1402 2056 Wie sunderlich auch der herren Doctoren
609 2009 1383 2119 vnnd latur erkhundigen, welliche
600 2096 1365 2179 darüber gründtlich erkennt, ist
605 2144 1368 2250 hieuorgemeltem Bendiche Zube¬
605 2223 1379 2322 sun betrachtung, aller umbstenden
597 2278 1377 2381 und sonnderlich, das er solche abschuch
587 2339 1379 2446 liche sodonntische dath, znn syner
585 2409 1383 2504 lnder Jerigen, unnd unuermüglichen
577 2473 1316 2570 kindtheit begangen haben soll
575 2526 1375 2635 Am leben geschonet, jedoch von
584 2590 1383 2704 myn g herren rhät unnd burgere
589 2656 1368 2766 erkennt worden, das er zu einer
570 2729 1335 2838 abstraff solicher furgenommen
553 2789 1364 2900 leydigen sach durch die Battelvögt
541 2858 1372 2971 Inn der gfangenschafft gezüchtiget,
543 2922 1359 3036 unnd gestrafft werden solle, daneb
562 2981 1359 3102 ouch beide Jungkhernen, wie ouch
552 3040 1342 3164 einer erbarkeit zu Bümplitz ein
534 3115 1323 3241 Schryben, unnd bevelch hherhaten
546 3194 1239 3299 worden uf inne zeachten
2369 655 2455 744 46
1608 745 2293 894 Bidnsile
1538 851 2426 1009 Wellchesich vor wenng faren mit
1547 929 2467 1050 It waldt Stallder vn dem kilchspell Langnouw
1552 1001 2463 1135 vererlichet, demselben sy dann anfangs, ein
1536 1057 2453 1193 kindt, als für das syn zugeeignet, nach dem
1556 1127 2352 1262 sy aber mit einem anderen Caspar
1531 1191 2476 1303 Moßeman genempt, des nachgenden erzügeten
1522 1248 2486 1376 khindtszun arzwohn khomen unnd imme daselb
1548 1295 2489 1413 als für das syn ubergeben, auch damit bekennt
1560 1371 2447 1484 das das erste, so sy zun vermelts ires jemans
1526 1429 2438 1537 namen thouffen lasen, zum halbigen theil
1550 1499 2505 1576 vermeltem Moßeman zugehöre. derohalben
1511 1559 2468 1677 Ist sy dry stundt lang an das halpysen bekennt
1529 1635 1794 1735 worden
1657 1724 2161 1974 Fbncebii
1496 1918 2432 2055 E su iser syth frodianen sohmn
1554 2017 2436 2113 vond corselles by Patterlungen skellicher
1567 2069 2449 2171 vonn Trachsellwaldt gfencklich allher gebracht
1539 2122 2393 2214 wordenn, vnnd schonn Sievor vnnder Zurend
1556 2185 2463 2294 alhie gfangen gsynn. Ist mit einer guten ocher
1569 2242 2413 2345 sich ferhum wollen zehalten, ouch ihn betachtung
1563 2300 2466 2397 rnützit dwürdigs bekennen wellenn nochmallenn
1544 2358 2444 2475 ledig gelaßenn, jedoch ime wegen villmaltigen
1558 2421 2458 2525 argwons, mit dem eydt für die gummenen
1475 2467 2377 2593 unnd Hennsen bruck verwisenn wworden.
1560 2531 2069 2657 chu  te 360
1766 2648 2162 2853 Cons
1469 2804 2350 2956 Dnn Hhutgwyl elst vonn deß
1545 2913 2439 3010 beklandten Deidtenn Thallers wägern
1541 2968 2404 3055 denn gdt unnbet uff vernnere begend,
1556 3014 2370 3105 rung von gtaut unnd landt geben
1555 3054 1745 3155 vordenn.
1766 3062 2346 3170 Actum monntag den
1565 3115 2090 3226 24 mattii 1607.
