3024 4032
596 636 1450 944 Dtentagen
646 763 1460 988 und verheisen und hiemit, wiee du
560 785 1448 1027 Gsatz gotts und alleine geoffenswete
610 867 1442 1075 Rechtenn, inen beiden lebenden in
616 926 1442 1135 personen, die Ehe versprochen, von
574 979 1443 1187 wehlichen vorerzelten fäleren,
623 1041 1434 1229 und anderen verdächtigen sachen
581 1129 1433 1295 wegen, sy dan hienor gfengekhi
582 1177 1423 1356 unzogener, jedoch uffletst abgeh
631 1242 1440 1398 ih September verflossen 160 b Jans
576 1296 1436 1483 fra zr verwürckt lebenn, ußga
622 1358 1432 1516 geschenckt und uff verhoffende beseen
573 1412 1436 1579 Nach dem sy zwostund, andemah
598 1470 1446 1627 ysen gestanden von myner guzer
602 1535 1421 1678 vnd Oberen, Stettenn gegietten
607 1596 1431 1765 und landen, mit dem Eidt vern¬
582 1691 1419 1798 wordenn, wetliches aber by gran
614 1743 1431 1850 sonit erschießlich gewesen, wee das
588 1775 1417 1907 sy sich, widerumb daryn gelasen
578 1875 1433 1972 Wiewol sy anzeigt, wie das sy krbu
580 1915 1423 2023 heit halb von Kriegstettenn, vonei
584 1979 1424 2081 dett an das ander Inn Ir gnadenla
584 2025 1416 2130 den gefürt worden, Hiemit thei
581 2081 1410 2188 loßs worden und den gethanem
570 2134 1075 2249 Eigt vbersechenn,
542 2329 1380 2426 Berners wiewol sy hieuor iro
581 2405 1393 2500 ersten gfangenschafft, vermeine
564 2456 1396 2549 und mit der unwarheit eerhalten
524 2515 1393 2644 das sy an dem ungelegten fhür
552 2569 1377 2679 an nachnolgenden Prtten, kein
549 2621 1378 2742 schuldt nit trage, so hat sy sich dos
546 2682 1365 2812 dismals geenderet und anzeich
267 2737 540 2833 hievor 4 Jaren
499 2728 1374 2890 Nach dem sy sich ein zytt lang
535 2799 1381 2931 Jonggenridt endthaltten und zug
528 2852 1378 3005 zogen, habe sy eins mals uß böserd
554 2897 1376 3071 Here n Jacob Pfisters offenhuß
471 2961 1369 3141 Glüënde kolen uff einer schindlen
518 3029 1357 3201 holtz under dem tach gethan, demnaß
539 3077 1364 3238 aßs uff das fäld in dem huß gsunt
518 3142 1357 3304 Vnd Inen vermeldet Wie das eine
521 3176 1374 3391 fehür yngelegt. der dan hingeflogen
514 3244 1353 3406 sye, daran aber uitzit gsin. Sonder
497 3306 1342 3482 daselbig der ursach, jra etwas dahan
518 3394 1155 3535 eheret werde, gethun habe
1545 801 2505 934 Denmach habs sy sich ghann Eimwach begebenn
1598 877 2477 971 unnd alls sy ein bythlang daselbst zum Hanns
1553 926 2433 1027 Tüschers hauß gereydtet, habe sy ein frömbder
1558 988 2481 1076 Korber mit wordten etlichermagen beleytiget unnd
1580 1037 2501 1125 erzürit inmaßenn sy abermallen uße anstifftuang
1535 1091 2498 1192 Deß bosenn findts darvor unnd gott gnädigklich
1562 1141 2504 1228 Sekahrenn welle) zugfarenn und habe ohnne einiche
1572 1200 2463 1272 Aundere Vrsach nach Annlaß demselbigen Hanrs
1565 1250 2454 1348 Cristher synn huss unnd zeymbäsen finnderhar
1590 1308 2431 1405 nit fhür anngesteckt, darduch dann solche
1580 1363 2460 1458 note unnd brunst (leyder) endtstanden, das
1577 1417 2518 1507 mit demselbigen nach in die Füesternn darinn
1542 1463 2455 1575 Dann Aller Bimmerroub Ynnglegt vnnd Rychlich
1562 1529 2449 1625 versechenn gsynn irmnnerlich verbrunnen unnd mit
1577 1580 2449 1678 eillenn Fruchtharenn bännen verzehrt wordenn
1556 1625 2479 1744 unnd als das dorffteolfen ab dem säldt dem grot
1559 1684 2497 1788 schaden unnd der erunst zugeylt, Da habe sy
1536 1734 2437 1831 Tehmannm innen faltschlick annzeigt unnd
1524 1790 2460 1882 fürgebenn, das solches thur semelter Korber
1536 1863 2464 1942 Bnd synn meitgespann ynngelegt unnd anngesteckt,
1557 1909 2484 2000 habendt. Dennselben sy die dorffluth nachgeylt
1559 1953 2416 2052 unnd versthaffet, das sy uff söllich hrren faltsch
1529 2012 2460 2115 fürgebenn dom Buchegg unnschuldiger deyse, strange
1530 2060 2442 2164 Cortuo unnd marter Jrethwegen ustahn unnd erbyden
1555 2126 1775 2202 migenn etc.
1521 2198 2452 2306 Endtlichenn habe sy ihnn irem keymnet zu
1554 2279 2389 2377 Albringenn hievor einem jar im Früling
1550 2329 2434 2437 Hanns Tigler gefharlicher unnd fräffner Wyß
1527 2392 2469 2485 sien Källerbußs mit fhür anngezindt, derselbig
1520 2446 2385 2541 dann mit sampt einem spycher, so zu nechst
1533 2500 2422 2599 daby gestanndenn vff denn Grundt verbrunnen
1534 2550 1698 2652 syr etc.
1516 2616 2445 2735 sienshenn Gibt sy für das Iroo solliche Er¬
1508 2706 2452 2798 Gelte schware mußbethatenn uß großer Blödigkey
1511 2747 2449 2859 Eres hhaupts unnd das sy ir erster ehman selbig mit
1528 2806 2407 2915 schlachenn ruch traptiert unnd dtrang gehaltenn
1475 2864 2472 2957 dardurch sy villmals unnbesindt unnd unntnyemlich worden,
1540 2923 2466 3028 hiderfharenn sye, Vnnd sitet derhalben Ehrungenlich
1451 2986 2424 3075 vmb gnadt, vnnd Ohellmidt ihr G. Iroo wegen Ier
1481 3034 2461 3136 Erucht die sy vnnderem Hertz frage miltigklich ver¬
1492 3096 2473 3156 schonnen, dann sy vonn ermeltem ihrem letsten eheman
1484 3162 2413 3244 Peter usar, so von Meurten pürtig unnd aber jetzmalls
1500 3202 2338 3298 Im ammehalb dem scheyden nach syen soll
1512 3255 1951 3360 Schwannzer gannze etc.
