3024 4032
530 728 1117 860 ahsheirieh
781 829 1041 920 shwytzen
422 897 1373 1047 Aes dann Hans Heinrich Schwytzer.
515 994 1340 1097 vonn Sursee, durch den Amptsman von
465 1055 1359 1162 Arwanngen, glengklich allhar geschickt
497 1114 1350 1218 unnd mynen Herren verzeigt worden
491 1175 1373 1284 wie das er zu Bleyenbach thunn wirts,
467 1233 1400 1351 huß sich so hoch vergaßenn, das er grei
533 1297 1351 1397 van er dru Ane Maria unnd sone
524 1356 1366 1464 paternohter patte bestannde er des
540 1417 1378 1533 Tags, sibenn Berner denne yent die
495 1486 1326 1587 Berner in Franckrych erefloschenn
516 1555 1384 1658 habe sy selbs gholffenn Jagen unnd ha¬
495 1625 1402 1716 beit die Bernner iren gotz unnd her-
500 1684 1397 1758 gott verbrönndt unnsere predwanmen
520 1739 1391 1848 ereehrnit die keine münrs Gottes
539 1799 1389 1893 nüt, enndtlich seye unnsere lehr ein
1284 1856 1389 1931 Jahar
501 1852 1107 1961 Fule Waltsche pfrartickh
554 1926 1394 2032 vnns dem leidigen datan der ein
545 1981 1420 2107 abschüczlicher Vgeundt, alles gleubigen
560 2046 1414 2168 sentzen) erwünscht, Alls er nunha¬
524 2105 1419 2226 wol mit martten Cexannniert wor¬
521 2179 1411 2311 Den hanes sich dises wornenn nit er-
551 2237 1380 2373 jnneren wehlen, mit vermeldenn,
580 2304 1392 2437 ye mechtieb trenckhen gsin unnd
587 2356 1385 2488 wann er solches greedt muhte Inn
525 2420 1370 2582 Gott der allmächtig wol gestrafft
529 2495 1421 2632 haben, vnnd die wyl aber die Jarob
570 2557 1387 2688 verhörwen züchen, sölliches mit der
546 2621 1412 2785 Eydtspflicht bestattiget, it er uff einen
566 2679 1428 2837 gethangen widerruff unnd geschworen
552 2730 1408 2897 Urpzeiln mit ruwnn ußebestrichen
590 2809 1415 2961 und vonn stattunnd lanndt
554 2883 1410 3029 verwisen worden, Actum den4
570 2974 1052 3112 eltembris 1805
1446 1308 1476 1367 t
1473 1874 1517 1957 7
1630 773 2406 977 gnserthen
1622 940 2432 1089 Hlsdann Hanns Gaberthell uß
1516 1014 2405 1152 Der amptyung arbin hievor verergwonet
1527 1040 2447 1207 das er eynem synem nachberenn Jacob Lüdti
1445 1104 2415 1240 genamet) nächtlicher wyll etliche rinder
1472 1149 2484 1301 verletzt, vnnd alls er vonn dezwegenn vom
1544 1196 2469 1345 hvogt daselbst befragt zu ime gesprochenn
1564 1246 2459 1396 habenn soll, er h vogt habe solches gethann, des
1569 1299 2488 1440 er aber amnfangs siner gfarreensthafft, sonderlich
1576 1359 2454 1490 der gezigten hat halb nit ders uss Anned
1568 1411 2457 1538 unnd bekandtlich synn sellenn, arumb
1578 1464 2438 1597 er dann uff vernierenn empfangern bericht
1566 1513 2515 1645 der Stadt Sollothurnn widerumb herfür genommen,
1517 1580 2509 1701 Vnnd tess V. G.g. beuelch, duurch denn Ehrenvestern
1566 1634 2477 1747 fürnemmen wysenn herrenn frantz Gruder
1533 1693 2469 1799 Ien gegennwürdtigkeyt h Großweybells unndt
1557 1747 2514 1842 aannderen v g Dienerenn zu Marzilli Midt
1567 1807 2418 1906 unnd ohne totter geyters Jacob geepormmert
2149 1851 2492 1945 Daselbst hat er
1580 1868 2005 1955 unnd befragt worden,
1561 1913 2519 2010 Bekendt, das er uff ein syts gschafftenhalb
1588 1968 2481 2073 sich gahen arber begebenn, syen sell mit
1598 2023 2492 2108 mit ime genommen unnd nachwartz sich zu eyner
1558 2076 2515 2161 gesellschafft darunder Hanns Lüti von Offschringen,
1587 2127 2468 2211 unnd Jacob im wyren auh gsyn, in trunck
1598 2181 2484 2264 yungelasenn, sye inr vollgendts gegenn nacht
1595 2227 2489 2327 Ein widerwillenn, vnnd kis denn er gegenn
1596 2273 2489 2382 erstgemeltem acob Lüti gethragenn und nit
1588 2341 2538 2423 gwügt, wie er inne beschädigenn möge, uffgeroshen
1606 2392 2484 2479 Alls das er ehedtzwüschenn siner beymbstraßs
1612 2443 2477 2530 sich Inn deselbenn Behmenn, vnnd Stallung die
1579 2494 2535 2586 unnbeschlosenn gsynn Alldor die rinder gestanden
1617 2549 2542 2635 vershügt unnd habe über unnd uber mit gesagtem
1615 2609 2493 2706 synem Giell vff dieselbenn geharwenn Imnach
1612 2662 2475 2757 er nit wicenn mögenn, wie manshoupt er
1631 2715 1780 2786 vrletzt.
1787 2698 2547 2813 Daselbige hyim Viell habe er alß
1615 2772 2550 2865 trunckner byßvallenn, vnnd dahinden verblybenn
1607 2840 2543 2924 lassen, Wellicher fhäller Ime vonn hertzenn
1585 2886 2513 2973 leydt sye vrpüdtig gedachtem synem nachburren
1622 2937 2506 3036 sollichen zur zugfügten schadenn abzetragen
1514 2996 1940 3099 vnnd zeersetzenn
1600 3047 2500 3151 Denmach so verblybt er bbsteundig, das
1622 3135 2456 3219 Caspar Vellschlegell sonst keyser genempt
1633 3173 2478 3265 ff dem Eimpelbarg sollothernner geprets
1624 3229 2486 3318 nach ime geschickt unnd inn gegenwertigbeyt
1619 3280 2498 3362 sines nachberenn daspar ernns anzeigt
