3024 4032
470 1328 504 1365 11
499 1016 1404 1138 dunigs, bekanndtlich ghinstge, danner jen
539 1085 1396 1203 herren vogt, sölliches allei rachtswyß für
535 1137 1387 1236 gebracht unnd klagt jedoch nit allso e-
533 1187 1396 1298 meint, darumb er sich zum theyl, des ve¬
527 1240 1384 1326 kundts innhaldt beschware, mit verne¬
539 1296 1405 1380 vei annzeigt gemehlner keyser habe und
546 1342 1405 1435 anzu anleigung gaben, wie es dan an in
545 1395 747 1483 selbs seye
754 1395 1406 1482 an er inne anfangs an¬
554 1449 1413 1536 gereedt, habe inne diser thatt halbenn
539 1501 1409 1592 Ihnzig, vnnd werde er villicht, vom Herren
555 1548 1306 1638 vogt, deswägen ruch anngereedt
566 1597 1420 1699 vnnd ghaltten werdenn vnnd wie ballh
572 1656 1417 1745 ölliches beschäche, sölle er zu imesprechen
547 1713 1425 1803 ere Herr vogt habe es gethan, wellichem er
547 1768 1383 1856 Aber kein glouben gaben, Wise ouch
562 1826 1418 1918 nit, durch welliche person, solcher schadenn
526 1876 1424 1971 Ime Jacob Lüthi zugfügt worden, ab glych
560 1928 1425 2027 vol ermelirer keigsert, inne harzu under
509 1981 1411 2069 wisen, vnnd habe er dhem Andere Kundt¬
561 2039 1446 2143 schafft harzu bruchenn wellen, dan Allein
500 2092 1443 2199 CCaspar Brun sy nachgir, wellicher by und
541 2144 1438 2233 mit ghin, alls ermelner keyser, jmne
567 2195 1434 2299 illices grattenn, vnnd furgebeldett synes
544 2258 1449 2363 heyls siye er unnschuldig habe die kinder
555 2309 1440 2420 gentzlichen nit verletzt, welle vell ehe deß
530 2354 1431 2466 wägen usstann undryden, was junde
543 2398 1412 2538 angemuttet werde, Ja der Chodtselbs,
545 2506 1413 2625 unnd alls inmit vernuers fürghaltten
500 2579 1406 2674 worden, ob er sich mit einichen diebstalen
551 2623 1400 2737 oder annderen unthatten begangen, wie
562 2657 1435 2790 er zum stheyl verdacht, darumb glychs¬
509 2724 1431 2869 Fals bscheydt zugäben. zeigt an syenit
570 2785 1445 2925 under weder das er hieuar siben jären
564 2829 1428 2985 ohngfarlich einem lanndtman ein ros¬
1187 2886 1449 2961 Welliches
578 2910 1189 3041 verkaufft, unnd hingaben
567 2938 1452 3079 Aber hernach Vnuersachens wider Ankomm
550 3009 1404 3161 das er den anngenomen, vnnd habe
1553 666 2375 828 sölliches volgenndts mit einem annderen
1583 717 2385 870 umb zwey heupt vnch vertuschett alls
1571 763 2460 934 aber dem ersten kauffman solches entderke
1564 809 2477 974 worden, da hale er imt darselbig erste kouff
1579 890 2442 1028 s�lig widerumb ercasren und erleggen
1587 931 2424 1067 müssen vonn welches tälers wägenn
1570 994 2300 1133 er aber syn gtraff empfangen.
1553 1089 2460 1248 Denne so habe er einem syner nacheüren mit
1599 1169 2448 1276 eiersentz vnnd gungt zemeiden ein
1586 1201 2471 1343 J�rli, doch unw�ßent, weßen es ihm ufge
1610 1256 2464 1379 altten. Deßglychen einvych gestumpttt
1593 1316 2451 1451 Jahar unnd von beyden articklen wägen
1590 1370 2425 1490 ebt dem h. jetzigen vogt zu Arburg
1563 1425 2451 1544 Ann die straff gefallen, welliche er hint
1591 1482 2461 1596 auchentrichtet, sounten habt ermitzet
1605 1505 2514 1645 ubels begangen, allein das er sich inn zyth
1618 1587 2418 1701 us erste frauw noch inn lalen gsen,
1621 1619 2504 1741 nit dproser übell gelapt uß irent anlaß
1605 1686 2424 1786 Ann ein dirnen gehenckt, vnnd sich
1602 1737 2460 1840 allso jederzyth Der haundtarbeit
1584 1810 1910 1911 beholffenn, etc.
1572 1885 2478 2012 Birget allsothrungenlich umb gnadt etc.
1653 2116 2364 2244 l 624
1565 2308 2545 2424 Uodann Losrnns Birdtli us
1617 2398 2554 2450 der amptgung arberg, nun etliche tag
1613 2443 2561 2512 vordern hnn gfangennsthafft endthalten wordenn
1624 2496 2566 2584 vonn Wegenn er nu mehrmallen mit synem bruder
1585 2559 2520 2654 Caspar Wadtli beträffendt irs vatters selligen
1594 2614 2533 2708 verlagnenn gats inn villmaltige gosanm ge
1594 2668 2563 2746 nthatenn. Allso das schonn vnnder drysen mallenn
1589 2722 2563 2817 zwüisthen inem ist abgesprochenn und allwegen
1619 2786 2521 2885 Ime Hannsen etwas mehr vonn fridt und rudte
1535 2843 2573 2942 unnd keines rechtenn vegenn hrnzn gethan vorden
1625 2898 2539 2999 henn er sich aber nit sovill ersedtiget, dann
1613 2960 2562 3054 das er desswegenn retstlich üöber gedachtenn seynem
1565 3009 2592 3117 bruder nmehr hoffinngen an offner ttrag geziebt
