3024 4032
984 627 1302 713 dut  r sm n  a 18
368 698 1214 820 Bittet fundtlich ganntz trungenlich
488 782 1364 897 ynes verhalltens läbens, thuns laßens
477 845 1240 937 hanndels, vnnd wanndels, bÿ synet
440 885 1319 984 Nachparschafft Bericht unnd Khundt¬
420 939 1290 1045 schafft, vffzenommen. Dann es wol
486 1011 1273 1103 vnße niemandts beleidigeth habe,
384 1110 1282 1238 Ist zum ersten mal lähr zuman,
413 1191 1235 1282 deren mit dem Kleinen vnnd zum
491 1256 1228 1358 ricen mal, mit Zweyen steinen
478 1325 953 1436 fzogenn wohrden
297 1507 1242 1638 Den 19. augusti 1685 ist dises
311 1593 1316 1709 Hanns Stutzman uff ein geschwon
475 1664 1202 1757 en urpherd unnd attrag alhes
481 1717 1262 1825 lostenns mit syner gfangenschafft
478 1791 1175 1903 ufganngen us umb leidtg
477 1862 1009 1963 gelagen wordenn.
1032 1921 1251 2012 a po
1069 2004 1237 2090 a
1631 831 2352 964 dv a
1853 897 2088 1004 hruhe
1572 967 2502 1142 uff ziinstag den 1o auousti 1605 jars
1595 1046 2397 1179 innbysen unnd gägenwürwigkeit,
1600 1095 2403 1228 des fraumen firnemmen ersammen
1577 1134 2462 1281 Wiysen herren Frantz Anders des rahts
1570 1190 2490 1334 dambt Tscharners Grozweybe ssampt
1591 1239 2439 1361 einem weybelmynergh Herren vnnd
1536 1352 1752 1432 Oberen.
1595 1350 2518 1485 it Hanns Baberthrull uß der amptgung
1601 1425 2490 1556 Arburg inn der mänigen Resli exanig
1577 1491 2507 1587 niert unnd erstlich vermandt worden
1586 1540 2484 1657 aunzuzeigen ober nit, luth eines Ann
1631 1589 2451 1702 rechten daselbst zu Arburg, zwüschenn
1627 1644 2488 1742 imme unnb dem herren vogt pynon
1597 1695 2472 1799 Rrecher erlaungten, vnnd geueltten Vr¬
1588 1749 2532 1828 Kundts amnrredt vnnd btkanndtlich war¬
1865 1797 2496 1881 das nach dem ermelnr he
1602 1824 1662 1883 del
1619 1848 2508 1950 vogt Inne wagen gezigter thatt, das er
1628 1900 2510 1985 samblichen Jacob Lüthin von Offtringen
1566 1934 2507 2039 inn der nacht den knnderschädlich vere
1620 2003 2525 2075 etzt unnd gehauwen haben sölle angereedt
1600 2063 2461 2149 unnd beschickt, er damals ime herrenn
1635 2112 2446 2196 vogt unnerholen unnd fraffner wyß
1632 2172 2515 2265 geanntwurdeet, er herre vogt habe sölliches
1632 2225 2558 2320 elbs begangen, unnd verbracht unnd darby
1628 2279 2541 2351 greedt Caspar Willschlegel, sonnst keyser
1626 2326 2526 2410 genampt uff dem Engelbärg ihn der herr
1644 2372 2522 2474 afft Olttenn Gollothurner gepieths gesetzen
1640 2428 2511 2512 hasbe inne darzu anngewisen, unnd
1622 2492 2506 2558 bereedt mit vermelden wellet gung¬
1646 2546 2526 2609 amnne kundtschafft funden, wyl er mit
1645 2590 2457 2659 den laundtlithen so such sye, das er
1637 2652 2478 2736 seynes tragennder sampts enthetzt werde.
1622 2697 2520 2811 hottuberhatter, mit villenn vmbsteunden
1626 2783 2514 2867 eüerstan gaben. Ob glychwol vermeltt ur
1614 2824 2519 2898 kundt vermoge unnd zugäbe, das er ime
1643 2881 2507 2964 herren lanndtvogt gedachter sachen halb an
1634 2934 2520 3022 geredt worden, so sye doch sölliches nit uftruckn
1633 2985 2496 3090 einlich beschächen. Da er iumt aller
