3024 4032
682 653 1475 874 obgedachts Hanns Zebers sohn (leyder
679 756 1375 903 unden, das er mit Reuerenz vor
1378 870 1464 929 D
675 826 1456 973 Christenlichen oheren zemelden) und
634 878 1432 1020 Cchristenlich gehandlet habe, begere
628 937 1454 1081 Ddero wegen Inne gfeller Glychsnal
650 1006 1458 1154 zu einem vorsager zestellen, wellche
640 1058 1449 1216 imme dann urteil unnd recht auch
668 1105 1460 1263 nachglasen, wie er nun solche wichtge
659 1141 1425 1289 klag zu imme gfeller gefüert, hate.
596 1214 1430 1367 Dero mit warheit auch nit abred syn
585 1276 1457 1444 Elinen dergstalt als ers leyder gsey
603 1342 1448 1477 das sich solche sach begeben unnd zugetragen
630 1402 1441 1541 habe er nit ermanglen bonnen, noch wollen
612 1465 1442 1595 sonnders sich ungfarlich nach beschechner
647 1538 1445 1660 nit anderhalb Stundt vergangen, dase
622 1615 1407 1705 zu imme zeds als synem wechberen
629 1663 1451 1771 khommen unnd imme das vermeldet, znsamt
599 1735 1432 1838 zeit von deswegen wyll er domals
630 1798 1429 1905 ein berydeten unnd des Chorgrichts gsin
615 1860 1435 1962 imme das nit zeuerhalten, vermeynende
630 1929 1434 2024 er solche leydige sach an gebürenden orden
629 1989 1434 2078 offennbaren vnnd vermelden solle, vnge¬
638 2052 1417 2151 acht aber, deselben habe er Gfeller
577 2105 1435 2213 imma anzeigt, er sölle desen geschwygen
543 2169 1420 2274 Der knab sy noch gar fung unnd er
600 2227 1419 2346 gutter hoffnung unnd zuuersicht, wann
615 2303 1402 2410 y iun darumb straffen, werde er sich
554 2366 1388 2456 Der sachen mueßigen, darut habe er
583 2426 1399 2528 Gfellen die sach beruwen lasen,
571 2498 1404 2603 nnd den in bishan niemallen gedacht,
573 2615 1419 2724 N und nach dem nun solche wychtige sin
589 2679 1404 2786 utallenfirische sach für myn gnedig h zun
564 2713 1405 2833 gseßnem rhat angelangt unnd fürkhommen
553 2785 1376 2917 Da so habendt hr gr ampts unnd oberkeit
528 2843 1374 2970 halben, nit fürkhönen dann vermelten
564 2911 1373 3017 beschuldigeten jungen zuber unnd inne
548 2971 1371 3115 gfellen zu synem beßteren underricht
568 3031 1374 3148 nachzestellen unnd sy gefengklich yn
533 3074 1381 3222 zechen, wie auch allei sachen information
536 3144 1372 3294 unzonemen ze lasen, haruf synnn si
510 3212 1368 3366 Der gfangensichafft gegen einanderen
2436 678 2498 768 45
1571 701 2448 846 ontrontiert unnd verhört worden, da dann
1581 793 2502 896 gedachter gfellenbegeren unnder
1551 848 2451 947 ih znit zuber nachvolgender gstallt
1568 888 2445 987 fürghalten, namlicher ob er sich nit zu
1584 944 2462 1037 erneren, als er Gfeller hienor ihm höüret
1540 1003 2457 1100 Emliff har gsin nach mittag hun der matten
1576 1058 2449 1168 synen rossen Grasen den Baren reichen
1530 1109 2451 1219 wellen, er domals imme zubar neben dem zun
1536 1167 2472 1263 Reüerenter zemelden, hind er synes vatters
1564 1230 2436 1341 zuchtschwyn wornen die hößli ufgethan unnd
1574 1297 2462 1380 entsblögeg ersechen unnd befunden unnd er
1542 1354 2490 1455 Domals nit abschüchlicher und unchristenlicher
1547 1415 2363 1526 Wyst mit demselben zuschaffen gehept
1528 1478 2463 1557 unnd (leyder) synen boßen willen mit
1504 1537 2474 1632 dero underzwürendt vrnept habe, vnnd al
1567 1600 2443 1674 er gfellen erschrockenlich und Zoringer
1571 1661 2450 1761 gstalle, uber inne geschrüwen und deswegen
1565 1726 2453 1826 beschalten, ob er daruf sich nit angentz von
1535 1787 2428 1898 dannen zu synen geschwüsterten zun synes
1492 1846 2475 1953 Vatters Schur Chen begeben, wie auch Inne
1493 1906 2518 2011 hernach deghalb bezüchtiget unnd abgemant
1543 1966 2428 2073 habe, ob er hnne daruf nit etliche mal
1565 2031 1990 2135 abgetretten sye.
1564 2115 2430 2241 son wellcher gethanen anclag und erinnerung
1554 2208 2448 2296 aber unnd sonnderlich der leydigen abschuchlich
1570 2263 2462 2365 that gemelter bendicht Huber, so nachge
1556 2320 2415 2409 wnger erkhündigung Somal siben jar
1555 2372 2455 2455 alt gsin gar unnd gantz nützit wnsen wellen
1542 2434 2435 2520 weder das er hernach uf veerner anhalten
1520 2490 2437 2561 Montag den 19 januari die gebrewürttigen
1541 2559 2478 2646 1607 hars iun bysyn anhören unnd gegen,
1564 2612 2432 2697 würtigkeit der eherenuesten fromen
1562 2668 2427 2733 fürnemmer ersamen unnd wysen herren
1540 2732 2370 2829 Jacob Tilliers deß Ebhats Marchi Ghot
1519 2783 2400 2870 Der Burgeren Hanns Rudolff Steygers
1543 2846 2391 2940 Großweybel unnd etlicher weyblen
1558 2904 2428 2999 mynen 9h zu Warzilli sich nachvolgender
1571 2968 2424 3029 maßen erineret, mit unnd ohne marten
1567 3014 2377 3110 bekennt, namlichen wie das er zum
1528 3082 2399 3179 Derselben synen underherigen khindtheit
1562 3138 2385 3229 an obverzeigtem ortt neben dem zim
1544 3201 2452 3294 hinder obgemeltem mit gunst zemelden
