3024 4032
741 845 1437 1075 drs orsen gergen
792 1019 1461 1202 frytteg denn fùnfftn¬
560 1066 1473 1269 Fnis diß 16 57 jahrs inn bylich
684 1130 1474 1317 eß edlein vestern hrn chrond
607 1154 1452 1370 Erlachs deß rhals unnd herrenn Groß
629 1229 1079 1335 Weybelen Steygers.
1206 1303 1446 1407 dat divon
618 1290 1462 1468 Phätterlinnenn allhar gebrachte gfangnre
586 1335 1452 1512 Mangte Dieree Ehihsot sonst sans fr
635 1423 1456 1583 genempt uber hienach gemelte Artike
638 1468 1454 1656 vnnd befragenn vollgeunden Bcheydt geln
604 1570 1454 1732 erstlichen, das er sölle alls er vern
606 1655 1444 1795 aoonnet unnd zum wyll verleydet wrde.
590 1678 1443 1843 u dei byrlegteheng wellige hie
579 1732 1440 1904 Aißbstihung der gtatt Griff gebegt
610 1811 1457 1970 vordenn etwas annleyttung noch michterng
613 1868 1448 2007 gebenn, villwenunges derselben einiche geman¬
619 1919 815 2002 habenn,
830 1933 1435 2057 Betgürt unnd zugel
544 1988 1442 2125 hochliche das er vonn solcher gotttung ge
588 2066 1433 2181 unnd gar mitit gwügt unnd ime göhlich
566 2121 1425 2220 frömbd gsynn, dann er damalls als die
587 2175 1441 2286 bstügung bstpechene sich zu Paryß zu
482 2240 1432 2333 ie er dann solliches mit guter attestation
540 2294 1424 2404 Wo vonn nöterm uffrichte undkelte) Nach dem
576 2349 1440 2460 er aber zu Vatterleigen wwiderumb krnke
575 2409 1427 2533 Habe er daselbst das erscte gynster besegt
568 2471 1416 2591 Stygleytern Inn k Doctor Pfabres
545 2532 1425 2639 huß ersechenn, darüber er sich verwunderet
530 2600 1413 2700 hernach vermners nützit daruff gesetzt, noch s
536 2653 1415 2753 derselbenn ze Informieren vnndernommen
512 2735 1403 2860 Dannotsin ob er nit züer so zu Gäüff
542 2812 1374 2913 gfencklich andthalten wirt erkenne
542 2868 1419 2964 mit demselbenn etwas gueinsthafft ghan hatn
529 2922 1411 3008 Harüber hat er vermeldet, wie das nit mindt
449 2956 1403 3076 Dann das er Inne (wann es derselbig er vnd
451 3033 1404 3134 unnd vonn Grenobles sye) schonn hievo il
542 3088 1401 3194 er zu vins gewohnet wegenn sönnes sch
527 3141 1404 3239 unnd fylenn Honkenn hhandtwärchs erken
529 3195 1408 3313 unnd nun hievor wennig syth alls er unngete
533 3258 1405 3387 Jahnn pädterlingenn kommen unnd inne aa
529 3318 1390 3444 habe sich begebenn, das er etlicher gschäfft
512 3384 1397 3500 hege, allhar gereyßet, Da habe er Inne
498 3426 1396 3589 gleyotet, h ziezwüstgen syendt sy dess f
2394 707 2505 798 3
1560 748 2502 864 Diewyll der von atternwyll ihm burgendt
1544 829 2504 933 Ime maytre dieere nachwarbenn laßenn, das er
1570 870 2519 975 ihme ein ter unnd instrument zu einer falbrucken
1582 922 2511 1009 machenn solte, mit einanderenn dahin gahnn hastean
1544 972 2507 1063 Willan gegahndt, inn betrachtung er ime mit synem
1594 1021 2535 1119 Schlosser vandtwärhn darzu diennstlichen synn werde
1576 1078 2540 1162 nachdem sy aber unngesthaffter sach zun das burgendt
1574 1129 2527 1228 zu dem h vonn ophrr unnd dadannen gahn Chastean
1550 1183 2532 1273 Willain kommen, Habe der vonn drenobles semer
1580 1242 2502 1336 glegennheit vermers nachzüchenn sbellen, damit inne
1536 1293 2488 1363 gepedtenn, das er Ime im besonnder Patron einnes
1568 1351 2499 1442 unst stucks damit mandkafler erlächenn kam
1551 1404 2544 1502 zustellenn dehholte, daselbig er bester meynung gethan,
1572 1449 2514 1556 achtschake eh wider sohn bh nach das annder ortz einhe
1562 1498 2461 1600 achenn zum krigenn, unnd gturmmen zegebrnchen
1584 1557 2488 1654 nit gemacht, noch irstonent, wleylb ime derglychem
1572 1606 2450 1716 verbapenn) vonn sannen gelaßenn, dann so er
1575 1669 2452 1768 annderst dccusiert bestzeche im vemedtlich tc.
1558 1718 2484 1861 Lit wemuger dann etwas syls nach der Bestygnuß
1549 1782 2490 1890 der stadt Bauff, alls er sich by vermeltem vom
1547 1838 2512 1955 Gatteinneyll zu Chastean Willein (Hedoch keiner
1570 1895 2476 1996 bosenn intention gschafften wegen befinden lagenn,
1574 1939 2466 2068 abe ime derselbig fürgehalten, wbie das es had sy
1521 2003 2479 2111 Das er sich ihne disem landen endthalte unnd iham
1512 2074 1547 2128 1
1567 2058 2491 2166 er ihm dusfey, well er imne mit roßs unnd gelt
1582 2111 2486 2229 besellenn unnd ime daheim anleytteng geben, darzu
1567 2163 2437 2284 syen bolen zu Iur gredt danner zu Thurin
1571 2215 2516 2327 oder sonst hun Säffey were, wurde er mit synen funsten.
1566 2268 2446 2367 voll schelt überkmmen unnd etwas schaffen mögenn
1565 2333 2471 2443 das er aber Agentz Resuhiert, ußgeredt, vnnd abge¬
1533 2381 2422 2485 gschlagen unnd habe er niemallen wider die statt
1550 2429 2483 2553 auff villwenmger un B daunden noch gepieten.
1541 2485 2503 2602 den dero hnne u g underthännig empfoligen einichen
1583 2543 2471 2643 underwillenn nit gethragen sonnders stets (alls er den
1559 2595 2458 2694 den tag synnes lebenns thau will) für der beiden
1560 2644 2047 2730 stenden stillstandt gepeten
1484 2700 2431 2813 Dannothin, das er by dem Pulfferstampffer zzu
1580 2770 2468 2861 Piterlingen deselben bestelt unnd solliches n das
1551 2808 2486 2924 Burgendt verschaffenn weehlen, sye dergstalten be
1553 2866 2497 2975 scherhenn das dienogll ermelter Gulfferstampffer
1906 2916 1987 2961 üeren
1564 2914 2470 3010 synn wolbekandter feündt, hhabe er im vermeldet
1565 2967 2435 3070 Wanner dess bulffers etwas für haben möchte,
1557 3015 2453 3132 Sölte er daselbig dem h vonn corsies unbringen
1565 3057 2453 3176 Die werden imne woll darumb bezallen, Dieers sye
1573 3107 2469 3210 aber vonn hnhes unnd kenner sägen assection
1576 3179 2512 3274 noch meyenug nit beschechen er habe sy auss kein bevelch ghaus
1528 3219 2452 3333 Etstlichenn das er habe sollen wort kouffen lassenn
1553 3297 2503 3401 das wanner schonn dißmalls kleinfug, werde er doch nach
1564 3326 2449 3441 voll gelt überkommen unnd im sammet dahar
1550 3387 2401 3472 ghan konen. Diß verspricht er ob ime glychwollen
1514 3425 2441 3539 derglychenn wort Endtrunnen syendt doch dieselbenn
