3024 4032
112 939 315 1025 befunden.
337 746 1158 898 wellichem er etwas zyths mit konben
352 792 1169 964 behilfflich gsin, alls er aber demnach sich
310 843 1179 1019 Detsten kilchen zu Meßenn änet eegenten
385 911 1160 1056 in holtz zwenn böst buben, die mit ein
351 963 1170 1116 anderen gespillt, habe er sich durch diesele
353 1022 1132 1159 bereeden lasenn, daser uff der nacht
356 1069 1168 1240 mit inen daselbst ihnn ein darff gangen
328 1133 1155 1290 Allda sy erstlichen inn ein spycherge¬
341 1197 1167 1346 brochen. Daruß dan ein weyb brathennt
353 1254 1149 1389 ragen, vnnd etliche milch getruncken
313 1324 1165 1500 demen daselbst, inn zwen annder seyn
369 1416 1154 1549 echtlicher wyt gebrochen. Daruh aber
362 1478 1151 1621 itzit dan ein hembd verunthruweth
375 1535 1119 1661 erners zu Messen, ein sythen wheer
382 1604 1078 1735 stahlen, daselbig aber nachwerdts
389 1670 881 1756 derumb verloren
410 1735 1151 1887 n zu Burgdorff einem meßerschmi
380 1814 1128 1905 meßer eines batzen werth unuer¬
358 1875 726 1965 chenms entzuckt,
404 1949 1130 2057 Ihers zu Krauchtal ithilff syner
414 2022 1116 2093 ein uß einem spycher vier eynlachen
420 2090 1120 2176 et etlichen hembderen enntfrömbdeth,
427 2130 1099 2214 n wellichem imme ein eynlathen
440 2179 1032 2253 umb Hechs vnnd ein hembd
435 2231 1112 2324 es ett umbfunff batzen verkaufft
446 2279 633 2386 sye
477 2365 1098 2463 e zwusthen Burgdorff, uss einem
480 2434 1081 2525 rathenntragen unnd daselbst
473 2482 730 2583 ethruncken
531 2565 1079 2696 i Achnnstrast verholffen,
458 2667 779 2759 enntfrombden
545 2778 1055 2897 in Rengennberg uss einem
642 2861 1059 2956 Aynins tuch genomt
523 2945 1071 3070 habennt sy zu Balm us einem
499 3008 1065 3115 lichs kynins tuch entzuckt
620 3091 1005 3190 mitzit worden.
2080 707 2142 754 32
1292 734 2193 884 Dannothin mit hilff syner gsellen zu Nydouw
1305 805 2194 921 nechtlicher wyl us einem zchiff, etliches duch
1310 861 2188 994 entfrömldeth, welliches Inenn widerumb
1298 903 2172 1035 abertagt wohrden ufgenommen, ein stuck
1300 957 2165 1084 Ayyei tuch, dauon imme zu synem theyl
1274 1037 2163 1170 zwe vnnd zwentzigellen worden. Die er
1297 1092 2166 1206 hernach einer häuschfrauwen solng farlich
1320 1160 2210 1268 umb ein eronen verkoufft unnd das gelt
1257 1242 1461 1336 verthan,
1280 1293 2196 1409 verners zur lännderen mit hilff syner
1256 1381 2069 1478 Lonhorten us einem raden, angfarlich
1273 1465 2171 1519 Achtzechen par schuw gestolen, dauon innie
1284 1498 2076 1606 ein par allein ervolgt. Das er hernach
1273 1553 1462 1645 verkoufft
1229 1632 2214 1774 letstlichen zu hmnisterhenmen, alls er daselbst
1277 1740 2146 1824 mit einer basen gsellschafft gethruncken unnd
1277 1792 2126 1881 arob benachtet, habemit sne gsellen, darnach
1261 1840 2128 1942 ein spycher, nebennt wellichem ergestanden
1264 1897 2144 2000 unnd ufgewarttet geöffneth, uß wellichem sy
1255 1967 2167 2067 etliche kleider unnd big vier fronen in gellt
1263 2016 2158 2117 ermuthrnweth unnd imme damit ersolches
1262 2080 2089 2173 verschwigen haltte, ein gall wamb sell¬
1258 2128 1944 2240 von rederschürleth zugstellt etc.
1257 2223 2110 2360 e Keli frantz ist zunstag
1404 2312 2095 2397 Denn 25. octobrs mit ratenn
1342 2361 2149 2447 Aßgestrichenn unnd ime zur warnun
1424 2408 2126 2509 Ein catyinsch b. uff dem Raggen
1768 2467 2122 2553 gebtönt worden
1616 2604 1743 2673 Bsydes
1254 2606 2133 2748 ff solligeschretter gefehtet Shadi Schons
1160 2691 1460 2789 vnnd Peter Murer
1223 2760 2017 2871 hoche vnnd schwarenischanndlungen
1214 2828 2010 2936 habennt hochgenammpt myn in zerren
1225 2893 2020 2975 nnd Oberen Bhūltheiß Rhatt vnnd
1182 2955 2032 3056 Burcher diser Caplichen Statt Bernn
1212 3016 2104 3111 vff Irem Eydt zu Recht er khenndt vnnd
1198 3083 1979 3210 gesprochen etc. Sindt abgfallenn
