3024 4032
640 831 1378 978 aG GU
587 977 1429 1190 uff montag denn 10. augusti dis
574 1061 1409 1238 1607 jars im bysynn und gegen
577 1132 1421 1305 würtigkeit der ehegenmesten wysen
591 1178 1427 1350 herren Bimon von Römerstahder
581 1236 1428 1397 eshats Jacob Bickharts der burgers
563 1287 1411 1449 Hanns Rudolff Steygers Großwi
561 1354 1411 1517 Ist damdt Blaue von Wanckon
581 1421 1413 1555 der Graffschafft Nüwenburg w
586 1465 1419 1624 licher von Burgdorff alhar geschickt,
529 1536 1412 1681 Woldenn in den wannen uber dem
581 1607 1404 1754 empfangen bericht und hernah
579 1652 1406 1798 volgende urtickel geepammer
549 1709 852 1800 wordenn
1017 1798 1337 1916 nd lis abes versegen.
520 1816 1365 1983 Deß erstenn worumb er hienon
527 1920 1387 2051 zweyen Jarenn zu Nüwenburg
544 1973 1397 2088 der gfangenscaff gebrochenn, darüb
549 2020 1399 2145 gibt er zu bscheid, wie das er domalt
544 2090 1392 2201 mit einem anderen fargutt mont
540 2157 1394 2260 genampt daselbst gfengklich ynzogen
530 2206 1387 2324 worderen, der selbig syn mitgespagen
509 2260 1381 2386 habe anfangs die gfangenschafftg
512 2319 1375 2442 offnet und sich durch mittel einesseit
524 2384 1368 2502 daran sy gefolteret wordenn uber
520 2465 1374 2563 die mur gmaß gelaßenen, Hiemit
494 2513 1369 2615 iue damdt ouch vermogen und gen
521 2572 1295 2696 tet sich uff Fryen fuß ze begeben.
461 2701 1364 2822 unnd nach dem imme daselbst zusi
462 2785 1351 2892 Wenburg deuor syner kleigung für
501 2848 1357 2948 halten wordenn, wie das sy beidt auh
488 2894 1366 2981 einem jarmarit hinund wider hnder
473 2934 1360 3037 Statt den Krämeren und Rhoufflüge
495 2996 1347 3083 ethlichen kram solten endtzuckt undt
491 3036 1353 3149 alben einer froüwenn mithinfun
485 3087 1356 3192 einem sack zu behalten gäben habenn
458 3140 1332 3268 harumb wil er gantz und gan, wiese
474 3204 1339 3332 Glychouch, das er Magdolme dan
1401 3274 1458 3386 d
2376 800 2450 854 61.
1530 829 2492 944 Denn Baliz usn hinder wellicher angedietteter
1581 893 2491 974 aram befunden wordenn, die ehe sölte ver
1583 935 2481 1050 sprochenn und mit ira gmeinschafft ghauw.
1567 996 2515 1089 haben nützit wüssen, dann er syn huffraw
1580 1049 2488 1149 onechst abgetoffnen tagen als er zu wangen
1562 1096 2441 1215 gfengklich, angenomen worden mit Ime
1540 1157 2475 1254 zogenn, habe er zu Trauers in syne
1552 1204 2475 1321 harmath gehlichet und daselbst zkilchen
1567 1284 1730 1380 gfürt.
1486 1406 2408 1512 Antreffendt die verguldte stuck von
1569 1484 2412 1561 ein kelch, welliche zu Nüwendürg
1523 1535 2436 1630 kam jhenigenn ort hrer gfangenschafft
1534 1590 2442 1695 befundenn wordenn, habe er bishar
1548 1646 2424 1739 durchstrenge ußgestandne marter woll
1544 1705 2431 1784 erhalten das erdero wegenn unnd
1544 1768 2431 1859 wie söbliche syn mitgspan farguid über
1539 1822 2413 1925 komen mützit weüge, so habe er imme
1553 1882 2429 1980 Joch bischar in diserem thaff selbs unrecht
1526 1936 2416 2036 gethann, dann sy beidt consorten
1517 1986 2409 2090 den selben kelch änet arberg in einer
1514 2039 2431 2139 kilchenn das ort hmme unbekant Jedo¬
1556 2111 2437 2211 dner andüttung nach Walpperßwyl
1526 2163 2404 2257 syn möchte uß einem schefftle hievor
1538 2223 2450 2316 zweyenn farer genommen undendt
1464 2264 2404 2375 grauldet, densehben habe vermelter
1484 2330 2404 2433 Jacouit mit synem meser angentz zu
1512 2383 2422 2487 furken vertheilt und gehaumen
1475 2450 2434 2554 und hernach dieselbes mit zum game
1493 2502 2342 2597 Nlüwenburg gebracht vnd verkoufft
1520 2553 1688 2622 wollenn
1506 2649 2409 2759 vbriger missethaten, diebstälen vnnd
1504 2719 2442 2820 anders deswegen er vnderschidenlichbe¬
1483 2773 2449 2886 fragt wordenn und das er dem jeing
1474 2816 2420 2939 ws ihnen letstlich zu Wynigen gfengklich
1486 2886 2430 3001 Engnomen, bethröüwt haben sohl hat er
1498 2951 2442 3052 atzit Wytters noch verners bekenenn.
1429 2997 2441 3126 Wie ouch von keiner anderen bösen gsellschafft
1424 3056 1876 3144 wusenwehlenn.
1588 3171 2438 3315 sh Dornstag dem 13t Auangt 607
1549 3241 2428 3377 Aise dieer dalid Erlane, mit Rutten ußgestrichen
1574 3303 2365 3412 vnntzet vom die Hilbenck geschurt, vnnd Ime
1559 3357 2366 3453 Daselbst der eydt vorn dsatt unnd gradt
2079 3428 2416 3521 gebenn wordenn
