3024 4032
452 701 990 877 Pettes sige
322 867 1133 1041 Ziistag den 15 Octobris vorgemelts
287 955 1143 1108 pars inn gegenwürttigkheitt, der auch
349 1024 1116 1153 frommen, fursichtigen ersamen unnd
352 1090 1184 1233 Wysen henrin Vnnentz Holtzers des kleine
339 1143 1140 1271 Rahts, frauk Beundicht fruttings
320 1198 1161 1329 der Burgeren. Dand Tscharners ras
298 1252 1169 1381 Weybels vorbemelt unndetlichen weyble
350 1327 1072 1440 iynen in hocheerenden, herren vnnd
329 1365 498 1451 Oberen
321 1404 1166 1535 halt diser gegenwürkeiger Petter Munra
352 1477 1120 1588 Tehilli us den Laundtnögti Neüwis
337 1532 1179 1657 purttig dachuolgende, begangne diebstel
96 1583 1068 1696 träbenheyten zu Marzili befeündt und mit der
341 1649 1112 1765 martter erhaltten vnnd bestettigeth
323 1717 1129 1839 Ertlichenn habe er mit hilff eines synes
348 1809 1144 1902 gsellen vor zwöyen haren zu drießbach
336 1866 1137 1974 by thun, sechs hemb der gestohlenn
306 1918 1054 2021 danon imme zu synem theyl, den
296 1982 609 2079 verlangeth.
267 2110 1090 2210 dame mit hilff zwäger syner gsellen
318 2161 1119 2260 Verschines meyenns zu Schwartzen
315 2221 1125 2326 burg ein spycher geöfneth us demselben
330 2276 1107 2389 etliche kleider unnd eynlachen ent¬
281 2345 1112 2453 frömbdeth sölliches hin vnnd widerge¬
327 2409 888 2501 hragen unnd verkoufft,
281 2432 321 2494 11
309 2482 1074 2596 Verners sye er zu Lyßach mit hilff
315 2563 1100 2658 erst gedachter yner Ponhorten Emn
314 2625 1113 2726 ein Nuwhußgebrochen. Inn demselbet
289 2694 1067 2802 us einem throg ohngfarlich by dem
268 2754 1118 2866 drysig frouen entzufkt. von wellichem
300 2814 1123 2945 gellt imme aber nit meer dan sunsf
279 2898 1086 3009 fronen in muntz zugstellt worden,
265 2971 1132 3096 Item zu Lys unnder nieberg ein hoti
284 3052 1101 3166 ge�ffneth us wellichem sy vil kleidet
276 3121 1098 3220 vnnd andere sachen genomen, danit
238 3165 1083 3297 imme nach dem sy daselbig verkoufft
253 3251 1106 3364 zu synem theyl ohngfar, dey ader
258 3341 810 3454 meit fronen worden,
2074 643 2143 708 29
1290 665 2165 856 deme zupfauwen ab murgen us einem
1311 770 2169 920 eycher etliche fleider sampt anderem
1302 837 2150 982 zig verunthrüweth. dauon ihmme dan
1291 880 2114 1048 hembder verbliben. Die er verkoufft
1316 970 2224 1110 visthers zu Baggwyl habent sy us einem
1277 1052 2103 1184 sycher glychergstallt bleider unnd
1292 1122 1992 1268 Annderesachen, Vermuthenweth
1303 1206 2160 1325 Werners hat er auch verzechen, das sy zu
1280 1285 2153 1423 Creffißburg, zwenn pycher geäffneth.
1277 1355 2139 1478 welllichem ivil kleider, Eynlachen
1279 1419 2170 1521 unnd Hembdli von söllichem ime zeihen
1274 1486 2205 1603 latzen, als sy daßelbig verkoufft shm gelt
1294 1563 2114 1667 vorden sampt zweyen hembdleuen, zu
1300 1630 1784 1738 inem theyl verlanget.
1253 1708 2148 1839 Item zu Kiltdorff etwas essiger spys
1272 1790 1930 1898 weinem Keller entfrämbdeth.
1277 1863 2143 1977 demnach zu Affoldterin ilychermaßen
1295 1934 1939 2036 wasässiger zpyßennthucft
1277 2023 2232 2148 Nythers zu Kilchberg, habe er mit anderen
1302 2106 2134 2196 inengsellen, us einem spycher fleider
1290 2173 2110 2263 ampt etlichen geket von wellichem
1247 2231 2114 2344 imt bykuff ironen iunmintz
1279 2290 2170 2415 ungfarlichem zu synem stheyl worden
1277 2363 2206 2469 gestolenen msmer gsellen eynen als er vordannen
1583 2429 2083 2494 angem furgebenn, wie dzs er¬
1255 2472 2195 2563 Dannathin haben zu Erlach, den siechen
1280 2516 2120 2623 tack geöffneth, Iuch wellichem sy aber
1271 2580 2206 2697 nit mer dan ein halben batzen gefunden
1254 2661 2118 2765 enne habe er unnd syne mithafften, zu
1277 2730 2090 2847 Auffenacht, Hechshembder gestolen,
1216 2801 2168 2925 Item dem müller zu Kopsingen habent
1262 2880 2078 2974 uß einem sycher dey hußtuchung
1181 2945 2126 3027 Wyberröck unnd etliche eynlachen ver
1227 3009 2099 3102 untthrüret, welliche syne gsellen, zur
1228 3087 2110 3180 handt genomen, vnnd Ime by drey oder
1228 3132 1801 3251 vier bathen entricht etc.
