3024 4032
244 3041 483 3145 saldaer gsehen
683 762 1393 984 Nrun sng
638 871 1438 1125 ndene d
640 962 1424 1158 handtenn vonn corselles by Patire
601 999 1384 1198 Sohen, hievor vnnder dryenn mallen
637 1068 1414 1273 allhie gfencklich endthaltenn wordenn den
628 1110 1371 1290 aber nützit dhundigs Alls er Aber vn
584 1155 1441 1383 bekennen bellenn Ister Lethtlichenn S
617 1213 1350 1415 4 jehren deß jhars mit dem erh
595 1269 1366 1437 die gummenen unnd eensenn er
583 1327 1391 1513 wesenn, vnnd sonnderlice vermandt word
606 1374 1403 1577 shibene slengene
536 1470 584 1541 a
583 1441 1441 1649 Beymat Geverkhngen unnd daselbst sich ehrlig
609 1515 1397 1669 handtarbeyt ze unndernemmmen, Menger
534 1550 1405 1724 deselben hat er sieh Ihnderumb Ire das
591 1607 1408 1792 lütster landt begebenn, dergstalt, da ee
573 1687 1406 1835 schimer tagern zu dlymugten durh den
565 1742 1414 1905 h Schuldtheistenn vonn Bruhdorff vnd sein
535 1798 1396 1942 Dienner widerumb gfencklich anngenbung,
551 1864 1166 1950 unnd allhar gschickt wordenn
623 1899 713 1943 dn
1178 1913 1416 2021 De
561 1907 1393 2046 H Barthlom knacht dero mithat den
542 1974 1389 2099 betelch gebenn, inne fines Chun unnd cosen
559 2023 1397 2151 Abermallenn Zeexguinieren vnnd die Statht
565 2080 1393 2212 siner mistshandlumpen mit dgarter wnn dere
513 2140 1394 2262 forstheem unnd obglychvoll daßselbig besthoßfen
470 2194 1376 2316 unnd ann iunerstadtet wordenn, Ds hat ede
551 2260 1376 2367 keinem michthandlingen noch vo sellthaten nit
536 2316 1393 2415 bekanndlich synn ghellenn. sonnders ved
515 2371 1386 2485 unnd anntzeigt. die ursach sye, das er sich ie
470 2448 1380 2540 Harwärtz begebenn, das er hievor äj farenn einem
498 2503 1389 2602 Landtmann Tost vonn Weyller genompt unnd sy
479 2565 1366 2661 demnlich 30 selber un fürgsetz unnd gelesen
476 2613 1383 2724 Die er dann mehrennteylls uss einem framdent
523 2668 1383 2774 zur landerenn einem sanorer samethaff hött
518 2734 1365 2843 erlögte Darzu ffmr dann eine schwesteren hee
505 2803 1359 2913 Ai Jaren p. frouen unnd syyen vatter vor b jar
515 2860 1351 2970 wri sonnen  gestührt, unnd habe er das vbri
490 2900 1344 3037 Den kriegen erspart unnd alls er nun erstlich
469 2966 1342 3088 dieselben 30 silber b vonn vermeltem Jost
500 3021 1347 3153 lynigen uff einem hoff vorderen unnd bezüren wele
495 3074 1345 3237 habe inne wollgemelter hu Schuldthris gerben
493 3150 1334 3276 annemmen dasseen, das er allso nit verrendt
474 3191 1334 3349 hiedurch denn eydt übersechenn zu habenn, ubey
483 3273 1203 3416 sahenn hat er nützit bekennen ihellen
461 3343 1320 3520 Ist erstlich ledig zum anderen mall mit der
485 3425 1222 3571 berynsten geyen uffzogen wordenn.
1204 3446 1328 3561 gstle
920 3541 963 3588 .
407 3508 1172 3698 Donnstag denn 26 julii 1160
444 3528 1319 3737 Jehan Ebro uß miner ge h unnd den
449 3617 1184 3791 unnd landen verwisenn worden etc
1445 1550 1497 1630 c
1679 839 2423 993 r ap
1550 1017 2476 1133 mmaih vnd Als dann vwer zu kurz
1487 1096 2461 1186 abgeloffner tagens geliegt und gefallenn
1540 1145 2490 1229 den jhenigen herren so zu dem endthalttenden
1572 1197 2502 1288 gfangeem msicks Tispot sunst sans funge
1580 1247 2499 1323 empt verordnet wordenn, wytters in benelch
1574 1302 2500 1396 uffzebinden. Wyl er bißhar des verdachts halben
1584 1361 2458 1451 als sölte er wüsendtlich die leitegen so zur
1572 1409 2488 1492 bestygung der statt geuff gebrucht worden.
1560 1461 2484 1548 gemacht und sunst andere verdächtige
1857 1518 1994 1559 habenn.
1532 1515 2478 1611 prord usgosein, nützit düttlichs bekennen
1526 1570 2470 1653 wellen sölliches mit marter von ime zewr
1577 1611 2449 1712 forschenn, das dan der noturfft nach be¬
1582 1662 2428 1762 schahenn, hierüber hat er sich keiner
1568 1711 2449 1809 anderen gstalt, dan zum theil hieuor be
1586 1773 2459 1859 seches verlariert, vnd nochmahlen anzeigt
1538 1800 2464 1916 Baß ob glych woll er synem mittgespannd
1545 1872 2467 1957 Rnthanne Bonnen uff der srach im Bur
1490 1925 2472 2002 gandt, nachdem er Bonde inne anzogen
1599 1983 2445 2071 die das syner gutten fründen einenn
1541 2042 2452 2109 Johan Bargon genempt ime vermëldet
1452 2096 2448 2152 Wie das er anhohne sygleicheren gemacht
2240 2137 2406 2178 vnd socto
1524 2124 2449 2223 haben sölle, eröffnet und inn schimpffwyß
1536 2188 2426 2272 geantworttet, wie das er ermelte zu
1466 2227 2458 2323 Benkgebruchte Seygleichereine nit, das
1559 2278 2460 2356 Nodehl darzu über, woll in des fryherin
1530 2343 2473 2416 von Bergides huß prepariet vnd gemacht
1534 2388 2464 2483 er habe aber imme inn selbigem gentzlich
1524 2426 2413 2523 unrecht und es deswegen gethan, das
1534 2487 2431 2578 der Rechte gethhätter ime verzeigt vnnd
1527 2554 2461 2620 er endtschuldiget wurde, hat also nachmalen
1527 2591 2458 2678 erhaltten und hochbedürt, das er in diser
1549 2648 2436 2734 hahl unschuldig sye, die abschüchlichen und ver
1502 2694 2420 2770 dächtigen wortt, so zu vinis über zuege¬
1506 2747 2417 2844 zieget worden, wüßt er sich nit zeuersinen
1511 2799 2414 2895 geredt, haben, dan das Ihme dieselbenn
1469 2852 2434 2941 Ann einem bösentrunckt möchtendtendt.
1476 2904 2419 2981 trunnen syr, Ittem aas er dem Foriester
1490 2960 2421 3048 von dondige persönlich undselbs sölle an¬
1496 3009 2428 3085 zeigt hann, das er za die styfleiceren,
1487 3053 2427 3140 welliche in der chrahlade zu Beuff de
1490 3099 2436 3183 brucht wordenn, gemacht habe wil erkeis
1493 3151 2450 3246 wegsgestendig syn, dan er mit selbigen
1487 3199 2454 3307 iesser niemals khundtschafft ernneg
1470 3254 2398 3370 Willweinger, das er ime solche sachen andterkt haben solle etc.
2493 1965 2529 2057 en
