3024 4032
683 835 1361 1037 Aus duin
667 1035 1422 1197 Vonn Brandsor vürtig, Wohhi
640 1079 1429 1275 von Trachsellaldt Hietorsuff 33 fr
630 1149 1440 1318 gfrnnklich überschickt wordenn, don
629 1206 1431 1376 aber der gezigtenn That halb das er nambe
641 1278 1432 1440 mit hilff schweyer seiner gsparen uff offnen
604 1339 1431 1486 Strafs Hanns Hyffernegger Anngeballen
611 1415 1419 1550 vnnd wehr vber Inne ihne auch deen Pu
613 1464 1435 1601 vff dem Hoff Gummmen vmb die Au
613 1535 1426 1693 Inn der nacht gezuikt, nit efyndtliche
611 1596 1424 1738 gesteundig synn vellenn. Ist er nach dem
586 1645 1430 1805 ime der racht arm, wellichene ime gedachte
603 1721 1378 1853 fur vff dem Hoff Endtziey geschlagenn
569 1779 1413 1915 widerumb luciert unnd geheyltet wordenn,
592 1845 1403 1989 Inn bedenckenn er vnnlangst ouch Allhegfar¬
591 1904 1412 2029 glegegn vonn einner g b unnd oherem de
582 1970 1404 2102 genieten vnnd Landenn verwisenn, mit rudtenn
514 2035 1403 2166 ufgesterhen unnd ime das eeych h uff den
554 2095 1025 2209 Ruckenn gebröndt
1025 2128 1191 2205 wordenn
1213 2138 1264 2201 .
678 2292 1343 2472 hme ginmig
483 2424 1375 2568 Din Lannpe Starcke ley bspersonn, von
528 2523 1371 2636 Bornentrutli pnrtig, ist whärenn sy sich
521 2583 1383 2684 Inn dem Gidtall allhie mit annderen mis
544 2647 1357 2742 pürlich verhaltenn. Der sydt von Stad
546 2705 1379 2826 vnnd kandt geben wordenn, Actum vngll
537 2770 695 2840 5060
565 2918 1331 3062 Vn Achies unnd ihr docht
664 3009 1253 3130 Margierite Datgngmon
516 3097 1343 3222 zum eihle der ruwtynng Harst
509 3172 1344 3279 nun ein gute zuth dem almasen nact
455 3227 1347 3343 unnd iunsonderhert die doch fer henbs
474 3269 1347 3398 Der Hereyh unnd diebstälen gelägt, stid
485 3333 1346 3443 widerumb keym unnd mit dem eldt füd
484 3388 1347 3528 Start Burgeres zi hinuss weitigen w
469 3505 875 3607 Ac tum dt gus etc.
1497 864 2396 998 Snzinth Ounem.
1530 976 2476 1108 Vonn Roggwyll ist vonn begangnen vierten
1554 1049 2390 1154 Fhällers wagenn vonn menes hen h
1545 1105 2451 1204 stetten cerreten unnd kanden mit dem
1527 1175 2430 1266 Eydt vervisenn wordenn, actim 25
1506 1253 1916 1329 Novembe 1606
1752 1499 2346 1635 Nbeth Sat
1512 1592 2388 1722 Hramnur zuber Haußstans vom thun
1535 1698 2465 1786 pertig. Ist wegenn ettlicher uff syn bezügeten
1508 1730 2425 1831 diebställenn darnb sy gfäncklich unnzogenn
1479 1781 2449 1914 wordenn unnd das sy sieh sitt kethter begnädigung
1541 1841 2408 1942 mit ynnzügen nit sehber verhalten Denn
1538 1895 2397 1988 eydt zue das Burerenn zill hinse geben
1497 1951 2396 2064 Worden actum e December 1666 s
1658 2076 2044 2198 Peter Rubi
1499 2168 2384 2271 uß der antrryuig Bomnanentier
1441 2249 2374 2324 Weilehervog pitweren gfengklich alhar
1523 2312 2391 2371 gebracht worden, inn ansechen ein kremen
1536 2353 2370 2426 von Münzigen, dem syn laden daselbst
1501 2392 2356 2480 ufgebroche und darub by 500 lb waaren
1480 2451 2374 2535 entfrombdet worden, hmne zu Atiswyl
1529 2496 2370 2590 erstrichen unnd etliche derselben waaren
1535 2546 2352 2654 erkennt, wyl aber gemelter ruben al
1504 2611 2372 2694 ußgestandner martter erhalten, das er zu
1526 2659 2325 2756 solchem diebstal keinswegs verholffen
1529 2718 2354 2796 sonnders denselben von einem anderen
1499 2770 2390 2862 Areier mnlard genempt als umb zo guld
1529 2818 2347 2921 erkloufft, ist er uf abtrag erstens ledig
1508 2879 2386 2963 geläßen, jedoch ihmme der byd von myner
1510 2926 2355 3012 gnedigen herren unnd oberen stetten ge
1495 2981 2380 3087 pieten unnd landen verwesen worden
1501 3028 2242 3153 Actum 5 derenel Januari 1607
1708 3119 2083 3240 Vierre facquet
1478 3202 2377 3286 in junger knab von er haren alt unnd vor
1471 3267 2366 3346 Momperbewen purtig, welicher schon hieuor
1490 3307 2352 3387 Im somer abeh gfangen gsin ist von syner
1485 3360 2347 3442 fugendtwegen, widerumb dahin hm syn
1503 3411 2295 3480 sennat gewisen unnd dem landtvogt
1485 3450 2331 3532 zugschriben worden uf ine zeachten
