3024 4032
326 724 375 779 2
302 745 1112 874 Zu Caphingen viermans ein wyberhemb den
284 802 1157 939 Ern wünlachen zu Frießwyl zwo wylen
277 856 1139 968 Tuppen. darab sy verzagt worden entzufft
299 899 1154 1030 Irem zu Lyß zwen karnserk uß einem tall
298 962 1161 1096 denneem beschlagen meßen zu kertzerte.
308 1007 1151 1134 parhasen unndein fünstling, den er umb in
312 1062 825 1154 sackpfyffenn vertischet.
260 1115 1169 1263 by Murgen ein schurlitz Tschoppen und zu sn
290 1183 1172 1304 den manen hembdle zwey wambstell, deran
332 1226 1136 1335 eins umb wolff unnd das ander umb
312 1264 962 1393 e batzen, verkaufft einthragen
327 1356 1145 1485 Werners unnder murtten habe er und s
327 1420 1128 1511 fsell ein schurlitz wambsel, den manns
309 1471 1138 1574 Hembdergestolen, daselbig vff ein hönw
293 1521 1152 1648 Büni versteckt, eedach sye gnan solches hernach
327 1594 723 1678 nit worden.
276 1625 1126 1751 Demit zu Kitz, zwey beschlagnt mieher
309 1704 1122 1798 unnd ein pfriendt ab einem weer genamen
328 1760 1115 1854 allehehgenit aber dem jenigen, alls er
315 1817 873 1897 nachsheellt, wider worden,
311 1866 1147 1969 zu wäberen us einem hus ein hauhenhet
315 1928 1136 2039 entkr�mbdeth unnd umb vi batzen ver
305 1979 482 2065 kaufft
213 2043 1144 2156 zu Bealp einem landtman als er geschlaffen
314 2099 1140 2195 ein franncken unnd funff crntzelt entzogetn
264 2161 1113 2271 Danna hin habe er unnd syn gsell zu fry
300 2236 1126 2323 durch einem herren ein vbergultten, dalchen
290 2285 1083 2378 mit einer samotinen scheyden bestolenn
288 2334 1113 2428 denselben einem Geldtschmidt zugebracht
308 2387 1092 2470 unnd umb funff fronen verkaufft,
300 2441 1113 2541 it fürgeben, sy habent denselben, uß ershell
236 2500 1116 2585 Der statt, nebent einer Pappellen gehndt
263 2555 1113 2641 Alls es aber Pundtbar worden, habent
257 2615 1088 2702 dem Galdtschmidt das gellt, widerumb
272 2675 714 2767 gunsecklen müßen.
260 2722 1099 2834 zu Tappell ein Tchoppen und ein hochenn
263 2801 1088 2901 huth sampt einem vergultten huttzeichen
269 2861 588 2951 enntbrambdeth.
255 2902 1097 3020 denne zu Manchenmer by ins usenen
251 3000 729 3088 Hang, einlaffbatzen,
227 3041 1095 3164 zu Freßsi in Tryburg piett funffbatzen
221 3133 1086 3265 Be Nüwenburg us einem sparhaffe
213 3222 696 3331 Enmliff Trützer
1292 708 2151 885 wüschen braudtson und pffertzen us einem
2099 796 2188 881 27
1286 807 1678 964 hasenserbe odb gelst
1234 854 2039 1017 Ieneinem schnyden daselbst upp groß
1256 944 2125 1095 dem wurth zum wysen trütz zu Milldenn
1306 998 2135 1121 seinem schafft ein silbertronen, die er aber
1280 1085 1633 1197 gdes geben müßen,
1285 1119 2153 1259 ndemem schmidt zu Casarra, Nun grose
1278 1209 2128 1326 sind zu Thanman einem saltzman siben
1278 1293 2046 1403 hels enntframbdeth unnd gestolen
1263 1374 2193 1472 eundtlichen heim unnd wider an vilen unndel
1292 1435 2068 1525 bidemnlichen arthen, aßiger spyß schwerlich
1278 1491 2123 1587 zufriffen, etliche dauon verkaufft, unnd die
1263 1553 2133 1636 obrice mit synen gsellen genasen, auch inn
1262 1602 2131 1694 maßen sich mit söllichen diebstelen, schon hienoch
1275 1660 2109 1753 verthiefft, das er iha einmals zu Fryburg
1278 1708 2167 1819 uund letstlich zu Höllothurn gfengklich yn,
1274 1770 2098 1863 egen, enndtlich uff verthrinte beßerung
1274 1831 2125 1924 jedoch zu sollethurn ain das zalsagsen unnd
1254 1891 2092 1990 mit Rüthen gestrichen.
1242 1936 1698 2022 tedig gelasen worden.
1994 1963 2150 2038 welliche
1277 1990 2082 2071 etterliche warnung aber an ime nit
1269 2049 2162 2144 l erschießlich gwesen, dan das er nach
1271 2105 2068 2203 guer entledigung, allwegen syne böst
1272 2156 2130 2248 sellschafft. widerumb antroffen. Vnnd
1252 2215 2194 2329 ich Leider durch dieselbigen bereeden laßen
1227 2280 2123 2426 Ist erstlich rähr. denne zum anderen mit
1263 2360 1804 2473 dem kleinsten steyn ufzogen
1817 2398 2110 2481 worden etc.
2121 2411 2162 2486 6
1236 2493 1994 2620 Vff sölliche In des gedachten Hanns
1221 2579 2069 2669 Gronns, hoche vnd schwert mithandt
1236 2633 2021 2734 mugen, vnd begauggne diebstell
1222 2682 2043 2793 habent hochgenamt mnyh gs Herren
1226 2744 2041 2850 und Aberen Schultheis Rhät unnd
1206 2795 2080 2912 Burger diser Koplichen Statt dern
1208 2857 2018 2966 b ies Eyden zu recht erkhendt
1214 2909 1654 3026 vnnd gepprochen
1247 3089 2093 3193 Digerem Hanns Bröüni von Coppet
1361 3175 2105 3246 Iuff 30 nocumbe wegen siner zu
1356 3216 2089 3297 gendt das laben tg g geschenkt unnd
1349 3260 2094 3336 er zu eyner abstraff mit ruten ussge
1369 3308 2098 3386 trieffen denn kedt für der Ginnene
1352 3351 2063 3435 und stesen truck huncd gebren
1363 3403 2085 3476 unnd imr ein Latynisch Sff denn
1378 3446 1926 3529 lurken gebröndt worden etc.
1215 3480 2061 3573 so glych hernach zu Aerburg widerumb tyn
1208 3545 2049 3613 zogen unnd von wegen er hernach einem
1204 3574 2030 3653 metzger usem churgouw zu Langental
1220 3614 2058 3693 50 Gulden ußsem büßen gstollen, daselbst
1211 3669 2037 3734 inem versienen nach mit dem strangen
1188 3712 1660 3787 hingricht worden.
