3024 4032
729 693 1320 858 Hanns Gugger
630 790 1416 982 aß genamne ver ven and von
621 891 1402 1058 oruenen der vogt Hen Sumiswaldt
616 943 1405 1093 WWelleher Hienor Christian Jebi von
531 1004 1393 1147 Wättenwyl inn dem wirtshug zu
587 1055 1447 1228 An singigen dry silbereronen entfrönbtet
599 1112 1410 1247 unnd letstlichen zum khoüfflüchen alle
607 1156 1408 1312 Herren von Römerstall us dem
622 1236 1382 1354 Goßtensack ein fätzenetli unnd zr
603 1278 1412 1411 Georg von Wyngarten ein bschlagen
596 1342 1391 1466 weser ab seinweher ungeschnehtent
612 1388 1394 1515 suckt sich nun ein hych dahar dem
615 1445 1416 1584 spillen ergeben unnd des müßiggangen
616 1510 1400 1627 gepflegt, ist von synen jugend wegen
600 1560 1377 1663 hot verhoffende beserung mit einer
599 1623 1394 1729 Starcken lenfür ledig gelaßen worden
599 1675 1286 1797 Actum 5 Jannari 1607.
644 2119 1400 2252 ihllsein
712 2219 1309 2303 her von Bonathruth
521 2312 1333 2397 Wellicher hieuor vf. 19 Nonembers
576 2371 1343 2451 versehinen 606 Jars, hundem
561 2428 1343 2527 Oberen spittal der eyd von Statt, und
569 2492 1320 2569 landt geben worden, vnnd sy aber
569 2548 1335 2639 ungeacht deselben, also bald wider¬
547 2603 1317 2698 umb unher tretten unnd siel inn
552 2656 1332 2756 anzognem spittal ungeschncht be
540 2712 1311 2811 findenlaßen, ist uf zinstag den
530 2770 1293 2865 27 januari die 1602 hars von
553 2827 1299 2919 solchen übersechnen eydtswegen
549 2880 1310 2977 mit ruchen uygstrichen unnd iren
524 2932 1303 3045 zum anderen mal als obstadt den
505 3024 790 3108 Eyd geben,
2403 688 2466 754 44
2019 693 2152 769 .
1699 797 2276 920 edich zue
1650 890 2185 1013 Nonlider Bottigen
1549 992 2456 1132 enach unnd alls dann hienor
1511 1087 2450 1196 wenig abgeloffner wuchen, sich vor einem
1537 1148 2417 1249 hersammen gricht zu Bümplitzei
1518 1214 2465 1317 schweren unnd wührigen rechtshandel erhexe
1526 1275 2423 1373 vnnd zugetragen, Inn dem das einer
1511 1334 2450 1446 Hanns Zieli genampt, als er synes vernepten
1520 1402 2402 1493 spillens unnd uppigen wesens von einer
1517 1455 2459 1549 erbarkeit dahelbst gestrafft und abgemant
1519 1524 2483 1619 worden, hernach vor dem Herren prednanten
1493 1577 2427 1687 unnd aman uesgoßen unnd gredt, es syen
1522 1652 2454 1758 inenlicher reden füren khommen, die Straff
1500 1711 2427 1792 wurdiger vnnd boßer dann das spillen
1538 1777 2452 1894 und syen solche reden, unnd shwere zulagung
1524 1825 2458 1953 u Hanns Zubers des einen chorrichters sohn
1520 1897 2380 2017 anbedütet worden,als nun anzogner
1511 1963 2434 2069 zuber, soliche usgegoßne wortt vernommen
1520 2018 2401 2126 habe er dieselben unnd wie sy ergangen
1521 2082 2404 2170 von imme Zielli wügen wellen, daruf er
1508 2138 2410 2244 zugfaren, vnnd dieselben, von F. Sammel
1512 2229 2413 2297 von Erlach inn denen wortten eroffnet
1523 2270 2408 2365 unnd anzeigt, Es sye bendicht zedo von
1486 2331 2413 2439 niderbottigen an wellchesyn statt vermelter
1526 2387 2428 2502 Hanns zuber an das chorgricht gesetzt worden
1500 2452 2462 2560 Der habe imme benolche unnd gheygen, er sölle
1483 2510 2337 2601 imme s vermelden, das syn ziebers sohn
1511 2570 2464 2676 unchristenlich gehandlet habe, daruf sy dann
1499 2639 2388 2728 rechtlich an einanderen gewachsen, jedoch
1508 2687 2417 2779 vermelter Zelli Diewyl er solches nit uß
1490 2742 2420 2845 Im selbs, so unders uon vermelts zedos mund,
1516 2795 2367 2892 gredt) uf denselben synen vorseger
1480 2852 2385 2948 getrungen als nun gedachter zedo der
1481 2909 2401 3008 selben reden, jedoch mit etwas underscheydts
1514 2972 2356 3052 ouch nit absyn khönen, hat er anzeigt
1474 3030 2374 3137 wie das imme dieselben Christian Gfeller
1481 3086 2397 3182 syn nachbur, vngenarlich hieuoreinhiff
1478 3147 2370 3228 Baren fürgetragen, unnd ime domals
1514 3200 2389 3302 anzeigt vnnd zuuerstan geben, wie das er
