3024 4032
522 1320 564 1403 .
726 798 1389 963 Duc Weinan
596 938 1453 1113 Demnach myngherren useier
624 1003 1442 1187 Supplliration, so Marchi Billman den herren
627 1092 1431 1228 gerichteren alhie fürgelege verstanden unnd
642 1145 1427 1293 befinden, das Sara Torman syn hnsfrauw
649 1214 1444 1354 sich nit allein ungebürlich verhalten, sonnder
641 1263 1426 1412 auch mit diebstellen vergriffen, habend ir g
628 1346 1418 1464 sweüber erkennt, das sy gefengklicher
598 1392 1415 1517 Banden entlediget unnd demnach mit
575 1445 1427 1576 Dem eyden von Wolermelt hr g landen
616 1514 1422 1629 unnd gepieten verwisen werden solle.
597 1581 1414 1700 st uf sambstag den 7. februari 1607
596 1639 1408 1754 Bars iren erstn der eyd geben
585 1693 756 1788 worden
613 1815 1419 2064 Eobth Gm
929 2038 1159 2110 mannin
559 2056 1395 2187 Bonn Höchstetzun Bännicht ihallend
602 2150 1377 2239 abgestheydne. ist wwägenn sy ires erstes
592 2207 1403 2288 Kindt, welliches nun vber 4 Jar Alters erlan¬
583 2255 1385 2360 gedt, irem nachburenn H Heini Rüffennacht
593 2313 1379 2408 alls für das synn übergebenn, zwo spundt
597 2369 1383 2474 lang an dem Salspysten gestannden.
587 2416 1127 2541 Actrueo Fete 607
711 2536 1345 2767 Mart Maber
568 2728 1386 2828 Vonn Niderbis kart dambstag den
563 2785 1359 2891 Letsten  bertegen sehen daß bdeiten
582 2839 1356 2945 hallers gkagenn vermag der sottzung us
568 2907 847 3026 geschiort.
1710 743 2221 970 Ja Jio
1567 941 2471 1071 Dm 5t pies der llandtvogty Moraex
2433 1009 2482 1090 5
1557 1006 2411 1115 unnd Gredi Weyß von Whältsheim pontanen
1554 1062 2510 1182 AnetesFryburg synn versprochen welliche beyte
1516 1120 2498 1226 gfeunger kurtverruckter tagenn von funderluten
1508 1175 2507 1295 gfencklich alhar gebracht wordenn unnd eben shoemen
1552 1229 2531 1330 bevor im güttelloch glegen, dr weylen sy einicher mihle
1528 1290 2496 1385 thateen Annredt noct bekandtlich synnwellen unnd
1567 1346 2516 1434 aber nun ein gute syth hm landt umb her geschweyffet
1538 1389 2519 1470 unnd der diebstallen verargekonet, Grundt von Statt
1561 1457 2517 1560 vnnd landt mit dem eydt verwagen dorden Actum
1492 1492 2237 1621 Domnstag dem 27ten martii 1607
2232 1784 2336 1895 18
1746 1812 2199 1897 d
1579 1877 2482 2002 unnd syne husfrau gindt uff
1549 1968 2462 2052 vernnere begnaaigen nine fd hrn
1553 2005 2438 2110 mit dem rydt fur das Bingernn
1555 2065 2406 2155 zill hinuß verwitern wordenn.
1484 2117 2421 2218 Actim sambstag den 2t may
1544 2171 1813 2255 60xl
1671 2214 2046 2315 meer
1497 2215 1579 2304 su
1639 2383 2486 2509 Aspar Frybart dr Brünrten
1685 2466 2469 2568 macher vonn bem aglissomch¬
1681 2513 2270 2637 mzyger von Caseel
2273 2521 2400 2597 unnd
1542 2599 2448 2711 dar Thärnns Meydli d Henr Pryhart und
1547 2673 2478 2770 chorgricht all sie zugesprochenn wordenn, Bindt
1551 2727 2463 2818 alle drn Inn ainkechenm sy sich miteianderen
1535 2782 2420 2886 dem lypigkeyt unnd rey versefft unnd ihm
1563 2836 2466 2936 obbemelts Peter Bollis hr zus vill mithwilltens
1564 2900 2438 2995 sethribenn vonn muter ees derreid gepreth
1563 2960 2475 3058 unnd caunden mit dem eydt voresenn worden.
1549 3017 2478 3118 unnd habendt sy dem eydt gethane sumbstag
1534 3087 2253 3185 Den preissaii a607 d
