3024 4032
455 709 1179 931 2t  20 k
266 968 1153 1131 Fars vnnd Tags gus inn Bywasenn
310 1030 1158 1175 Vorstadti hat Sullaume Nomin von
323 1086 1176 1247 Meinnpellgart, ellicher mit vorgenemptem
302 1125 1148 1283 Peter meurer gfengklichen vnnzogetn, vnndt
310 1193 1141 1332 vonn erlach althar gebracht wordenn, die
304 1247 1153 1383 daselbst zu Erbare bekandte articull
327 1298 1142 1451 voßgenommen dey Inn denenn er iIme selbs
335 1379 1152 1505 Henrächt gethann habe, noch mallenn mit der
326 1430 1136 1571 Marter erhaltenn unnd bestädtiget,
295 1496 1139 1643 Doß Erstenn alls er hievor vier Jarenn
317 1585 1134 1701 mit synem Stieffbruder vonn irem herminet
300 1614 1140 1739 jnn dige lannd zucheen vellenn, Habend
310 1666 1145 1804 sy unmehr Müiellgart Lumfengklich (mit
310 1733 1142 1848 gunst gemelden) ein alt par hut ver
273 1779 522 1855 unthrentoet
297 1837 1149 1977 Ihsglychenn zu Erkhingenn ein müt per
235 1902 1154 2014 4 chents ✳ unnd ou ontzigenn ✳ ouch sollothurnen
288 1950 1128 2057 geprets mit hilff siner gsellen ein hochenn
302 1999 1108 2109 huth gestollenn, derselbig sye inen aber
314 2055 926 2152 diderumb abersagt wordenns.
275 2117 1112 2244 Denns zu Aggerbzingen tnn einer kuchi
294 2204 1144 2284 ab der h�lli habe er in grothwaurst unver
294 2245 1117 2340 sechernes genommen dieselb in eignem snss
294 2292 731 2380 gebratenn unnd genogen.
263 2354 1147 2472 Item zu Vonwyll Ehm ysene ketin ab einen
276 2426 1133 2520 Stuck Hottz gelögt, dieselb einem schuidt zu
269 2468 1151 2566 Eesteinholtz umb dry Batzenn vertoufft, desglychn
261 2517 1106 2618 daselbst mit hilff zweyer siner gsellen etliche
263 2575 509 2659 Leeeloed
682 2584 1135 2678 in gathsack entzucht
245 2646 1115 2764 Boremiers mit hilff zweiyer siner gsellen der
253 2723 1119 2813 der ein zu ehrlach uff gfarngenschafft gebrochen
685 2778 713 2807 1.
260 2766 1059 2856 ob Melchnomt Ein Srycher geoffnet, vnnd
236 2813 1091 2906 dares 22 einlach endtragen dieselben kim und
255 2863 1088 2944 nder verkoufft, sye Ime aber nitzit worden
237 2927 1109 3034 Beyters habindt sy nit vyts dademen von Melen
230 3005 1101 3092 nam vonn emerwösch etliche Hembder unn
222 3054 1086 3143 knnders gestollenn alls aber Hanns Throger
239 3105 1083 3195 unnd kynu Bruder sölliches inn einer scherer
242 3147 1101 3245 versteckt sye solches widerumb funden worder
202 3236 1104 3348 demne Syendt sy biy Hoffingen emem waher
208 3304 1082 3406 Inn die stubenn geschloffenn, ime das luch
208 3344 1089 3445 Ab dem bäbsctull genommen, davon ime 22e
168 3356 207 3444 2
211 3385 1093 3496 zu synem ditenn teyll verlaunget darber
214 3436 1080 3550 zum Tyhl ein ttschoppenn marchen dasysen das
175 3466 1100 3600 Vblig sye im Iem einer schurenn Alde er sole
147 3560 962 3688 ghaltenn widerumb funden worden etc.
1205 1284 1290 1346 kyseh.
2156 629 2230 710 26
1336 683 2273 858 Damotlin So habe er unnd r vorgemelter synn gselle
1332 748 2269 915 Im Curerener Gepirt Einn klller gröffnete darub
1248 806 2212 957 Ein leyb Grots, vnnd ein halbe Runfkenballenn
1287 907 1545 1002 ehndtragen
1292 939 2258 1079 Item Im enitliburs Habindt sie ein Schürlichin
1283 1004 2194 1106 Deyberkock gestollenn derselbig habe syn gsell
1335 1044 2262 1138 behalten, mit fürgebten er bleyder darub machen laßen welle ec.
1354 1082 2216 1189 gmach nit zweyer siner Gespanen zu denen
1330 1131 2217 1229 ermutelich kommmen sye, auch am enrerener piet
1317 1181 2220 1276 Inn einer dorff das ime unbekandt, uff einer
1317 1232 2153 1348 funff einlach unnd die hembder gestolleen.
1336 1309 2180 1421 Irnners im emernner piet mit hilff siner
1331 1378 2237 1463 sellenn Ehin Keller vffgebrochenn, darob einer
1319 1423 2192 1517 egroffenn unnd das Jhäinig sy ufgethragen inen
1313 1470 1872 1563 diderumb abgezagt wordenn,
1289 1537 2214 1645 Daruors widerumb im zieerner piet habe er
1319 1622 2233 1697 und zwrin siner gsellen ein keller geöffnet
1313 1659 2183 1757 und darus dry reyb grots unnd zw anck
1298 1701 1720 1773 Ballen endtfrömbdet.
1271 1761 2219 1895 Deme zu letzigen ein schoppenn endtzueht
1272 1870 2214 2004 Item zu Finsterhenmen mit hilff willer so ime
1274 1936 2252 2053 unnbekandt demn jhännigen spycher, daroh sy ver
1265 1992 2246 2101 jagt unnd irem den gfencklich anngenommen worden.
1296 2039 2227 2129 verhoffenn unnd zugestrpt, das sollsiger durch irenn
1307 2092 2171 2201 vier uffgebrochenn wordenn, ob die übegen etwas
1283 2139 2023 2240 datom gebracht, sye ime nit ze wügenn,
1256 2215 2140 2338 Retstlichenn Sye er zu Luein, mit Annderen
1290 2295 2216 2408 umbschweyffendem bube den spidtall daselbst gelegt
1292 2326 2182 2441 und ime domallen all dem übrigen ein latznisch
1271 2387 2170 2495 . uff den rucken gebrendt vnnd daruff inn syn
1275 2438 2160 2555 heynrt unnd der arbeyt nach gewigen vordenn
1253 2499 2170 2643 Ghitt für Sye omgfarlich 13 der 19 jar lat
1294 2569 1986 2700 Vnnd pitet Ehringenlich vmb Kndts.
1251 2691 2215 2833 ist mit dem Gleynstenn steyen uffzogen worden c.
1182 2845 2160 2974 Denno so hat Cmillorme Monin, vont Meinn,
1244 2937 2112 3038 pellgardtc. Dieere hievor bekandte Astickell
1254 2984 2146 3086 Inn gmeren unvereunderet der dubstatt nochmallen
1256 3036 2191 3152 erhaltenn unnd mit nachbesthriben Marter bestätiget
1239 3113 2102 3227 Ist erstlich bär zum anderenn mahl nicht dem
1251 3195 2102 3275 erleynnsten unnd zum drten mall mit dem
1248 3210 2068 3330 mitlesteen steyen uffzogen worden etc.
