3024 4032
678 733 1468 965 Eersates aeprnangne
461 840 583 905 v
677 812 1479 1012 t�lliches amme maistrl Bier fürghalten
644 881 1468 1069 worden, er habe aber müthit daruff gs
671 924 1475 1115 allwegenvermeint, das es nit so ein grohe
668 976 1476 1169 uention noch sonderkunst und syemt
635 1029 1463 1216 houteng sälliche sachen verborgen, allein
661 1111 1455 1253 er hienor dr faren als er by synem
650 1144 1460 1302 meister zu Basel gedienet, dem h
645 1191 1483 1375 heisen von Padmang ein petar
605 1233 1483 1452 güten ders er sis vorgenöten) zeng
608 1306 1096 1414 unnderstahnn welt,
858 1376 1031 1444 a
1136 1393 1315 1480 s a
659 1417 1462 1566 orimprs das er sich berumbt haben s
635 1478 1454 1613 Das ober Geychwoll dismalls gerinsen
619 1528 1453 1664 vermögenns unnd schlechter chtung ihret
460 1558 566 1634 won
640 1582 1444 1709 doch toch einwahll woll uffkommen, unnd
641 1633 1464 1769 kostlichenn Kleyderen datur können d
434 1681 514 1740 16
646 1704 1450 1827 nit minder, dann das er derglychen Irt
653 1760 1304 1884 möchte habenn kouffenn lagen
461 1797 615 1874 i gat
1308 1812 1468 1896 Bes
640 1830 1455 1946 sye aber mit annderen eschunpffrden und
632 1888 1450 2007 bosem intention noch meynung nit besgschen
593 1954 1454 2063 dann er allwarenn wann es gott gfallen, w
1210 2023 1388 2095 la
614 2006 1036 2111 darzu gesordelenn,
796 2104 964 2191 d
401 2134 1438 2242 gtstlichenn alls es beflagt wordend so
603 2203 1444 2300 Was ursachenn er echgeloffner zyth als selbe
581 2259 1438 2361 melter dire pfievre vonn Päterluegen alhan
587 2321 1417 2416 Inn gfangendschafft gebracht worden, e
594 2376 1426 2464 Inne domalls ein dleylh begleyhtet, Hiüber
607 2427 1443 2531 gibt er zzu Bscheydt. Das solliches vnndt
487 2486 1437 2597 gehabter kundtshafft wegen besthechen, dan
548 2549 1416 2630 Der Enne nit allein Sonnders anndere von
544 2601 1426 2722 Päterlingen mehr ein gtundt davon beglet
590 2655 1439 2754 unnd habe er nützit alein mit ime conpet
594 2720 1424 2846 Innsonnderheit wyll iene nützit nachteylisen
599 2795 1227 2901 boses nit dem inn zuwüsen hye
520 2942 1417 3073 Allo nun villgemelter Splastrefi
563 3030 1409 3149 ans ein inn synn Bittings abdästen
589 3082 1405 3204 ouch herfürgenommen unnd widerumb veho
521 3126 1417 3268 wordenn, Da ist er by siner hanvorgethanne
572 3180 1401 3311 verandtwurtung gentzlich verhatret, vnndt
552 3226 1419 3405 by siner beck teyell unnd dalligkeyt beh
533 3317 1389 3477 Das er einiche form hievor anndzognenn
2406 722 2481 794 53.
1517 768 2520 947 ditleitee vtracht, wonnder demnder
1614 842 2535 941 als die bstygnng zu Geuff bschächen zu Parys
1624 885 2555 996 ffendtlich gsyne sye, wie er dann offeriert sölliches
1630 936 2455 1030 nit gloubwürdiger Bügcknns (doo vonn nöten
1618 988 2500 1076 beschymnlich gemachenn, Darzu so habe er
1611 1034 2502 1131 mit dem vnn tastran Willam synem bohnn
1600 1083 2543 1191 noch dem frich von corsiet villwennger mit
1616 1134 2533 1223 winderen kein conspication noch verstandt, so sye
1606 1187 2493 1277 bider die dhtatt gruff noch v g landenn
1618 1244 2514 1338 niemallen nit ghann, daselbig sye ime guch von
1609 1288 2514 1390 einicher personn nit aungerundtet vordenn dann
1553 1351 2495 1438 Imrhall er derglychenn sachen solte bekennen,
1585 1399 2469 1491 wunte er ihme schwarlich unnracht, tln Pittet
1596 1448 2509 1557 derowgenn u d vaten sinner unchtuldt wegenn
1564 1498 2457 1614 Ime widerumb uff FFryen fug ge stellen
1599 1564 2550 1678 und mit diger synner langdärigen gfangenschafft
1598 1615 2233 1713 ein gnadigs vermugen SShaben d
1601 1678 1669 1719 ß
1662 1681 1816 1757 v
1808 1676 2217 1756 h d
1497 1682 2174 1813 uk aer sober zu brir beet
1519 1780 1970 1855 gat benl
1550 1827 1997 1914 gean
1499 1951 1939 2047 eh vu e did
1661 2035 1833 2100 12 8f
1486 2021 1659 2089 6l
1476 2129 1674 2205 1
1487 2241 1872 2323 h fus ge
1475 2301 1968 2368 er att geh d  od
1475 2356 2070 2437 ah de
1481 2411 2198 2497 e te ee ve e
1482 2477 1670 2545 e
1913 2522 1941 2601 3
1444 2968 1640 3054 i
1519 3042 1605 3115 a
1463 3082 1676 3148 u
1481 3135 1688 3206 i
