3024 4032
179 2333 236 2421 E
482 819 1143 980 Ged Srbub.
328 990 1135 1167 Ahlsdann Ghadi Schoull von
300 1061 1129 1213 Willard unnehr morser würtig hievor
340 1107 1131 1287 zinstag denn 29 nechsthingeflochen
274 1166 1152 1343 Bleynmonats wegenn bekandten frawenn.
328 1241 1123 1388 heytenn unnd diebställenn von menen
326 1314 1150 1465 gn kr Rhät unnd berrr zum schwadt
322 1354 1135 1498 ehrkendt. Da aber solliche urthell
281 1421 1137 1578 Wheyll er derselbenn migethaten nit durch
259 1492 1115 1627 Dß gesteundig belybenn, an Ime nit hat
293 1537 1130 1684 konnen erstattet werdenn, daruff
311 1622 1100 1742 ermelter Schons Donnstag den1
270 1669 1147 1805 Die Abfliegennden Wintermonats wideren
293 1737 1118 1874 den Bynasten Annhörenn vnnd gegenwit
317 1804 1136 1930 tigkeyt der Trommen furnemen ersamen
257 1865 1129 1996 Wysenn herrenn Jacob Thillier deßh
284 1937 1105 2026 Wndres Weildt, der Burgerenn, Damidt
289 1994 1124 2107 Ttscharmers Großweybels, samptetlich
272 2054 1093 2157 Ihryblenn miner g hr zu Marzilli
294 2122 1119 2200 synnlich geepamnert wordenn. Worüber
269 2194 1116 2268 hat er nachbemelte Artickellmit der marte
246 2225 1107 2348 Widerrufft vnnd hochlichn bezugett das
270 2301 1092 2412 Ime inn söllichen unnrecht gethan habec.
239 2394 1085 2513 Alls erstlichen das er mit hilffens
281 2482 1070 2566 synnes gellens onngfar vor eynem jar
246 2531 1059 2617 dem spurth zum schlugell allhie uss
251 2584 1055 2685 der Heindereen stuben daselbst uss
263 2647 1073 2745 eonem Trögli wwelliches sy offenn befinden
254 2697 1068 2787 Inn eynem Lidermen seckell e b genammen
219 2765 1064 2862 Davonn ime als sy solches getryet, sch
254 2830 1038 2905 fronenn worden, die er mithin verthan
257 2887 900 2987 unnd verspilt habenn solle ec.
241 2959 1035 3070 Denne das er im sibennthall Ein
246 3031 1032 3117 Müllin par Hosten, so er hernach am
238 3090 1008 3180 synen eys verschligenn, sampt einem
232 3151 908 3247 schlechtenn ihambsell gestollen,
170 3242 1027 3377 Item zu Wbillisont zueerner gesel
229 3326 1045 3438 mit hilff zweyes siner gsellen dß des
195 3374 1014 3502 Sanoy purtig, einem priester uß der
2031 682 2091 755 33.
1242 744 2113 945 Stubenn abli Fronenn sampt etlichen mäßs
1279 775 2129 954 bleyderenn genommen, davonn ime v f
1278 853 2116 1004 die er mitlin verzehrt verlanget synen etc.
1256 931 2178 1093 Srmers das er glych obernthalb Signomte alder
1275 1000 2157 1139 ddre Hönser, dero nammen ime unnbewegt als
1267 1072 2177 1182 wreyn handtwerchsgsellenn Anntroffenn, das
1273 1112 2143 1233 daselbst von eynem trov vier duraten, dri
1264 1159 2152 1278 oder vier Silber Croneen, vnnd etlich francken
1263 1207 2145 1333 so inn der sten abi vn gethann endtzueff
1265 1262 2093 1371 abndt, davonn imme e b wordenn syen,
1242 1369 2104 1480 lyters das er im Eggennwyll uß Ehumer
1247 1434 2120 1523 stubenn ein wüllen par Hosenn, sampt
1254 1478 2126 1570 einem Hembli unnd ernstach endtfrombdet
1254 1529 2120 1627 Item vnnehr Burgdorff abermallen kin
1251 1592 1979 1685 Wullen par hosenn gestollenn habe etc.
1319 1670 2114 1774 Dannothin So ist er nachvollgender
1351 1731 2112 1837 bekandtnus annredt unnd gespeündig
1814 1800 2071 1892 verblibenn,
1194 1871 2094 1980 Namlichenn vnnd dess Erstenn das er
1246 1944 2106 2027 unnehr hum das orth ime unnbekandt kunn
1221 1989 1939 2082 geschligenn HHeins endtfrömbdet.
1214 2070 2119 2185 Demnach zu Grunemath by Sumigwaldt vor
1223 2144 2071 2231 dem veünsteren zwey hembl endtragen
1217 2191 2076 2276 das ein umb vier batz verkaufft unnd das bnnder
1231 2235 1983 2344 mit synem annthragenden vertuschet c.
1219 2284 2153 2420 Verners das Annthragennde mit gunst zemeld
1213 2361 2120 2477 Alte par Schu vff dem Denngenburg gestollen,
1186 2422 2094 2545 Item unnehr Fryberen, ein schwartz duche
1196 2493 2099 2594 wambsell endtfrmbdet, dahar er daselbst
1205 2546 2060 2640 gfencklich ynnzogen, jedoch widerumb ohne
1218 2599 1956 2696 andere straff ledig gelaßen wordenn ec
1152 2651 2044 2761 Wyters einem landtman ab dem Lrungenbarg
1206 2736 2070 2826 uß dem Ttschoppenn vi batz verunnthrünket,
1199 2785 2101 2878 unnd solliche gegenn synem anthragenden Heinb
1187 2830 1867 2929 Inn getroffnem Tusts nachgeben vd
1188 2892 2043 3003 Item zu Höchstetenn ab einem zum ehin
1175 2963 2043 3046 Wieberkembd verruekt, vnnd solliches vmb
1152 3006 1621 3093 fünff batz verkoufft.
1128 3051 2039 3174 Denne ann etlichen unnderschidennlichen orten, alls
1175 3132 2085 3218 Jemandts Annheymbsch gsyn der daruug unnd
1193 3177 1836 3262 Spyss unnbefragt zugriffen ec
1114 3322 2066 3414 Awer Glädi Graub dst mit rutenn ußigen
1187 3375 2055 3463 sichenn der lydt für der Gnünnenen unndt
1193 3428 2046 3515 dnnsen Bruff gebenn, vnnd Iur dz Seychenn
1207 3464 1932 3567 ff den ruebern gebröndt worden ec.
