3024 4032
672 671 1453 969 tesa  ed
594 782 1441 1004 hrrn von porguten synem schweher
385 850 626 959 sich gspräcen.
653 845 1409 1033 von Wattenwyl noch einiehen ander
639 904 1445 1072 wereiiche cospiration so zu nach
580 935 1439 1135 der statt benkt villminder einer
1378 1042 1446 1090 mil
625 994 1456 1201 und landtschafft Bern gedienen mihten
612 1068 1447 1242 ghang, vilweniger widersölliche hos
600 1111 1400 1287 ständt etwas böses gedacht, dan
562 1181 1398 1347 glychwoll ermeltem vonn Watennbyl
1414 1270 1448 1318 6e
555 1214 1446 1427 Würiss Amgempten unnd annzemohen
601 1295 1422 1467 standen habt er doch nit vermeyndt, dasel
600 1345 1437 1540 ihme zu nachteyel gediennen sölte, Daß
365 1415 444 1470 12
590 1424 1422 1589 siye er keynner Annderee Meynnan dahint
562 1481 1408 1644 dann das er Eme das Jhannige Modell so
584 1537 1399 1706 durch vermeltenfrich vonn Dorser s
536 1590 1419 1764 Dochterman zu einer vorgehapten unnd pfingen
569 1668 1412 1818 Schalbruek ze machene bekolchen zugebracht
565 1724 1412 1881 Dannothin die ursach das er vorannzogeen
556 1800 1414 1940 Annthome endt zwüschen der 1trag annheit
556 1850 1412 1974 das er inme den h vonn Corsiel mit zum ge¬
573 1919 1405 2059 thrünksten gemeynet, befinde, sye, das er sy
557 1983 1413 2098 ohnne selt unnd belohnung sonnders allein in
554 2043 1408 2155 einem Parguet brieffen zu dem von Shatenlige
544 2088 1400 2215 Abgevertiget, vnnd Ime V. Dieire zuu¬
548 2152 1396 2265 etliche synner sachenn die er inn synem 10g
551 2220 1393 2333 ghann vereünderet, Bereners wie offenzogen
538 2284 1400 2386 M Anthoine Inne beschuldiget, das er zuhue
535 2349 1378 2446 gredt habe, das die statt gruff gegen den
509 2407 1390 2508 Der zum schwechisten unnd wolte er die pfell
514 2470 1401 2570 lychtlich ußzurgen können, zeigt er zun das
528 2528 1384 2626 minder, dann ds er Inne darumb Aachge¬
294 2591 1378 2684 weynez unnd sölliches wo von nöten mit synen hurvr
517 2652 1373 2729 gott erteylten mittlen. alls mit sonnderber
511 2704 1378 2806 gwicht, zuwaigen Zebringen, deselben hir
525 2759 1377 2866 niemalls vorhabenns gsynn, vonn niemands auh
469 2824 1362 2925 darumb ersucht noch aungesprochenn wordern
464 2880 1374 2966 Item alls ime fürghalten wordenn, wie d
502 2933 1371 3017 der vonn arhier unnlangest zugeschriben haben, si
516 2980 1369 3075 wann er nit baldt zu ime konne dbellen
501 3012 1375 3137 schaffen, das er dessen übell zeendtgelten habe
501 3088 1366 3194 vill er darumb nützit wëgen. Die wort das er
497 3147 1354 3270 ob er glychvoll dißmals gering unnd kleymg
466 3198 1346 3320 So werde er doch noch wollen uffkommen unnd ihr
482 3256 1355 3412 Cöstlich Kleyderen dahar gahn können, Ister
478 3315 1339 3463 heyll Ampredt, möchte aber daselbig inn eine
487 3341 1351 3495 Trunck, jedoch keinner bösten meynung vrmeldt
480 3489 652 3544 habenn
458 3469 1199 3604 pidtet gantz ehrungennlich umb gnadt
450 3524 1312 3704 Ist erstlich mit dem undtlesten, demnach
1033 3615 1063 3653 b
489 3549 1343 3725 malb einandern nach mit dem entlafen unnd v
468 3614 1314 3794 Stein so 100 pfandt an der gleicht halten
1494 1156 1554 1232 6
1534 855 2477 979 azech aonannen
1526 1018 2445 1150 uff sambstag dem ersten tag augusti
1562 1123 2461 1206 dis schwebenden 1602 jars en bysyne
1545 1172 2464 1268 anhören und gägenwürtigkeit der ehe-
1569 1227 2467 1321 renuesten fromen fürnemes wyseme
1564 1282 2472 1377 Herren Jerominūs Stettlers des Rhats
1533 1330 2472 1445 Jacob Grusers der bürgeren und Hans
1543 1390 2326 1507 Rudolff Steygers Grohweibels.
1966 1501 2498 1603 vonn silbringen der kilchörilorb
1518 1543 2469 1686 Vact Margreth Lehmanin, die letstlich
1555 1614 2437 1735 von Fronwenbrunnen alhar gebrachte
1562 1675 2456 1766 gfangne wybsperson, in der wyber
1547 1723 2435 1825 deffe über den mitgeschickten bericht
1531 1787 2443 1888 Nachvolgende schwere und hoche Mihshan
1556 1841 2437 1950 lungen, doch ohne marter) bekent und
1549 1895 1831 1991 vergiächen.
1552 1996 2440 2131 Klamlichen vnd des Ersten, wie das sy
1458 2076 2428 2178 sich hienor, es sytt irer jugendt so hoch
1531 2116 2462 2223 vergeßen und sich der pedigen hurey under
1546 2184 2450 2289 nommen und bemasget, der gstalt, das sy
1525 2237 2481 2331 byzweyen mans personen, zwey vneheliche
1538 2281 2470 2387 Khinder erzuget dieselbigen Inen zuge¬
1537 2352 2416 2450 eignet, jedoch uff ir anhaltten selbige
1528 2404 2436 2476 Khindt by Ira behalttenn welliche Aber
1523 2455 2449 2552 hernach underschidenlich uss diser zytt ver
1514 2515 2450 2613 scheidenn und ehrlich bestacet wordenn
1532 2563 1708 2653 syendt.
1522 2672 2435 2801 Demnach habe sy einem wäber knecht
1525 2760 2450 2869 von Hant Gatlen Hans Gügi genempt.
1499 2809 2432 2911 der sich zu kilbringen by ires vagers
1501 2871 2423 2970 huss zugezogenn, die eheuffrecht unnd
1494 2922 2425 3026 redlich uff syn anhaltten zugsagt unnd
1516 2982 2437 3087 versprochenn, vnd vff sollich endthunt
1526 3037 2462 3137 synes willens gepflagt und nach den
1517 3097 2443 3183 er sy aber verlaßen und sy ime nach-
1510 3149 2456 3249 gezogenn, habe sy vngeacht deselben, vß
1484 3186 2440 3276 Thorheit, einem Irem Jetzhabendenn
1493 3260 2456 3343 eheman Petter Jsaar genempt, wellicher
1510 3317 2454 3412 sy endtzwüschen der straßs angetroffen
