4032 3024
2069 384 2596 492 behälfen und began piter derh
2082 453 2583 542 umb gnad ist vormalsin
2087 503 2589 590 mit dem fleiner und volgend
2069 558 2581 646 mit dem ander vnd nun ab
2070 609 2576 704 mals mit dem klemer stein
2105 665 2197 757 fzog
2107 747 2574 846 Ist mit ruchen ußgeschwe
2161 811 2579 879 und mir dem eid kom
2169 860 2560 925 miner g herren stat
2169 895 2572 983 landt vewisten worden.
2046 1067 2568 1185 Hanns Schürch von Uizisten
2053 1140 2569 1213 dar ouch ersyört und bekenn
2045 1183 2562 1260 Das erstlich erodich vorzei
2059 1231 2558 1310 Jaren alhie In Spancknus
2045 1278 2550 1354 Ssin aber allein von wäg
2049 1327 2554 1402 Sinerfrouwen die er nit wöll
2052 1379 2560 1457 zu der sch haben, Sunst wie
2055 1420 2556 1494 er vsclagt das er dem dan
2035 1468 2543 1548 donare 4 garben st�llentfr
2034 1512 2553 1590 det haben dero spendt aber
2055 1561 2540 1645 nit mehr dann in gsin, so ere
2048 1613 2536 1697 genomen, Belangendt die
2033 1655 2542 1744 zwei rost habe er vorgemälen
2049 1708 2537 1799 Hans Marti die sholfen
2041 1749 2539 1839 furen, und syendt aneau
2025 1805 2542 1897 wiegemeldet die 7 bar w
2021 1871 2537 1950 blychsfahls von dem kendll
2029 1918 2528 2010 Wbie gemeldet sin theil auff
2022 1961 2333 2053 vnd an der hut
2006 2019 2529 2140 aber die andere hur sye Ink
2024 2104 2534 2192 von Hans Sterschin zu fruyde
2008 2151 2518 2226 genomen und in die Barde
2021 2192 2525 2281 es sye im aber Hans Mart
2010 2243 2534 2342 hieuor an de 7 bar so er im
3209 321 3281 398 16
2700 438 3258 541 zwen banschuldig gstin unnd
2711 505 3276 596 derhalben ergang wie er beken
2701 554 3252 641 hat, die einfurten ross, dero
2694 611 3273 689 syr eins Rüthis und das ander
2687 660 3234 766 Fries steins zu Copigen gsin.
2672 739 3258 836 Dise bune mischan syend in
2706 792 3235 880 übel geruwen, piter derhalben
2687 842 3158 929 erungenlich vmb gnad
2896 900 3280 977 Ist vormals und nun
2916 953 3259 1030 aber mit dem keiner
2910 987 3084 1056 Stein ufzo
2860 1023 3208 1131 Ist mit ruch ußge
2868 1082 3066 1156 schwūng
2677 1331 3258 1429 Hanns Sterchi ouch vomnistorff
2670 1390 3216 1461 hat hieuor und nun abermalen
2671 1436 3219 1519 bekenn und seryäch das er
2670 1478 3215 1560 verschier jaren zu Burgdorff
2667 1523 3219 1613 Inn dersthal ein silberen däch
2669 1564 3237 1660 einfröndet, darob er aber ergrifen
2653 1611 3222 1699 vnd denselbigen deßhalb wider
2672 1659 3210 1750 gäben müssen, sunst habe
2658 1704 3208 1782 Er wie ouch die ander an den
2657 1753 3244 1836 zweyen rosshünen sin theil shan
2660 1806 3229 1887 Nlich wie ouch an vermäln halb
2663 1851 3233 1930 an dem fleisch und an der hin
2658 1887 3205 1978 aber die costs habe er im schols
2652 1938 3253 2019 entfrömbden, ouch niemant mit
2645 1979 3198 2062 Wycers genomen, dann allein
2662 2030 3230 2111 zum zyff opsyntrag, wie das
2640 2079 3211 2147 dann ouch die andern Beidt
2639 2122 3238 2212 Flyschesfahls bekemn und Myachn
2650 2165 3190 2247 haben, wölches alles ii
2631 2212 3246 2305 ouch rüwlich und von Härtz leid
3038 2275 3152 2357 sy
