4032 3024
806 571 909 668 222
962 660 1948 822 Er seye zwar am Freytag Abendt auch in
932 743 1927 853 Stall gangen aber es seye noch nit nacht
933 793 1926 940 sonderen wie am Sontag abendt zzwuschen
923 858 1326 973 tag und nacht gsin
923 972 1941 1097 Waß Er doch abermahls so spahl im Stall
859 1031 1311 1129 zuverrichten gehabt:
971 1126 1895 1251 Er habe gelugdt, wie anderemahl waß
926 1178 1265 1290 das Vaich mache
929 1269 1933 1392 Ob Er damahlen im Stall nit ein brättlin
891 1348 1862 1458 genommen auff die Bschus geleget und dar
902 1390 1225 1479 auß gestanden.
911 1470 1589 1589 Nein das habe Er nit gethan.
893 1602 1874 1728 Ob Er nit hinder der Rohten Kuhe auff das
899 1663 1358 1751 grattein gestanden?
907 1741 1894 1855 Er seye zwahr wohl hinder der Kuhe aber
876 1810 1886 1932 auf keinem brättlin sonder auff der bschüs¬
871 1871 1110 1947 gestanden.
1604 1936 1743 2071 Z
2064 681 2179 764 223
2213 719 3268 827 Ob Er nit hinder der Kuhe sein Männlich glidt
2177 781 2424 863 entblößt.
2189 853 3216 975 Ja Er habe es entblößt, das Waßer abzu¬
2161 939 2369 1038 schlagen
2177 1015 3242 1121 Warumb Er grad bey der Ruhe das Waßer
2151 1081 2460 1184 abgeschlagen.
2206 1158 2939 1274 Es habe Ihm grad nocht gethan
2197 1249 3255 1366 Ob Er sich an der Kuht nit hin vnd her bewegdt
2176 1361 2816 1472 Mein das habe Er nit gethan.
2180 1450 3175 1580 Ob Er sein Männlich glied nie an die Kuhe
2155 1539 2307 1630 gehabt
2167 1597 3192 1706 Nein gar mit Er habe mit anders gemacht
2149 1664 3183 1765 als das waßer abgschlagen und darauff sein
2144 1721 3157 1821 Scham glied wider gehalten wie anderemahl
2135 1789 3207 1891 und wann Ersagdte daß Er etwas anders ge¬
2129 1841 3176 1947 macht, so wurde Er seinem leib gewaldt thun
2107 1946 3123 2054 Wie nun Michl. Exeaminator gesachen
3033 2029 3157 2108 daß
