<?xml version="1.0" encoding="UTF-8" standalone="yes"?>
<PcGts xmlns="http://schema.primaresearch.org/PAGE/gts/pagecontent/2013-07-15" xmlns:xsi="http://www.w3.org/2001/XMLSchema-instance" xsi:schemaLocation="http://schema.primaresearch.org/PAGE/gts/pagecontent/2013-07-15 http://schema.primaresearch.org/PAGE/gts/pagecontent/2013-07-15/pagecontent.xsd">
    <Metadata>
        <Creator>prov=University of Rostock/Institute of Mathematics/CITlab|PLANET AI GmbH/Gundram Leifert/gundram.leifert@planet-ai.de:name=Transkribus German Kurrent M2(htr_id=29820)::::v=2.6.7
prov=University of Rostock/Institute of Mathematics/CITlab|PLANET AI GmbH/Tobias Gruening/tobias.gruening@planet-ai.de:name=de.uros.citlab.module.baseline2polygon.B2PSeamMultiOriented:v=2.6.7
prov=University of Rostock/Institute of Mathematics/CITlab|PLANET AI GmbH/Tobias Gruening/tobias.gruening@planet-ai.de:name=/net_tf/LA73_249_0mod360.pb:de.uros.citlab.segmentation.CITlab_LA_ML:v=2.6.7
Transkribus</Creator>
        <Created>2022-05-02T16:14:03.361+02:00</Created>
        <LastChange>2023-05-09T22:45:12.486+02:00</LastChange>
        <TranskribusMetadata docId="1336519" pageId="52421509" pageNr="125" tsid="121359192" status="IN_PROGRESS" userId="68497" imgUrl="https://files.transkribus.eu/Get?id=ERZFMMNUZEVEXEHPXCRQHHFZ&amp;fileType=view" xmlUrl="https://files.transkribus.eu/Get?id=LMXAMJUMHTBYCKUJKTOPSKTL" imageId="30695074"/>
    </Metadata>
    <Page imageFilename="IMG_7327.jpg" imageWidth="4032" imageHeight="3024">
        <ReadingOrder>
            <OrderedGroup id="ro_1687513559348" caption="Regions reading order">
                <RegionRefIndexed index="0" regionRef="r1"/>
                <RegionRefIndexed index="1" regionRef="r4"/>
                <RegionRefIndexed index="2" regionRef="r5"/>
                <RegionRefIndexed index="3" regionRef="r6"/>
            </OrderedGroup>
        </ReadingOrder>
        <TextRegion orientation="0.0" type="page-number" id="r1" custom="readingOrder {index:0;} structure {type:page-number;}">
            <Coords points="795,499 795,656 890,656 890,499"/>
            <TextLine id="r1l1" custom="readingOrder {index:0;}">
                <Coords points="785,641 816,644 837,632 850,633 881,610 897,611 902,532 882,529 867,539 838,532 818,540 806,551 791,545"/>
                <Baseline points="795,599 826,599 858,600 890,606"/>
                <TextEquiv>
                    <Unicode>242</Unicode>
                </TextEquiv>
            </TextLine>
            <TextEquiv>
                <Unicode>242</Unicode>
            </TextEquiv>
        </TextRegion>
        <TextRegion orientation="0.0" type="paragraph" id="r4" custom="readingOrder {index:1;} structure {type:paragraph;}">
            <Coords points="888,626 888,2042 1949,2042 1949,626"/>
            <TextLine id="r4l1" custom="readingOrder {index:0;}">
                <Coords points="924,666 1068,666 1108,713 1222,676 1563,733 1714,716 1949,772 1955,709 1739,699 1592,631 1492,658 1122,590 1025,618 933,574"/>
                <Baseline points="933,654 983,657 1034,662 1084,666 1135,669 1185,674 1236,677 1286,681 1337,685 1387,689 1438,693 1489,696 1539,701 1590,706 1640,711 1691,716 1741,723 1792,729 1842,737 1893,745 1944,753"/>
                <TextEquiv>
                    <Unicode>Vnd da Er hinaußkommen seye der Ander bey</Unicode>
                </TextEquiv>
            </TextLine>
            <TextLine id="r4l2" custom="readingOrder {index:1;} place {offset:0; length:4;}">
                <Coords points="927,744 1553,756 1893,816 1940,813 1946,752 1765,760 1598,719 1559,744 1236,677 1108,711 933,665"/>
                <Baseline points="936,716 985,720 1035,723 1085,727 1135,730 1185,734 1235,736 1285,740 1335,743 1385,746 1435,751 1484,754 1534,758 1584,762 1634,767 1684,772 1734,779 1784,785 1834,793 1884,801 1934,810"/>
                <TextEquiv>
                    <Unicode>thun ghm und habend Ihm das Kind vmb</Unicode>
                </TextEquiv>
            </TextLine>
            <TextLine id="r4l3" custom="readingOrder {index:2;}">
                <Coords points="904,803 1397,816 1475,854 1588,826 1859,883 1948,880 1953,819 1795,782 1358,775 1230,734 1127,772 1019,724 908,758"/>
                <Baseline points="912,786 963,788 1015,789 1066,791 1118,792 1169,794 1221,796 1272,798 1324,801 1375,804 1427,808 1479,812 1530,815 1582,821 1633,825 1685,831 1736,836 1788,843 1839,849 1891,857 1943,864"/>
                <TextEquiv>
                    <Unicode>9. E. geschetzt; Er aber Ihnen 7. F. darfür</Unicode>
                </TextEquiv>
            </TextLine>
            <TextLine id="r4l4" custom="readingOrder {index:3;}">
                <Coords points="915,862 1017,842 1096,888 1208,853 1947,937 1950,894 1779,853 1667,867 1563,831 1467,859 1399,816 1316,838 1258,807 1220,833 920,800"/>
                <Baseline points="924,840 974,843 1025,846 1076,850 1127,853 1178,856 1229,858 1279,861 1330,864 1381,867 1432,870 1483,874 1534,877 1585,882 1635,886 1686,891 1737,896 1788,902 1839,908 1890,915 1941,923"/>
                <TextEquiv>
                    <Unicode>gebotten; so der Ander nit annemmen, wollen</Unicode>
                </TextEquiv>
            </TextLine>
            <TextLine id="r4l5" custom="readingOrder {index:4;}">
                <Coords points="919,910 1281,928 1353,968 1403,929 1481,974 1683,954 1948,1003 1952,949 1800,939 1750,899 1679,928 1396,878 922,871"/>
                <Baseline points="927,902 977,906 1028,909 1079,914 1130,917 1181,920 1231,923 1282,925 1333,928 1384,931 1435,935 1485,938 1536,942 1587,945 1638,950 1689,955 1739,959 1790,963 1841,971 1892,977 1943,984"/>
                <TextEquiv>
                    <Unicode>aber endtlichen nach langen Marten, habe Er</Unicode>
                </TextEquiv>
            </TextLine>
            <TextLine id="r4l6" custom="readingOrder {index:5;}">
                <Coords points="924,998 1354,990 1392,1025 1664,1022 1688,1051 1795,1023 1876,1074 1955,1060 1959,1003 1563,949 1481,974 1404,931 1353,968 1215,921 1053,952 930,911"/>
                <Baseline points="933,965 983,968 1034,971 1085,974 1136,977 1187,980 1237,982 1288,985 1339,989 1390,992 1441,995 1491,999 1542,1002 1593,1007 1644,1011 1695,1016 1745,1020 1796,1025 1847,1029 1898,1036 1949,1041"/>
                <TextEquiv>
                    <Unicode>thuen e. P. und etlich batzen darfür bezahlt</Unicode>
                </TextEquiv>
            </TextLine>
            <TextLine id="r4l7" custom="readingOrder {index:6;}">
                <Coords points="952,1087 1579,1102 1801,1154 1933,1118 1936,1077 1843,1056 1770,1083 1706,1042 1586,1075 1374,1013 1319,1048 1044,1012 955,1035"/>
                <Baseline points="960,1065 1008,1067 1056,1068 1104,1071 1153,1072 1201,1074 1249,1076 1298,1077 1346,1080 1394,1082 1443,1085 1491,1087 1539,1090 1587,1093 1636,1096 1684,1100 1732,1102 1781,1106 1829,1110 1877,1114 1926,1118"/>
                <TextEquiv>
                    <Unicode>Ob Er nit diesen Gesellen befohlen Ihme</Unicode>
                </TextEquiv>
            </TextLine>
            <TextLine id="r4l8" custom="readingOrder {index:7;}">
                <Coords points="931,1139 979,1138 1063,1174 1102,1155 1129,1174 1192,1138 1245,1142 1280,1172 1327,1172 1365,1162 1367,1119 1315,1109 1289,1121 1236,1087 1199,1114 1141,1076 1098,1070 992,1066 967,1085 934,1068"/>
                <Baseline points="938,1125 964,1127 990,1127 1016,1128 1043,1130 1069,1131 1095,1133 1122,1134 1148,1134 1174,1137 1201,1137 1227,1139 1253,1140 1280,1141 1306,1142 1332,1143 1359,1145"/>
                <TextEquiv>
                    <Unicode>Veich zu zubringen</Unicode>
                </TextEquiv>
            </TextLine>
            <TextLine id="r4l9" custom="readingOrder {index:8;}">
                <Coords points="935,1234 1021,1232 1067,1271 1164,1245 1244,1286 1300,1256 1401,1292 1507,1253 1569,1294 1625,1259 1892,1292 1895,1234 938,1177"/>
                <Baseline points="942,1227 989,1229 1036,1230 1083,1233 1130,1235 1178,1236 1225,1238 1272,1240 1319,1243 1366,1245 1414,1247 1461,1250 1508,1252 1555,1255 1602,1258 1650,1260 1697,1263 1744,1266 1791,1269 1838,1273 1886,1275"/>
                <TextEquiv>
                    <Unicode>An Einem Zinstag als Er herren alt</Unicode>
                </TextEquiv>
            </TextLine>
            <TextLine id="r4l10" custom="readingOrder {index:9;}">
                <Coords points="915,1334 1026,1298 1266,1347 1443,1312 1760,1365 1814,1333 1929,1344 1930,1305 1881,1288 1772,1306 1626,1258 1584,1296 1497,1257 1401,1292 1037,1247 918,1269"/>
                <Baseline points="924,1295 973,1297 1023,1299 1073,1301 1123,1304 1173,1305 1223,1307 1273,1309 1323,1311 1373,1313 1423,1314 1472,1316 1522,1318 1572,1320 1622,1322 1672,1324 1722,1326 1772,1329 1822,1331 1872,1334 1922,1337"/>
                <TextEquiv>
                    <Unicode>subernatoren Knecht und etwelchen ande¬</Unicode>
                </TextEquiv>
            </TextLine>
            <TextLine id="r4l11" custom="readingOrder {index:10;}">
                <Coords points="916,1371 1746,1422 1926,1404 1929,1343 1708,1372 1663,1341 1443,1332 1363,1359 1054,1304 918,1335"/>
                <Baseline points="924,1358 973,1361 1023,1364 1073,1365 1123,1367 1172,1369 1222,1371 1272,1373 1322,1375 1371,1377 1421,1379 1471,1380 1521,1383 1570,1385 1620,1386 1670,1388 1720,1390 1769,1391 1819,1393 1869,1395 1919,1397"/>
                <TextEquiv>
                    <Unicode>ren Persohnen einiche Melchgeißen gekauft</Unicode>
                </TextEquiv>
            </TextLine>
            <TextLine id="r4l12" custom="readingOrder {index:11;}">
                <Coords points="889,1444 1949,1494 1930,1425 891,1377"/>
                <Baseline points="897,1427 949,1427 1001,1428 1053,1430 1106,1432 1158,1433 1210,1436 1263,1437 1315,1440 1367,1442 1420,1443 1472,1445 1524,1447 1576,1448 1629,1449 1681,1451 1733,1452 1786,1452 1838,1452 1890,1452 1943,1451"/>
                <TextEquiv>
                    <Unicode>habe der Beutz auß dem Marit Ihne ange¬</Unicode>
                </TextEquiv>
            </TextLine>
            <TextLine id="r4l13" custom="readingOrder {index:12;}">
                <Coords points="896,1509 1103,1496 1208,1543 1380,1493 1619,1553 1705,1520 1745,1554 1881,1526 1883,1480 1746,1504 1443,1445 1300,1475 1125,1433 898,1435"/>
                <Baseline points="903,1490 951,1490 1000,1491 1048,1493 1097,1494 1145,1495 1194,1497 1242,1499 1291,1500 1339,1503 1388,1505 1437,1506 1485,1509 1534,1511 1582,1512 1631,1514 1679,1515 1728,1517 1776,1517 1825,1518 1874,1518"/>
                <TextEquiv>
                    <Unicode>troffen und gesagdt, Ob Er noch ein Geiß</Unicode>
                </TextEquiv>
            </TextLine>
            <TextLine id="r4l14" custom="readingOrder {index:13;} place {offset:31; length:7;}">
                <Coords points="905,1562 1169,1557 1263,1596 1452,1566 1497,1598 1590,1567 1808,1619 1923,1584 1925,1527 1565,1552 1411,1507 1360,1543 1208,1542 1134,1501 1103,1526 906,1493"/>
                <Baseline points="912,1553 962,1553 1012,1553 1062,1554 1112,1556 1163,1557 1213,1557 1263,1559 1313,1560 1363,1562 1414,1564 1464,1566 1514,1568 1564,1569 1614,1571 1665,1572 1715,1572 1765,1574 1815,1574 1865,1574 1916,1574"/>
                <TextEquiv>
                    <Unicode>kauffen wolte, Er wuße Eine im Eryburg ge¬</Unicode>
                </TextEquiv>
            </TextLine>
            <TextLine id="r4l15" custom="readingOrder {index:14;}">
                <Coords points="905,1618 1174,1620 1305,1660 1381,1624 1543,1653 1577,1626 1719,1671 1942,1620 1898,1584 1808,1621 1513,1607 1458,1569 1282,1600 906,1567"/>
                <Baseline points="912,1611 963,1611 1014,1612 1065,1613 1116,1614 1167,1616 1218,1617 1269,1619 1320,1620 1371,1623 1423,1625 1474,1626 1525,1628 1576,1631 1627,1631 1678,1632 1729,1634 1780,1635 1831,1635 1882,1635 1934,1635"/>
                <TextEquiv>
                    <Unicode>biet deme Er gesagdt Ja, Er wolle Eine fur</Unicode>
                </TextEquiv>
            </TextLine>
            <TextLine id="r4l16" custom="readingOrder {index:15;}">
                <Coords points="898,1687 1031,1670 1204,1710 1306,1676 1380,1717 1466,1689 1891,1698 1883,1640 1719,1671 1610,1636 1380,1662 900,1630"/>
                <Baseline points="906,1674 954,1673 1003,1671 1052,1671 1101,1671 1150,1671 1199,1673 1248,1674 1297,1676 1346,1677 1395,1679 1443,1681 1492,1683 1541,1685 1590,1687 1639,1689 1688,1691 1737,1691 1786,1692 1835,1692 1884,1692"/>
                <TextEquiv>
                    <Unicode>sich, wann Er eine Guhte bekommen könte, </Unicode>
                </TextEquiv>
            </TextLine>
            <TextLine id="r4l17" custom="readingOrder {index:16;}">
                <Coords points="895,1731 1273,1784 1394,1744 1932,1772 1933,1721 1873,1695 1767,1726 1622,1691 1473,1720 1322,1679 1156,1712 897,1686"/>
                <Baseline points="903,1727 954,1728 1005,1730 1056,1730 1107,1732 1158,1734 1209,1734 1260,1736 1311,1737 1362,1740 1414,1741 1465,1743 1516,1745 1567,1746 1618,1748 1669,1749 1720,1751 1771,1752 1822,1752 1873,1754 1925,1754"/>
                <TextEquiv>
                    <Unicode>alles der meinung, der Bentz werde, als ein</Unicode>
                </TextEquiv>
            </TextLine>
            <TextLine id="r4l18" custom="readingOrder {index:17;}">
                <Coords points="882,1831 999,1786 1427,1840 1524,1804 1582,1833 1899,1824 1886,1787 1697,1757 1403,1782 1303,1754 1266,1781 885,1738"/>
                <Baseline points="891,1787 941,1788 991,1788 1041,1790 1091,1791 1141,1793 1191,1794 1241,1796 1291,1799 1341,1801 1391,1803 1441,1805 1491,1808 1541,1809 1591,1811 1641,1812 1691,1812 1741,1814 1791,1814 1841,1814 1892,1812"/>
                <TextEquiv>
                    <Unicode>Ehrlicher Mann( wie Er Ihne seit langen</Unicode>
                </TextEquiv>
            </TextLine>
            <TextLine id="r4l19" custom="readingOrder {index:18;}">
                <Coords points="892,1856 1020,1856 1086,1896 1153,1865 1192,1896 1430,1865 1526,1905 1849,1881 1897,1907 1916,1850 1811,1820 1713,1850 1529,1814 1489,1848 1143,1825 1000,1786 893,1821"/>
                <Baseline points="899,1850 949,1850 999,1851 1050,1851 1100,1853 1151,1856 1201,1857 1252,1860 1302,1862 1353,1865 1403,1867 1453,1870 1504,1872 1554,1874 1605,1875 1655,1877 1706,1878 1756,1878 1807,1878 1857,1878 1908,1877"/>
                <TextEquiv>
                    <Unicode>darfur gehalten und gekennt: selbige kauffen,</Unicode>
                </TextEquiv>
            </TextLine>
            <TextLine id="r4l20" custom="readingOrder {index:19;}">
                <Coords points="879,1950 1047,1927 1226,1971 1888,1985 1910,1903 1794,1936 1724,1895 1626,1931 1360,1881 1186,1897 1152,1866 1040,1901 1010,1869 882,1868"/>
                <Baseline points="888,1916 938,1917 989,1919 1039,1920 1090,1922 1141,1923 1191,1926 1242,1929 1293,1931 1343,1933 1394,1935 1445,1938 1495,1940 1546,1943 1597,1945 1647,1946 1698,1948 1749,1949 1799,1950 1850,1950 1901,1950"/>
                <TextEquiv>
                    <Unicode>da dann der Bentz allein Ihme die Geiß zu</Unicode>
                </TextEquiv>
            </TextLine>
            <TextLine id="r4l21" custom="readingOrder {index:20;}">
                <Coords points="1714,2055 1752,2041 1792,2049 1803,2042 1824,2059 1841,2061 1884,2033 1917,2040 1917,1984 1858,1980 1839,1992 1800,1975 1774,1999 1749,2001 1728,1984 1714,1983"/>
                <Baseline points="1721,2027 1748,2027 1775,2027 1802,2025 1829,2025 1856,2025 1883,2026 1910,2027"/>
                <TextEquiv>
                    <Unicode>gebracht</Unicode>
                </TextEquiv>
            </TextLine>
            <TextEquiv>
                <Unicode>Vnd da Er hinaußkommen seye der Ander bey
thun ghm und habend Ihm das Kind vmb
9. E. geschetzt; Er aber Ihnen 7. F. darfür
gebotten; so der Ander nit annemmen, wollen
aber endtlichen nach langen Marten, habe Er
thuen e. P. und etlich batzen darfür bezahlt
Ob Er nit diesen Gesellen befohlen Ihme
Veich zu zubringen
An Einem Zinstag als Er herren alt
subernatoren Knecht und etwelchen ande¬
ren Persohnen einiche Melchgeißen gekauft
habe der Beutz auß dem Marit Ihne ange¬
troffen und gesagdt, Ob Er noch ein Geiß
kauffen wolte, Er wuße Eine im Eryburg ge¬
biet deme Er gesagdt Ja, Er wolle Eine fur
sich, wann Er eine Guhte bekommen könte, 
alles der meinung, der Bentz werde, als ein
Ehrlicher Mann( wie Er Ihne seit langen
darfur gehalten und gekennt: selbige kauffen,
da dann der Bentz allein Ihme die Geiß zu
gebracht</Unicode>
            </TextEquiv>
        </TextRegion>
        <TextRegion orientation="0.0" type="page-number" id="r5" custom="readingOrder {index:2;} structure {type:page-number;}">
            <Coords points="2049,653 2049,806 2130,806 2130,653"/>
            <TextLine id="r5l1" custom="readingOrder {index:0;}">
                <Coords points="2043,762 2071,763 2137,745 2135,687 2123,687 2110,695 2101,691 2075,710 2051,691 2041,694"/>
                <Baseline points="2049,756 2076,756 2103,756 2130,753"/>
                <TextEquiv>
                    <Unicode>143</Unicode>
                </TextEquiv>
            </TextLine>
            <TextEquiv>
                <Unicode>143</Unicode>
            </TextEquiv>
        </TextRegion>
        <TextRegion orientation="0.0" type="paragraph" id="r6" custom="readingOrder {index:3;} structure {type:paragraph;}">
            <Coords points="2173,693 2136,2030 3288,2067 3288,723"/>
            <TextLine id="r6l1" custom="readingOrder {index:0;}">
                <Coords points="2169,790 2370,748 2709,806 3188,786 3294,835 3298,715 3088,752 2999,707 2702,729 2527,674 2171,729"/>
                <Baseline points="2177,753 2232,753 2288,753 2343,755 2399,755 2454,756 2510,758 2565,759 2621,760 2676,762 2732,764 2788,765 2843,768 2899,771 2954,773 3010,776 3065,778 3121,781 3176,785 3232,787 3288,791"/>
                <TextEquiv>
                    <Unicode>gebracht für welche Er Ihm nach langen Märten</Unicode>
                </TextEquiv>
            </TextLine>
            <TextLine id="r6l2" custom="readingOrder {index:1;}">
                <Coords points="2177,834 3049,864 3108,833 3258,847 3259,818 2907,774 2422,803 2276,757 2178,790"/>
                <Baseline points="2184,830 2237,827 2290,824 2344,822 2397,821 2451,821 2504,821 2557,821 2611,821 2664,822 2718,824 2771,825 2824,827 2878,829 2931,831 2985,833 3038,836 3091,837 3145,840 3198,842 3252,843"/>
                <TextEquiv>
                    <Unicode>2. B. und (: Maß wein zahlt, und gesagdt wann</Unicode>
                </TextEquiv>
            </TextLine>
            <TextLine id="r6l3" custom="readingOrder {index:2;}">
                <Coords points="2177,911 2317,887 2600,921 2719,877 2883,937 3013,893 3238,931 3231,842 3099,877 2854,834 2694,865 2455,822 2413,852 2178,836"/>
                <Baseline points="2184,885 2236,885 2288,885 2341,886 2393,887 2445,887 2498,887 2550,887 2602,888 2655,888 2707,888 2759,888 2812,890 2864,890 2916,891 2969,891 3021,893 3073,894 3126,896 3178,897 3231,899"/>
                <TextEquiv>
                    <Unicode>die Geiß für Ihne seye wolle Er Ihme noch</Unicode>
                </TextEquiv>
            </TextLine>
            <TextLine id="r6l4" custom="readingOrder {index:3;}">
                <Coords points="2174,984 2201,967 2233,976 2259,967 2278,985 2310,990 2361,969 2382,979 2394,969 2472,972 2509,988 2507,922 2451,903 2392,921 2353,901 2324,919 2276,899 2229,917 2197,912 2172,929"/>
                <Baseline points="2180,954 2206,953 2233,951 2260,950 2287,948 2313,947 2340,945 2367,945 2394,945 2420,945 2447,946 2474,947 2501,950"/>
                <TextEquiv>
                    <Unicode>. b. zahlen</Unicode>
                </TextEquiv>
            </TextLine>
            <TextLine id="r6l5" custom="readingOrder {index:4;}">
                <Coords points="2212,1058 2389,1086 2456,1045 2677,1072 2768,1036 3212,1082 3272,1074 3273,990 3155,975 3008,1020 2784,982 2354,1009 2212,983"/>
                <Baseline points="2219,1044 2271,1043 2323,1041 2376,1039 2428,1038 2480,1038 2533,1037 2585,1038 2637,1038 2690,1038 2742,1040 2794,1040 2847,1041 2899,1043 2951,1043 3004,1044 3056,1046 3108,1046 3161,1047 3213,1047 3266,1047"/>
                <TextEquiv>
                    <Unicode>Ob Er nit gewußt, daß das Kind gestohlen seyn:</Unicode>
                </TextEquiv>
            </TextLine>
            <TextLine id="r6l7" custom="readingOrder {index:5;}">
                <Coords points="2218,1157 2688,1137 2753,1168 2855,1140 3184,1180 3258,1155 3258,1110 3051,1080 2926,1120 2749,1079 2218,1103"/>
                <Baseline points="2225,1151 2276,1147 2327,1144 2378,1141 2430,1140 2481,1137 2532,1137 2584,1136 2635,1136 2686,1136 2738,1136 2789,1137 2840,1138 2891,1139 2943,1140 2994,1142 3045,1143 3097,1145 3148,1146 3199,1146 3251,1148"/>
                <TextEquiv>
                    <Unicode>Nein; dann der Bentz Ihme zu vor gesagdt</Unicode>
                </TextEquiv>
            </TextLine>
            <TextLine id="r6l9" custom="readingOrder {index:6;} place {offset:27; length:10;}">
                <Coords points="2158,1250 2368,1202 2446,1237 2536,1199 3254,1224 3253,1155 2966,1183 2692,1136 2158,1177"/>
                <Baseline points="2165,1208 2219,1206 2273,1203 2327,1203 2381,1202 2435,1200 2489,1199 2543,1199 2597,1199 2651,1197 2705,1197 2759,1197 2813,1199 2867,1199 2921,1199 2975,1200 3029,1200 3083,1202 3137,1202 3191,1203 3246,1205"/>
                <TextEquiv>
                    <Unicode>Es habe ein Armer Mann von Neundeuegg eine</Unicode>
                </TextEquiv>
            </TextLine>
            <TextLine id="r6l10" custom="readingOrder {index:7;}">
                <Coords points="2140,1301 2436,1259 3123,1280 3228,1268 3228,1213 2707,1232 2521,1200 2399,1240 2211,1208 2140,1246"/>
                <Baseline points="2147,1266 2200,1265 2254,1263 2308,1263 2361,1262 2415,1260 2469,1260 2522,1259 2576,1259 2630,1259 2684,1259 2737,1259 2791,1257 2845,1257 2898,1257 2952,1257 3006,1257 3059,1257 3113,1257 3167,1256 3221,1256"/>
                <TextEquiv>
                    <Unicode>Ruhe in dem Forst versteckt und wolle dieselbe</Unicode>
                </TextEquiv>
            </TextLine>
            <TextLine id="r6l11" custom="readingOrder {index:8;}">
                <Coords points="2161,1328 3105,1334 3219,1325 3219,1275 2161,1294"/>
                <Baseline points="2168,1319 2220,1319 2272,1317 2324,1316 2376,1316 2429,1316 2481,1316 2533,1316 2585,1316 2637,1316 2690,1316 2742,1317 2794,1317 2846,1317 2898,1317 2951,1316 3003,1316 3055,1314 3107,1313 3159,1312 3212,1310"/>
                <TextEquiv>
                    <Unicode>auß dem keiner ziechen, damit Er geldt auß die</Unicode>
                </TextEquiv>
            </TextLine>
            <TextLine id="r6l12" custom="readingOrder {index:9;}">
                <Coords points="2156,1388 3173,1405 3229,1382 3229,1343 3072,1317 2852,1361 2789,1325 2630,1350 2582,1314 2500,1356 2414,1321 2156,1352"/>
                <Baseline points="2162,1379 2215,1377 2268,1377 2321,1376 2374,1376 2427,1374 2480,1374 2533,1374 2586,1374 2639,1374 2692,1374 2745,1374 2798,1374 2851,1374 2904,1374 2957,1374 3010,1374 3063,1374 3116,1374 3169,1374 3222,1374"/>
                <TextEquiv>
                    <Unicode>straaß bekommen könne, weilen es mit Ihme zu</Unicode>
                </TextEquiv>
            </TextLine>
            <TextLine id="r6l13" custom="readingOrder {index:10;}">
                <Coords points="2164,1450 2312,1468 2390,1435 2461,1477 2701,1428 2786,1470 2854,1433 3034,1476 3103,1435 3187,1447 3152,1389 2758,1382 2686,1419 2575,1382 2533,1412 2436,1378 2341,1410 2163,1393"/>
                <Baseline points="2171,1433 2221,1433 2271,1434 2322,1434 2372,1434 2423,1434 2473,1434 2523,1434 2574,1434 2624,1434 2675,1434 2725,1433 2775,1433 2826,1433 2876,1431 2927,1431 2977,1431 3027,1431 3078,1430 3128,1430 3179,1430"/>
                <TextEquiv>
                    <Unicode>einem Geldtstag kommen Ihme alles auch die</Unicode>
                </TextEquiv>
            </TextLine>
            <TextLine id="r6l14" custom="readingOrder {index:11;}">
                <Coords points="2150,1510 2770,1504 2831,1536 3135,1499 3253,1531 3253,1467 3196,1457 3035,1479 2834,1443 2778,1475 2695,1429 2457,1477 2361,1438 2304,1477 2150,1444"/>
                <Baseline points="2157,1494 2211,1494 2265,1494 2320,1494 2374,1494 2429,1494 2483,1494 2538,1494 2592,1494 2647,1494 2701,1494 2755,1494 2810,1494 2864,1494 2919,1494 2973,1494 3028,1494 3082,1495 3137,1496 3191,1496 3246,1496"/>
                <TextEquiv>
                    <Unicode>Vosch und ein brieschkuchen Weggenomen worden</Unicode>
                </TextEquiv>
            </TextLine>
            <TextLine id="r6l15" custom="readingOrder {index:12;}">
                <Coords points="2137,1589 2361,1555 3218,1581 3218,1518 3173,1509 2940,1500 2849,1537 2659,1502 2621,1538 2362,1495 2138,1526"/>
                <Baseline points="2144,1554 2197,1554 2250,1553 2303,1553 2357,1553 2410,1553 2463,1553 2517,1553 2570,1553 2623,1553 2677,1554 2730,1554 2783,1554 2836,1556 2890,1556 2943,1556 2996,1557 3050,1557 3103,1557 3156,1557 3210,1557"/>
                <TextEquiv>
                    <Unicode>Er habe den verordneten Vorgeben, die Kuhr seye</Unicode>
                </TextEquiv>
            </TextLine>
            <TextLine id="r6l16" custom="readingOrder {index:13;}">
                <Coords points="2147,1632 2626,1608 3241,1649 3242,1599 3142,1563 2374,1588 2326,1558 2148,1596"/>
                <Baseline points="2154,1619 2208,1615 2262,1612 2316,1611 2370,1610 2424,1610 2478,1610 2532,1610 2586,1611 2640,1612 2694,1613 2748,1615 2802,1617 2856,1619 2910,1620 2964,1622 3018,1623 3072,1624 3126,1625 3180,1625 3234,1625"/>
                <TextEquiv>
                    <Unicode>schen Vor 14. Tagen verkaufft, welches sie Ihme</Unicode>
                </TextEquiv>
            </TextLine>
            <TextLine id="r6l17" custom="readingOrder {index:14;}">
                <Coords points="2141,1679 2651,1672 2892,1707 2958,1673 3038,1709 3080,1679 3201,1699 3202,1655 2642,1612 2141,1639"/>
                <Baseline points="2148,1667 2200,1667 2252,1667 2304,1667 2357,1667 2409,1668 2461,1668 2514,1669 2566,1670 2618,1671 2671,1671 2723,1673 2775,1674 2827,1674 2880,1676 2932,1677 2984,1679 3037,1680 3089,1680 3141,1682 3194,1683"/>
                <TextEquiv>
                    <Unicode>damahls als sie das Kindt gebracht noch weit</Unicode>
                </TextEquiv>
            </TextLine>
            <TextLine id="r6l18" custom="readingOrder {index:15;}">
                <Coords points="2139,1734 2968,1754 3228,1744 3229,1699 2139,1678"/>
                <Baseline points="2145,1719 2198,1721 2252,1723 2306,1724 2360,1725 2414,1726 2468,1727 2521,1727 2575,1727 2629,1728 2683,1728 2737,1728 2791,1728 2845,1728 2898,1728 2952,1728 3006,1730 3060,1731 3114,1732 3168,1733 3222,1736"/>
                <TextEquiv>
                    <Unicode>käuffiger widerholt habend, so daß Er nit anders</Unicode>
                </TextEquiv>
            </TextLine>
            <TextLine id="r6l19" custom="readingOrder {index:16;}">
                <Coords points="2130,1791 2926,1787 3234,1824 3235,1772 3000,1736 2131,1737"/>
                <Baseline points="2138,1773 2192,1774 2246,1775 2301,1776 2355,1778 2410,1778 2464,1779 2519,1779 2573,1780 2628,1781 2682,1781 2736,1782 2791,1782 2845,1784 2900,1784 2954,1785 3009,1787 3063,1788 3118,1791 3172,1792 3227,1794"/>
                <TextEquiv>
                    <Unicode>Vermeint, als daß es dem also seye, und Ihme nie¬</Unicode>
                </TextEquiv>
            </TextLine>
            <TextLine id="r6l20" custom="readingOrder {index:17;}">
                <Coords points="2152,1865 2275,1831 2338,1858 2734,1827 3177,1855 3157,1812 2926,1786 2867,1818 2516,1778 2449,1810 2237,1776 2153,1801"/>
                <Baseline points="2160,1823 2210,1824 2261,1824 2311,1826 2362,1826 2412,1827 2463,1827 2513,1829 2564,1829 2614,1830 2665,1830 2715,1832 2766,1832 2816,1833 2867,1835 2917,1836 2968,1838 3018,1839 3069,1841 3119,1844 3170,1845"/>
                <TextEquiv>
                    <Unicode>nahls in Sinn komen, daß diß gestohlne waar</Unicode>
                </TextEquiv>
            </TextLine>
            <TextLine id="r6l21" custom="readingOrder {index:18;}">
                <Coords points="2135,1914 2320,1877 2525,1913 2722,1884 2795,1928 2948,1900 3010,1939 3128,1894 3203,1935 3205,1853 2820,1838 2662,1870 2307,1837 2136,1865"/>
                <Baseline points="2142,1883 2194,1881 2247,1880 2300,1878 2353,1878 2405,1878 2458,1880 2511,1880 2564,1881 2616,1883 2669,1885 2722,1887 2775,1889 2827,1890 2880,1892 2933,1895 2986,1895 3038,1896 3091,1898 3144,1898 3197,1899"/>
                <TextEquiv>
                    <Unicode>seye, zumahlen Er den Bentz schon lang, da Er</Unicode>
                </TextEquiv>
            </TextLine>
            <TextLine id="r6l22" custom="readingOrder {index:19;}">
                <Coords points="2147,1938 2207,1969 2373,1949 2406,1977 2492,1937 2598,1977 2696,1942 2962,1995 2964,1906 2856,1930 2756,1925 2712,1887 2542,1918 2415,1884 2381,1910 2147,1908"/>
                <Baseline points="2153,1937 2193,1936 2233,1935 2273,1934 2313,1934 2353,1934 2393,1934 2433,1935 2473,1935 2513,1936 2554,1937 2594,1938 2634,1940 2674,1941 2714,1943 2754,1944 2794,1945 2834,1947 2874,1949 2914,1950 2955,1950"/>
                <TextEquiv>
                    <Unicode>noch Ehrlich gedienet, gekennt ghabt.</Unicode>
                </TextEquiv>
            </TextLine>
            <TextLine id="r6l23" custom="readingOrder {index:20;}">
                <Coords points="3018,2086 3031,2087 3039,2081 3068,2094 3084,2083 3117,2081 3119,1985 3109,1984 3098,1994 3074,1984 3071,1987 3065,1980 3049,1982 3041,1974 3020,1975"/>
                <Baseline points="3026,2049 3054,2049 3082,2051 3110,2049"/>
                <TextEquiv>
                    <Unicode>L.</Unicode>
                </TextEquiv>
            </TextLine>
            <TextEquiv>
                <Unicode>gebracht für welche Er Ihm nach langen Märten&#13;
2. B. und (: Maß wein zahlt, und gesagdt wann&#13;
die Geiß für Ihne seye wolle Er Ihme noch&#13;
. b. zahlen&#13;
Ob Er nit gewußt, daß das Kind gestohlen seyn:&#13;
Nein; dann der Bentz Ihme zu vor gesagdt&#13;
Es habe ein Armer Mann von Neundeuegg eine&#13;
Ruhe in dem Forst versteckt und wolle dieselbe&#13;
auß dem keiner ziechen, damit Er geldt auß die&#13;
straaß bekommen könne, weilen es mit Ihme zu&#13;
einem Geldtstag kommen Ihme alles auch die&#13;
Vosch und ein brieschkuchen Weggenomen worden&#13;
Er habe den verordneten Vorgeben, die Kuhr seye&#13;
schen Vor 14. Tagen verkaufft, welches sie Ihme&#13;
damahls als sie das Kindt gebracht noch weit&#13;
käuffiger widerholt habend, so daß Er nit anders&#13;
Vermeint, als daß es dem also seye, und Ihme nie¬&#13;
nahls in Sinn komen, daß diß gestohlne waar&#13;
seye, zumahlen Er den Bentz schon lang, da Er&#13;
noch Ehrlich gedienet, gekennt ghabt.&#13;
L.</Unicode>
            </TextEquiv>
        </TextRegion>
    </Page>
</PcGts>
