4032 3024
1107 526 1537 655 Elsbeth Wyß
1029 617 1502 736 Von Mühlhausen
1494 653 1538 729 15
887 688 1981 854 Befragdt WWie Es heiße und wohar es seyn.
884 809 1948 942 Autw: Es heiße Els beth Weyß, gebührtig von
898 862 1203 967 Mulhaußen
844 951 1627 1087 E. Ob seine Elteren noch beyleben
929 1049 1873 1177 Sein Vatter lebe noch die Mutter aber
902 1128 1972 1236 Weilen es unehelich gezeuget, habe Ihns laßen
904 1181 1643 1299 horken und sich hinwag begeben
914 1262 1947 1385 Wann es drunden zu Mullhaußen gebohren
1409 1336 1438 1377 ben
890 1328 1379 1437 daß es dann hiea
1409 1354 1903 1463 Im Landt zu Ghun
896 1395 997 1461 habe
903 1485 1893 1604 Es seye sein lebtag nie hierben gsin als
901 1534 1081 1628 Getzund
886 1624 1897 1767 Wohar sein Erster Mann Gsin vnd wie Er
890 1724 1111 1802 geheißen
894 1791 1852 1910 Er habe Schristen Studer Geheißen, seye zu
896 1858 1891 1976 Frauwenfeldt daheimb ghin und bey kein¬
872 1922 1240 2017 felden gestorben.
1699 1984 1912 2118 Repol.
2077 612 2187 712 99
2210 626 3300 765 Repliciert daß seye mit wahr, daß sein Erster
2205 716 3334 826 Mann Christen Studer Geleißen Mann wuße
2203 808 3301 890 sicheren bericht, daß Er viel anders geheißen
2155 889 3300 983 Antwort Es Wuße einmahl mit anders, zwar
2178 954 3033 1059 Er habe Ihns nie Wilchen geführt.
2199 1045 3108 1167 Wo ns seinen Jetzigen Mann bekommen
2115 1059 2196 1188 Dih
2218 1140 3285 1264 zu Einsidhen im Letsten Krieg; Es habe Ihn
2135 1168 2188 1246 A
2365 1215 2539 1259 abe es ihn
2204 1219 2662 1322 zu Vbrmer gesechen
2099 1295 2197 1424 Di
2209 1309 3288 1405 Ob Es mit geträngt und gesagdt, daß wann
2188 1399 3286 1478 mann seinem Mann etwas Thüge, so wolle es
2176 1446 2409 1530 sich rechen
2198 1522 3274 1604 da es habe es geredt, allein sie habend nieman
2112 1503 2166 1601 R
3163 1560 3277 1622 seinem
2182 1569 3244 1661 nichts leidt gethan, sonderen als Es mit Ihren
2165 1634 3240 1729 Mann vnd Kinden vmb 2. R. fleisch vnd Ein
2162 1681 3298 1771 halbmaß wein genoßen habe mann sie gefängklich
2165 1728 3287 1829 angehalten, habe darauf Es im Zorn diese wohrt
2174 1798 2332 1866 geredt.
2079 1840 2183 1951 E.
2180 1858 3210 1974 O Es niemahlen in keiner diebs Rott gsin
2095 1944 2899 2071 d. Nein, sein lebtag Niemahls
