4032 3024
788 521 840 580 64
1045 513 1546 630 Hanns Mastli
1099 593 1536 689 Vorein Gowaldt
909 674 1903 813 en 26. Febri 1714. habend Ihr qne.
896 762 1894 879 dienert Muithl. Großweibel Im hooff
901 822 1910 936 und Grichtschreiber wyttenbach sich in die
880 871 1881 988 Gefangenschafft begeben daselbsten die
883 938 1878 1083 zu volg Oberkeitlichen befelchs von 2hor
877 1008 1913 1132 grichtlichen Banden dahin verjetzten Hauns
867 1077 1966 1180 Wahlli und Wilhelm Sucher, über die lant
878 1143 1864 1256 Schreibens einer Ehrbahrkeit zu Zimmer
869 1204 1931 1331 waldt Ein anderen beklagdten Criminalischen
863 1275 1876 1373 sachen zu Examinieren, ward demnach
874 1326 1906 1435 der Anfanggemacht. Bey Hanns Wahfl.
821 1389 1895 1499 Gefraget wie Er heiße, wo Er daheimb und
863 1460 1773 1540 Waß Er für eine begangenschafft habe.
829 1540 1871 1632 Antw. Er heiße Hannß wahll seye vorein
862 1615 1848 1698 Bowaldt im Ambt Arburg daheimb, vnd
857 1659 1622 1747 seines Handtwercks ein Korber
868 1725 1644 1842 Wo Er sich Gmeinlich auffhalte.
874 1834 1906 1914 hald hier bald dorth da Er denke sein Weib
865 1893 1921 1989 und Kinder zu erhalten, Er seyr auch im Weltsch
842 1944 1673 2020 Landt und im Simmenthal gfinalde
837 1994 1707 2083 Er auch gesucht sein stuck Brodt zugewinnen
2093 608 2155 664 65
2086 649 2195 750 A.
2200 645 3304 771 Varumb Er also im Landt herumb streiche
2203 724 3086 821 und mit in seiner heimath verbleibe?
2155 801 3285 904 . Er habe in seinem Heimath nit eines Schues
2126 857 2184 938 E
2195 870 3262 975 breit, und müße wohl schauwen wie Er sich
2187 931 2390 1029 erhalte
2210 983 3303 1105 Ob Er nit droben auff Egg und auch zu Zimer
2192 1067 3301 1161 waldt dem Bucher vorgehalten Er habe 7. Ban
2180 1120 2535 1220 kerten gehabt.
2185 1172 3251 1301 Er habe dem Bucher gesagdt, daß Er derey 6.
2186 1267 2470 1356 oder 7. habe
2193 1318 3232 1428 Wie und Woher Er wüße daß der Bucher
2182 1389 3070 1483 6. oder 7. ueheliche Kinder gehabt
2185 1452 3228 1544 Er habe Es von deßtuegen gesagdt, Weilen
2179 1527 3304 1619 Der Bucher schon 2: Kinder bey diesem seinen
2161 1578 3246 1673 Jetzigen Weib erzeuget, da sein Erstes weib
2173 1636 3289 1724 noch im leben 9sin. seithero habe Er noch 4. oder
2158 1690 2827 1782 5. bey diesem weib gehabt
2191 1749 3270 1857 Ob Er nit auch des Buchers Erste Frauw gekent
2176 1824 2929 1922 und mit Ihra umbher gezogen.
2170 1892 3231 2000 Ja Er seye mit des Buchers Ersten, weib weib
2163 1962 3195 2044 umb her gezogen und habend Rachlen getragen
