4032 3024
741 561 845 677 946
920 602 2007 779 dieses ist also das Jnnige so mit diesem Hannß
887 706 1389 813 Stoll verrichtet worden
1060 821 1207 941 tes
1240 865 1572 1005 Exeamen
991 958 1893 1126 mit Hannß Stoll von Scherli
874 1094 1934 1238 Den 8ten Januari 1715. hat Muhtl Bauwherr von
870 1168 1950 1304 dieß bach zu volg Oberbeitlichen Befelchs vom 1ten Ditomit
868 1254 1952 1395 Zuzeuchung Md Rhl. Großweibel im Hooff den in der
858 1336 1944 1464 Gefangeschafft enthaltenen Hanß Stoll von Scherli Wegen
868 1396 1956 1556 Eines verdächtigen Brandtbrie h und unzimlicher GeltPor¬
866 1486 1955 1607 Herung mit Vorher beschechener ernstlichen Vermahnung noch¬
868 1555 1704 1684 mahlen Examiniert und demnach befragdt.
833 1658 1922 1792 Auß waß Usachen Erin die Gefangenschafft gesetzt worden.
873 1761 1964 1896 Hege Dorthunden bey des hrn N. Hauß Ginund habebeg
878 1840 1958 1930 einer Tochter mit ihme raden und Anzeigen Wollen das Maydt
853 1915 1936 2036 lin befinde ich Schwanger, dann Als im herbst zuvor Er bey
1699 2020 1815 2134 dem
2072 709 2152 764 947
2168 641 3257 828 II. den Opten Auff dem Guht gin habter ihme damahlen Ver¬
2171 743 3247 882 heutet, das Maydtlin Vermeine Er zeye Schwanger, dahabe der
2160 824 3280 947 Iher wie Er nachwehrts selbsten mit dem Mäydtlin geredt befohlen
2176 889 3259 1017 mann solle wider zu ihm kommen, und ihm sagen Ob es schwangen
2174 955 2398 1056 seye odernit.
2182 1037 3247 1194 Wie der Ihr und das Maydtein Einanderen hier in der Statt
2174 1132 2398 1245 angetroffen.
2295 1243 2346 1287 11
2147 1244 3253 1366 Das Maydteinseye eine Eintzige Nacht ihme Allhar entrunnen
2183 1313 3257 1428 und wegen eingefallenen Bosen Wetters in der Statt übernacht
2161 1382 3229 1501 gebliben, daseye der Oter in Einemstüblin zu ihm kommen, Erwuße
2153 1450 3216 1571 zwahr nit, in Waß für einem Stublin, Allein das Maydtlin werde
2160 1531 2506 1633 s schonsagen müßen.
2141 1593 3200 1749 Wie der Oher das Maydtein so Geschwind habe Antreffen und
2153 1701 2680 1813 Kundtschafft amo machen können.
2146 1780 2930 1925 Das Maydtein habe Gesagdt Erseye zu ihm in
2949 1770 3179 1907 das Stublin
2153 1878 2278 1941 kommen.
2901 1912 3067 1989 gewesen
2156 1928 3112 2061 bnoch andere batth mehr in demselben Stublin sich befunden.
2147 2018 2433 2128 Er Waße es nit.
2976 2071 3078 2147 Wie
