4032 3024
816 560 897 658 6.
1084 615 1876 766 Pathri Mutti von Biglen
1150 700 1949 851 vor gemelten Schristen Josts Weib
926 804 1982 962 seririe ist auch vorgelaßen vndt Exa¬
903 887 1953 1024 miniert worden, Rathri Mutti vorgemelten
897 951 1889 1101 Christen Josts Weib gebührtig von Ziglen
856 1048 1919 1199 Betragdt seit welcher Zeit Sie Ihren Mann
892 1106 1061 1202 kenne E
850 1172 1872 1326 Antwort Es werde künftiges Neuw Jahr
908 1245 1277 1352 drey Jahr seyn
950 1342 1877 1455 Ob sie sich mit ein anderen copulieren
887 1402 1063 1483 laßen
886 1459 1918 1599 Nein der Mann habe inzwuschen in Krieg
889 1529 1946 1649 müßen, seithar seye so wohl Er als sie, die meiste
878 1594 1247 1686 Zeit Kranck gsin
911 1671 1520 1797 Wor mit sie sich erhalten
839 1757 1948 1892 R Mit arbeiten, sie arbeite auch allezeit waß
866 1835 1085 1914 sie könne
1708 1908 1801 2034 Z.
2051 670 2141 780 R
2194 685 3277 793 Wo Sie die Kürbßen genomen, so der Mann
2163 771 2626 870 in die Statt getragen:
2168 839 3258 949 Der Mann habe bey einer Ihrer Baasen zu kondtn
2160 910 3265 994 etwas umb Gottes willen geforderet, dah abe sie
2146 972 2778 1083 Ihm etwelche Kürbsten geben
2112 1055 3265 1179 In Ver die Kürbßen zu könnt geholt, der Mann
2152 1145 2307 1220 oder Sie
2095 1209 3226 1326 A der Mann, und habe selbige am Morgen bey¬
2145 1268 3265 1383 Zeiten, da sie noch lage in Seilgenbach Ihra zugebracht
2136 1386 3226 1492 Nach deme nun dieses Weib wegen denen ent¬
2742 1458 2813 1512 tang
2139 1462 3226 1544 wendten Kürbsten mit dem Confrontiert worden
2138 1526 3192 1625 und auch gleich dem Mann mit eint vnd anderen
2143 1570 3229 1677 außfluchten die That verlaugnet, iff ie dennoch
2121 1642 3194 1733 kandtlichen auf beschechenes ernstliches zu sprechen
2125 1698 3204 1796 und betröunen geständig worden, daß der
2115 1766 2827 1868 Mann selbige entwendt habe.
