<?xml version="1.0" encoding="UTF-8" standalone="yes"?>
<PcGts xmlns="http://schema.primaresearch.org/PAGE/gts/pagecontent/2013-07-15" xmlns:xsi="http://www.w3.org/2001/XMLSchema-instance" xsi:schemaLocation="http://schema.primaresearch.org/PAGE/gts/pagecontent/2013-07-15 http://schema.primaresearch.org/PAGE/gts/pagecontent/2013-07-15/pagecontent.xsd">
    <Metadata>
        <Creator>prov=University of Rostock/Institute of Mathematics/CITlab|PLANET AI GmbH/Gundram Leifert/gundram.leifert@planet-ai.de:name=Transkribus German Kurrent M2(htr_id=29820)::::v=2.6.7
prov=University of Rostock/Institute of Mathematics/CITlab|PLANET AI GmbH/Tobias Gruening/tobias.gruening@planet-ai.de:name=de.uros.citlab.module.baseline2polygon.B2PSeamMultiOriented:v=2.6.7
prov=University of Rostock/Institute of Mathematics/CITlab|PLANET AI GmbH/Tobias Gruening/tobias.gruening@planet-ai.de:name=/net_tf/LA73_249_0mod360.pb:de.uros.citlab.segmentation.CITlab_LA_ML:v=2.6.7
Transkribus</Creator>
        <Created>2022-05-02T16:14:02.926+02:00</Created>
        <LastChange>2023-05-09T22:39:03.928+02:00</LastChange>
        <TranskribusMetadata docId="1336519" pageId="52421348" pageNr="94" tsid="121359128" status="IN_PROGRESS" userId="68497" imgUrl="https://files.transkribus.eu/Get?id=OUOTQGZJDJPLDKCWIPSGBFQP&amp;fileType=view" xmlUrl="https://files.transkribus.eu/Get?id=KWUTSMLTEVFVCKDGECHHRMRL" imageId="30694955"/>
    </Metadata>
    <Page imageFilename="IMG_7296.jpg" imageWidth="4032" imageHeight="3024">
        <ReadingOrder>
            <OrderedGroup id="ro_1687513557848" caption="Regions reading order">
                <RegionRefIndexed index="0" regionRef="r2"/>
                <RegionRefIndexed index="1" regionRef="r3"/>
                <RegionRefIndexed index="2" regionRef="region_1673940479200_95"/>
                <RegionRefIndexed index="3" regionRef="r5"/>
            </OrderedGroup>
        </ReadingOrder>
        <TextRegion orientation="0.0" type="page-number" id="r2" custom="readingOrder {index:0;} structure {type:page-number;}">
            <Coords points="800,549 801,700 892,700 900,550"/>
            <TextLine id="r2l1" custom="readingOrder {index:0;}">
                <Coords points="805,684 817,684 825,690 834,688 868,663 881,670 886,665 906,667 894,588 869,590 861,585 856,589 851,586 842,598 828,594 806,615 796,618"/>
                <Baseline points="809,662 838,658 867,653 896,650"/>
                <TextEquiv>
                    <Unicode>180.</Unicode>
                </TextEquiv>
            </TextLine>
            <TextEquiv>
                <Unicode>180.</Unicode>
            </TextEquiv>
        </TextRegion>
        <TextRegion orientation="0.0" type="paragraph" id="r3" custom="readingOrder {index:1;} structure {type:paragraph;}">
            <Coords points="922,657 918,2045 1910,2041 1914,653"/>
            <TextLine id="r3l1" custom="readingOrder {index:0;}">
                <Coords points="914,767 1084,725 1189,760 1382,736 1473,781 1559,749 1915,797 1917,739 1798,696 1666,724 1466,654 1376,677 1206,649 1079,713 969,647 919,657"/>
                <Baseline points="924,726 973,728 1022,729 1071,730 1120,731 1170,732 1219,733 1268,734 1317,735 1366,737 1416,738 1465,740 1514,743 1563,744 1612,747 1662,751 1711,756 1760,761 1809,766 1858,772 1908,779"/>
                <TextEquiv>
                    <Unicode>Pingen wuße aber nit zusagen, wie alt es</Unicode>
                </TextEquiv>
            </TextLine>
            <TextLine id="r3l2" custom="readingOrder {index:1;}">
                <Coords points="935,821 951,822 960,817 975,821 1009,788 1036,780 1035,750 1017,754 1004,763 988,762 971,769 959,765 950,756 932,755"/>
                <Baseline points="941,785 970,786 999,785 1028,782"/>
                <TextEquiv>
                    <Unicode>seyt</Unicode>
                </TextEquiv>
            </TextLine>
            <TextLine id="r3l3" custom="readingOrder {index:2;}">
                <Coords points="940,907 1095,880 1131,910 1243,884 1425,915 1521,893 1611,933 1686,905 1880,927 1863,878 1595,829 1396,829 1323,863 1183,814 944,821"/>
                <Baseline points="948,878 994,878 1040,879 1086,879 1132,881 1179,882 1225,884 1271,884 1317,887 1363,888 1410,891 1456,893 1502,895 1548,898 1594,901 1641,905 1687,908 1733,910 1779,913 1825,917 1872,921"/>
                <TextEquiv>
                    <Unicode>Ob es nit seinem Meister und frauwen</Unicode>
                </TextEquiv>
            </TextLine>
            <TextLine id="r3l4" custom="readingOrder {index:3;}">
                <Coords points="926,939 1896,1000 1900,927 1763,939 1688,904 1612,933 1521,893 1366,929 1308,903 1151,921 1098,882 928,903"/>
                <Baseline points="933,935 980,935 1028,935 1076,935 1124,936 1172,938 1219,939 1267,941 1315,944 1363,946 1411,950 1458,952 1506,956 1554,959 1602,963 1650,967 1697,971 1745,975 1793,979 1841,983 1889,987"/>
                <TextEquiv>
                    <Unicode>auch anderen mehr, die Eb Ihns vmb seine</Unicode>
                </TextEquiv>
            </TextLine>
            <TextLine id="r3l5" custom="readingOrder {index:4;}">
                <Coords points="915,1039 1025,1000 1079,1042 1231,1006 1414,1044 1493,1004 1677,1069 1773,1037 1902,1080 1883,993 1610,972 1557,1000 1289,946 1081,980 920,937"/>
                <Baseline points="924,998 972,998 1021,998 1069,998 1118,999 1167,1001 1215,1002 1264,1004 1312,1005 1361,1008 1410,1010 1458,1013 1507,1015 1555,1019 1604,1021 1653,1023 1701,1027 1750,1029 1798,1032 1847,1035 1896,1038"/>
                <TextEquiv>
                    <Unicode>schwangerschafft befragdt gestendig gelang</Unicode>
                </TextEquiv>
            </TextLine>
            <TextLine id="r3l6" custom="readingOrder {index:5;}">
                <Coords points="913,1074 1206,1066 1461,1104 1637,1082 1715,1119 1880,1084 1780,1038 1677,1069 1626,1027 1398,1047 1303,1011 1143,1046 1011,1002 914,1039"/>
                <Baseline points="921,1055 968,1056 1016,1058 1063,1059 1111,1062 1158,1063 1206,1065 1253,1067 1301,1068 1348,1070 1396,1071 1444,1073 1491,1076 1539,1077 1586,1080 1634,1083 1681,1085 1729,1088 1776,1092 1824,1095 1872,1100"/>
                <TextEquiv>
                    <Unicode>net daß es schwanger seye, und waß ur¬</Unicode>
                </TextEquiv>
            </TextLine>
            <TextLine id="r3l7" custom="readingOrder {index:6;}">
                <Coords points="900,1153 1057,1120 1109,1151 1195,1155 1233,1129 1346,1167 1464,1165 1501,1140 1563,1155 1565,1096 1528,1086 1459,1103 1430,1080 1320,1098 1208,1066 1089,1091 1035,1058 903,1073"/>
                <Baseline points="909,1116 941,1116 973,1118 1006,1119 1038,1121 1070,1122 1103,1122 1135,1124 1167,1125 1200,1126 1232,1127 1264,1128 1297,1128 1329,1130 1361,1130 1394,1131 1426,1131 1458,1132 1491,1133 1523,1133 1556,1133"/>
                <TextEquiv>
                    <Unicode>sachen es solches gethan habe</Unicode>
                </TextEquiv>
            </TextLine>
            <TextLine id="r3l8" custom="readingOrder {index:7;}">
                <Coords points="923,1282 989,1249 1119,1287 1203,1268 1236,1302 1307,1252 1383,1298 1537,1268 1842,1321 1897,1310 1900,1246 1610,1209 1455,1231 1385,1199 1196,1217 1140,1167 928,1159"/>
                <Baseline points="932,1248 979,1250 1027,1250 1075,1251 1123,1253 1171,1253 1219,1255 1267,1257 1315,1258 1363,1260 1411,1262 1458,1264 1506,1266 1554,1268 1602,1271 1650,1272 1698,1274 1746,1277 1794,1279 1842,1281 1890,1283"/>
                <TextEquiv>
                    <Unicode>Ja es seye wahr es habe allezeit gelang</Unicode>
                </TextEquiv>
            </TextLine>
            <TextLine id="r3l9" custom="readingOrder {index:8;}">
                <Coords points="915,1310 1152,1313 1218,1356 1346,1317 1423,1354 1611,1333 1685,1372 1815,1350 1817,1297 1437,1269 1385,1302 1327,1273 1237,1301 1178,1265 1120,1288 988,1249 916,1285"/>
                <Baseline points="923,1305 967,1307 1011,1308 1055,1310 1100,1311 1144,1313 1188,1314 1232,1316 1277,1317 1321,1319 1365,1320 1409,1322 1454,1323 1498,1325 1542,1327 1586,1329 1631,1332 1675,1334 1719,1337 1763,1340 1808,1344"/>
                <TextEquiv>
                    <Unicode>iet allein es habe nit gewüßt daß es</Unicode>
                </TextEquiv>
            </TextLine>
            <TextLine id="r3l10" custom="readingOrder {index:9;}">
                <Coords points="891,1402 975,1372 1196,1406 1239,1372 1558,1426 1740,1391 1916,1411 1898,1348 1651,1375 1515,1332 1447,1368 1358,1330 1308,1361 894,1318"/>
                <Baseline points="900,1370 950,1370 1000,1371 1051,1371 1101,1373 1152,1374 1202,1376 1252,1377 1303,1379 1353,1380 1404,1382 1454,1383 1504,1385 1555,1388 1605,1389 1656,1391 1706,1393 1756,1395 1807,1397 1857,1398 1908,1400"/>
                <TextEquiv>
                    <Unicode>schwänger seye: Dann Weilen es immer dar</Unicode>
                </TextEquiv>
            </TextLine>
            <TextLine id="r3l11" custom="readingOrder {index:10;}">
                <Coords points="897,1444 1232,1440 1327,1471 1397,1442 1571,1491 1621,1457 1787,1498 1864,1463 1865,1424 1760,1394 1688,1434 1464,1392 1404,1417 1274,1379 1199,1408 1157,1384 1035,1406 1003,1377 898,1405"/>
                <Baseline points="905,1431 952,1431 1000,1431 1047,1433 1095,1433 1142,1434 1190,1436 1237,1437 1285,1438 1332,1439 1380,1440 1428,1442 1475,1443 1523,1445 1570,1446 1618,1449 1665,1450 1713,1452 1760,1454 1808,1455 1856,1457"/>
                <TextEquiv>
                    <Unicode>an der Arbeit und wercken mögen, sich auch</Unicode>
                </TextEquiv>
            </TextLine>
            <TextLine id="r3l12" custom="readingOrder {index:11;}">
                <Coords points="887,1493 1495,1547 1576,1508 1633,1543 1681,1520 1805,1545 1866,1520 1868,1471 1692,1493 1620,1458 1569,1490 1441,1448 1325,1471 1232,1440 888,1440"/>
                <Baseline points="894,1485 942,1487 990,1489 1038,1490 1087,1491 1135,1493 1183,1494 1231,1496 1280,1498 1328,1499 1376,1500 1424,1502 1473,1504 1521,1505 1569,1507 1617,1508 1666,1509 1714,1511 1762,1512 1810,1514 1859,1515"/>
                <TextEquiv>
                    <Unicode>nie übel befunden, habe es nit gemeint</Unicode>
                </TextEquiv>
            </TextLine>
            <TextLine id="r3l13" custom="readingOrder {index:12;}">
                <Coords points="890,1554 940,1570 1000,1547 1053,1590 1094,1566 1138,1590 1247,1574 1402,1597 1404,1535 1383,1528 1200,1533 1164,1506 1112,1530 1062,1496 892,1492"/>
                <Baseline points="897,1541 923,1541 949,1542 975,1542 1001,1544 1028,1544 1054,1545 1080,1546 1106,1547 1132,1548 1159,1549 1185,1550 1211,1551 1237,1552 1263,1553 1290,1553 1316,1554 1342,1554 1368,1555 1395,1556"/>
                <TextEquiv>
                    <Unicode>daß es schwänger seye.</Unicode>
                </TextEquiv>
            </TextLine>
            <TextLine id="r3l14" custom="readingOrder {index:13;}">
                <Coords points="867,1678 1425,1660 1658,1707 1917,1678 1919,1633 1558,1645 1205,1581 1110,1626 982,1565 870,1565"/>
                <Baseline points="875,1644 926,1645 978,1646 1030,1648 1082,1649 1133,1650 1185,1653 1237,1655 1289,1656 1340,1658 1392,1661 1444,1662 1496,1664 1547,1665 1599,1666 1651,1668 1703,1668 1754,1670 1806,1670 1858,1671 1910,1671"/>
                <TextEquiv>
                    <Unicode>Repliciert, wie es doch möglich seyn könne</Unicode>
                </TextEquiv>
            </TextLine>
            <TextLine id="r3l15" custom="readingOrder {index:14;}">
                <Coords points="891,1717 1899,1742 1900,1693 1815,1681 1436,1702 1127,1651 1070,1687 971,1665 892,1694"/>
                <Baseline points="899,1709 948,1707 998,1707 1047,1707 1097,1707 1147,1708 1196,1709 1246,1711 1296,1713 1345,1716 1395,1717 1445,1720 1494,1722 1544,1724 1594,1727 1643,1728 1693,1730 1743,1730 1792,1731 1842,1731 1892,1730"/>
                <TextEquiv>
                    <Unicode>aß ein Weibs bild in dem Alter wie es nit</Unicode>
                </TextEquiv>
            </TextLine>
            <TextLine id="r3l16" custom="readingOrder {index:15;}">
                <Coords points="882,1785 1110,1801 1201,1765 1310,1803 1367,1765 1677,1829 1889,1811 1891,1745 1809,1728 1661,1767 1436,1722 883,1724"/>
                <Baseline points="890,1767 939,1767 989,1767 1038,1766 1088,1767 1138,1767 1187,1769 1237,1769 1287,1770 1336,1772 1386,1773 1436,1775 1485,1777 1535,1779 1585,1781 1634,1782 1684,1784 1734,1785 1783,1787 1833,1788 1883,1790"/>
                <TextEquiv>
                    <Unicode>solte gewußt haben, daß es schwanger seye, Es</Unicode>
                </TextEquiv>
            </TextLine>
            <TextLine id="r3l17" custom="readingOrder {index:16;}">
                <Coords points="883,1838 1351,1829 1501,1879 1717,1864 1769,1901 1862,1890 1880,1841 1763,1805 1672,1833 1573,1795 1420,1804 1356,1770 1301,1805 1202,1765 1140,1804 885,1785"/>
                <Baseline points="890,1830 939,1827 988,1826 1037,1826 1086,1824 1135,1826 1184,1826 1233,1827 1282,1830 1331,1832 1381,1835 1430,1838 1479,1840 1528,1843 1577,1847 1626,1849 1675,1852 1724,1854 1773,1857 1822,1859 1872,1860"/>
                <TextEquiv>
                    <Unicode>solle nur nit gedencken, daß mann solchem</Unicode>
                </TextEquiv>
            </TextLine>
            <TextLine id="r3l18" custom="readingOrder {index:17;}">
                <Coords points="859,1920 1030,1934 1185,1888 1252,1925 1369,1896 1639,1958 1872,1933 1874,1887 1697,1893 1589,1852 1502,1879 1337,1838 862,1854"/>
                <Baseline points="867,1898 916,1893 966,1890 1016,1889 1066,1887 1116,1887 1166,1887 1216,1889 1266,1890 1316,1893 1366,1896 1415,1899 1465,1901 1515,1905 1565,1909 1615,1913 1665,1916 1715,1920 1765,1922 1815,1925 1865,1926"/>
                <TextEquiv>
                    <Unicode>Vorgeben werde glauben zu setzen, sondern</Unicode>
                </TextEquiv>
            </TextLine>
            <TextLine id="r3l19" custom="readingOrder {index:18;}">
                <Coords points="1624,2031 1658,2017 1681,2018 1697,2030 1709,2026 1751,2042 1762,2055 1805,2038 1836,2045 1839,1970 1802,1961 1787,1972 1764,1961 1720,1972 1669,1958 1628,1963"/>
                <Baseline points="1632,2015 1660,2015 1688,2016 1716,2018 1745,2019 1773,2022 1801,2024 1830,2027"/>
                <TextEquiv>
                    <Unicode>Villmehr</Unicode>
                </TextEquiv>
            </TextLine>
            <TextEquiv>
                <Unicode>Pingen wuße aber nit zusagen, wie alt es
seyt
Ob es nit seinem Meister und frauwen
auch anderen mehr, die Eb Ihns vmb seine
schwangerschafft befragdt gestendig gelang
net daß es schwanger seye, und waß ur¬
sachen es solches gethan habe
Ja es seye wahr es habe allezeit gelang
iet allein es habe nit gewüßt daß es
schwänger seye: Dann Weilen es immer dar
an der Arbeit und wercken mögen, sich auch
nie übel befunden, habe es nit gemeint
daß es schwänger seye.
Repliciert, wie es doch möglich seyn könne
aß ein Weibs bild in dem Alter wie es nit
solte gewußt haben, daß es schwanger seye, Es
solle nur nit gedencken, daß mann solchem
Vorgeben werde glauben zu setzen, sondern
Villmehr</Unicode>
            </TextEquiv>
        </TextRegion>
        <TextRegion type="page-number" id="region_1673940479200_95" custom="readingOrder {index:2;} structure {type:page-number;}">
            <Coords points="2103,773 2004,773 2004,637 2103,637"/>
            <TextLine id="line_1673940495660_102" custom="readingOrder {index:0;}">
                <Coords points="2100,775 2022,775 2022,725 2100,725"/>
                <Baseline points="2100,730 2022,730"/>
                <TextEquiv>
                    <Unicode></Unicode>
                </TextEquiv>
            </TextLine>
            <TextEquiv>
                <Unicode></Unicode>
            </TextEquiv>
        </TextRegion>
        <TextRegion orientation="0.0" type="paragraph" id="r5" custom="readingOrder {index:3;} structure {type:paragraph;}">
            <Coords points="2112,723 2112,2047 3227,2039 3227,715"/>
            <TextLine id="r5l1" custom="readingOrder {index:0;}">
                <Coords points="2115,789 2580,741 2652,782 3018,747 3073,794 3235,781 3235,712 3159,693 2637,721 2494,675 2282,734 2166,694 2119,694"/>
                <Baseline points="2124,752 2164,751 2178,750 2219,750 2279,749 2338,747 2397,747 2456,747 2516,746 2575,746 2634,746 2693,746 2753,747 2812,747 2871,747 2930,749 2990,750 3049,752 3108,752 3167,754 3227,756"/>
                <TextEquiv>
                    <Unicode>I Vielmehr Gott die Ehr geben, und der höchen</Unicode>
                </TextEquiv>
            </TextLine>
            <TextLine id="r5l2" custom="readingOrder {index:1;}">
                <Coords points="2132,861 2183,828 2241,863 2370,830 2784,854 2855,815 2935,839 2993,818 2992,778 2837,787 2780,752 2730,781 2691,750 2651,782 2504,762 2442,785 2362,753 2307,792 2202,764 2131,793"/>
                <Baseline points="2139,824 2181,821 2223,818 2265,816 2308,815 2350,813 2392,812 2435,810 2477,810 2519,809 2562,809 2604,809 2646,809 2688,809 2731,809 2773,809 2815,810 2858,810 2900,812 2942,813 2985,813"/>
                <TextEquiv>
                    <Unicode>Oberkeit die Wahrheit bekennen. E</Unicode>
                </TextEquiv>
            </TextLine>
            <TextLine id="r5l3" custom="readingOrder {index:2;}">
                <Coords points="2109,925 3213,916 3183,845 2988,874 2822,834 2706,880 2599,840 2488,869 2325,837 2275,874 2109,833"/>
                <Baseline points="2117,912 2171,909 2225,906 2280,904 2334,903 2389,901 2443,900 2498,900 2552,899 2607,899 2661,900 2715,900 2770,900 2824,900 2879,902 2933,902 2988,902 3042,902 3097,902 3151,902 3206,902"/>
                <TextEquiv>
                    <Unicode>Worauß es nochmahlen gesbeharret, daß Es</Unicode>
                </TextEquiv>
            </TextLine>
            <TextLine id="r5l4" custom="readingOrder {index:3;}">
                <Coords points="2133,967 3032,998 3100,965 3226,1001 3226,935 2964,905 2566,939 2514,908 2474,942 2133,917"/>
                <Baseline points="2141,959 2194,959 2248,959 2302,957 2356,957 2410,957 2464,957 2517,957 2571,957 2625,957 2679,957 2733,959 2787,959 2841,959 2894,959 2948,959 3002,959 3056,959 3110,959 3164,959 3218,959"/>
                <TextEquiv>
                    <Unicode>einmahl gar nit gewußt daß es schwänger seye</Unicode>
                </TextEquiv>
            </TextLine>
            <TextLine id="r5l5" custom="readingOrder {index:4;}">
                <Coords points="2156,1084 2828,1066 3010,1074 3092,1123 3215,1111 3215,1044 3061,1044 3021,1011 2156,1010"/>
                <Baseline points="2163,1079 2215,1076 2267,1073 2319,1071 2371,1070 2424,1068 2476,1068 2528,1067 2580,1067 2632,1067 2685,1068 2737,1068 2789,1068 2841,1070 2893,1070 2946,1071 2998,1073 3050,1074 3102,1074 3154,1076 3207,1077"/>
                <TextEquiv>
                    <Unicode>Ob es dann Niemahlen einiches Rennzeichen</Unicode>
                </TextEquiv>
            </TextLine>
            <TextLine id="r5l7" custom="readingOrder {index:5;}">
                <Coords points="2116,1177 2307,1135 2365,1160 2418,1125 2691,1175 2731,1146 2995,1167 3060,1138 3059,1079 3012,1074 2928,1104 2828,1066 2115,1083"/>
                <Baseline points="2123,1142 2169,1138 2216,1134 2262,1133 2309,1130 2355,1128 2402,1127 2448,1127 2495,1125 2541,1125 2588,1125 2634,1125 2681,1125 2727,1125 2774,1125 2820,1125 2867,1125 2913,1125 2960,1124 3006,1122 3053,1121"/>
                <TextEquiv>
                    <Unicode>gehabt, daß es mit richtig mit Ihm stehe</Unicode>
                </TextEquiv>
            </TextLine>
            <TextLine id="r5l8" custom="readingOrder {index:6;}">
                <Coords points="2075,1255 2224,1279 2339,1241 2906,1229 2962,1259 3228,1222 3227,1174 2939,1142 2528,1209 2273,1159 2190,1204 2074,1184"/>
                <Baseline points="2082,1245 2141,1242 2201,1239 2261,1238 2321,1236 2381,1235 2441,1233 2501,1233 2561,1232 2621,1232 2681,1232 2741,1230 2801,1230 2861,1230 2921,1229 2981,1227 3041,1226 3101,1224 3161,1221 3221,1220"/>
                <TextEquiv>
                    <Unicode>R. Es habe fehrn im Kirßet, seine Zeithei ver¬</Unicode>
                </TextEquiv>
            </TextLine>
            <TextLine id="r5l9" custom="readingOrder {index:7;}">
                <Coords points="2105,1323 2411,1291 2524,1317 2648,1280 3184,1303 3210,1258 2607,1234 2104,1274"/>
                <Baseline points="2112,1301 2166,1299 2221,1296 2275,1293 2330,1292 2384,1290 2439,1289 2493,1287 2548,1287 2602,1286 2657,1286 2712,1285 2766,1284 2821,1284 2875,1283 2930,1283 2984,1282 3039,1281 3093,1280 3148,1280 3203,1278"/>
                <TextEquiv>
                    <Unicode>fohren und damahlen vermeint, daß Weilen</Unicode>
                </TextEquiv>
            </TextLine>
            <TextLine id="r5l10" custom="readingOrder {index:8;}">
                <Coords points="2123,1379 3215,1337 3213,1294 3047,1280 2994,1313 2720,1315 2647,1281 2532,1323 2422,1292 2121,1323"/>
                <Baseline points="2130,1362 2183,1359 2237,1358 2291,1356 2345,1355 2399,1353 2453,1351 2506,1349 2560,1347 2614,1346 2668,1346 2722,1344 2776,1343 2830,1341 2883,1340 2937,1339 2991,1338 3045,1337 3099,1337 3153,1335 3207,1334"/>
                <TextEquiv>
                    <Unicode>es allezeit gar große Arbeit verrichtet undt</Unicode>
                </TextEquiv>
            </TextLine>
            <TextLine id="r5l11" custom="readingOrder {index:9;}">
                <Coords points="2105,1454 2511,1399 2728,1432 2807,1395 3083,1389 3207,1422 3204,1337 2103,1390"/>
                <Baseline points="2111,1424 2165,1421 2219,1419 2274,1418 2328,1415 2382,1413 2437,1410 2491,1408 2545,1406 2600,1404 2654,1403 2708,1400 2763,1398 2817,1397 2871,1395 2926,1394 2980,1392 3034,1391 3089,1391 3143,1389 3198,1389"/>
                <TextEquiv>
                    <Unicode>Ihme mit Borget, daß es sich darmit verderbt</Unicode>
                </TextEquiv>
            </TextLine>
            <TextLine id="r5l12" custom="readingOrder {index:10;}">
                <Coords points="2139,1507 2157,1510 2166,1501 2177,1503 2181,1499 2186,1503 2201,1492 2225,1489 2219,1419 2207,1420 2203,1425 2195,1421 2168,1427 2157,1440 2149,1440 2141,1450 2134,1450"/>
                <Baseline points="2144,1484 2180,1481 2216,1478"/>
                <TextEquiv>
                    <Unicode>habe</Unicode>
                </TextEquiv>
            </TextLine>
            <TextLine id="r5l13" custom="readingOrder {index:11;}">
                <Coords points="2140,1599 3194,1573 3170,1502 3027,1530 2692,1494 2461,1547 2139,1508"/>
                <Baseline points="2147,1575 2201,1574 2256,1573 2311,1572 2365,1571 2420,1569 2475,1569 2529,1568 2584,1568 2639,1566 2693,1566 2748,1565 2803,1565 2857,1565 2912,1565 2967,1565 3021,1565 3076,1566 3131,1566 3186,1568"/>
                <TextEquiv>
                    <Unicode>Waß es seiner Meisterfrauwen zur Ant¬</Unicode>
                </TextEquiv>
            </TextLine>
            <TextLine id="r5l14" custom="readingOrder {index:12;}">
                <Coords points="2131,1651 2804,1668 2866,1623 2917,1657 3230,1658 3229,1602 3167,1569 2131,1593"/>
                <Baseline points="2138,1631 2192,1631 2246,1631 2300,1631 2354,1629 2409,1629 2463,1629 2517,1628 2571,1628 2625,1627 2680,1626 2734,1626 2788,1625 2842,1625 2896,1625 2951,1625 3005,1625 3059,1625 3113,1625 3167,1625 3222,1626"/>
                <TextEquiv>
                    <Unicode>wort geben, alß sie Ichns gefragdt, ob Es schwan¬</Unicode>
                </TextEquiv>
            </TextLine>
            <TextLine id="r5l15" custom="readingOrder {index:13;}">
                <Coords points="2118,1713 2151,1692 2194,1723 2238,1710 2255,1720 2277,1707 2332,1711 2332,1656 2287,1668 2246,1661 2235,1670 2206,1659 2180,1664 2172,1656 2118,1650"/>
                <Baseline points="2126,1692 2154,1689 2182,1688 2210,1688 2239,1688 2267,1688 2295,1689 2324,1692"/>
                <TextEquiv>
                    <Unicode>ger seye.</Unicode>
                </TextEquiv>
            </TextLine>
            <TextLine id="r5l16" custom="readingOrder {index:14;}">
                <Coords points="2137,1795 2243,1770 2581,1823 2764,1777 2979,1822 3045,1782 3235,1782 3235,1734 2946,1721 2750,1759 2644,1705 2497,1733 2277,1706 2137,1754"/>
                <Baseline points="2144,1779 2198,1779 2252,1779 2306,1779 2360,1779 2414,1779 2468,1779 2523,1779 2577,1779 2631,1779 2685,1779 2739,1778 2793,1778 2847,1778 2902,1778 2956,1778 3010,1779 3064,1779 3118,1779 3172,1779 3227,1781"/>
                <TextEquiv>
                    <Unicode>Es habe gesagdt, Es habe einen schwahren trunck</Unicode>
                </TextEquiv>
            </TextLine>
            <TextLine id="r5l17" custom="readingOrder {index:15;}">
                <Coords points="2113,1881 2258,1850 2479,1874 2582,1838 2731,1879 2822,1843 2932,1883 3095,1859 3072,1792 2974,1818 2697,1780 2481,1819 2317,1783 2113,1816"/>
                <Baseline points="2120,1844 2168,1842 2216,1841 2265,1839 2313,1839 2361,1838 2410,1838 2458,1838 2506,1838 2555,1838 2603,1838 2651,1838 2700,1838 2748,1838 2796,1838 2845,1838 2893,1838 2941,1838 2990,1838 3038,1838 3087,1836"/>
                <TextEquiv>
                    <Unicode>Vaßers gethan, darvon Ihm wehe seye</Unicode>
                </TextEquiv>
            </TextLine>
            <TextLine id="r5l18" custom="readingOrder {index:16;}">
                <Coords points="2116,1970 3164,1968 3204,1957 3204,1882 2116,1885"/>
                <Baseline points="2123,1946 2176,1947 2230,1947 2284,1947 2337,1949 2391,1949 2445,1949 2498,1949 2552,1950 2606,1950 2660,1950 2713,1950 2767,1950 2821,1950 2874,1950 2928,1950 2982,1950 3035,1949 3089,1949 3143,1949 3197,1947"/>
                <TextEquiv>
                    <Unicode>Repliuert Eßen darauß erhäle, daß ein Hofes</Unicode>
                </TextEquiv>
            </TextLine>
            <TextLine id="r5l19" custom="readingOrder {index:17;}">
                <Coords points="3003,2060 3046,2047 3069,2049 3098,2031 3146,2056 3172,2057 3185,2044 3198,2044 3199,1998 3164,1980 3138,1990 3084,1950 3051,1973 3041,1967 3003,1974"/>
                <Baseline points="3011,2021 3036,2018 3062,2016 3088,2015 3113,2015 3139,2016 3165,2019 3191,2024"/>
                <TextEquiv>
                    <Unicode>Vorhaben</Unicode>
                </TextEquiv>
            </TextLine>
            <TextEquiv>
                <Unicode>I Vielmehr Gott die Ehr geben, und der höchen&#13;
Oberkeit die Wahrheit bekennen. E&#13;
Worauß es nochmahlen gesbeharret, daß Es&#13;
einmahl gar nit gewußt daß es schwänger seye&#13;
Ob es dann Niemahlen einiches Rennzeichen&#13;
gehabt, daß es mit richtig mit Ihm stehe&#13;
R. Es habe fehrn im Kirßet, seine Zeithei ver¬&#13;
fohren und damahlen vermeint, daß Weilen&#13;
es allezeit gar große Arbeit verrichtet undt&#13;
Ihme mit Borget, daß es sich darmit verderbt&#13;
habe&#13;
Waß es seiner Meisterfrauwen zur Ant¬&#13;
wort geben, alß sie Ichns gefragdt, ob Es schwan¬&#13;
ger seye.&#13;
Es habe gesagdt, Es habe einen schwahren trunck&#13;
Vaßers gethan, darvon Ihm wehe seye&#13;
Repliuert Eßen darauß erhäle, daß ein Hofes&#13;
Vorhaben</Unicode>
            </TextEquiv>
        </TextRegion>
    </Page>
</PcGts>
