4032 3024
766 558 893 637 2849
928 581 1973 743 warumb es weder in meghLandt somun
915 667 964 724 Die
979 684 1976 803 man Ihme doch so scharpf verbolten solches
924 723 1526 833 nicht wider zubeträtten?
907 794 1525 910 Es habe sich soithar mein
1526 833 1921 952 ehlen in Megh
904 874 1969 1005 Landen wohl aber ein Solothurner gobirt zu
886 937 1982 1098 Lauterbach und zu olten bey einer strämpf¬
904 994 1451 1104 biß meren aufgehalten
889 1088 1984 1218 Wie es laegnen dorffe, daß es nicht in meghl
900 1150 1972 1272 land seithor geloesen, da man doch das witer
894 1199 1212 1308 fehl wüsse?
960 1298 1896 1409 wahl wuse es sich nicht zubesonen
898 1340 1855 1480 eußert daß es mit der strinmflißmen
889 1402 1952 1547 von Olten einmahl holfen auchen nacher
890 1475 1962 1594 Jaden tragen, zu Wangen dars durch die
886 1539 1950 1650 Aaren auf Homen habe es sich mit aufge¬
876 1598 1892 1710 halten, sondern soge im schiff genommen
893 1661 1670 1759 und ins Schloß geführt worden.
848 1710 1816 1831 diß ist nun das jewege war aus dieser
995 1795 1892 1901 ischen gebracht werden könen, Actex
867 1841 1242 1932 2f. 86. 1714 .
2080 666 2196 762 285
2367 682 3027 822 aspar Weinmann
2437 768 2973 864 Ein Wannenflicker.
2266 825 3251 954 den 26. Octobr 1714 habend Ihr Gnl.
2084 872 3249 1014 dienffstu Wh. Großweibel und der Grichtschrei¬
2179 972 3241 1069 ver, den von Loblichem Standt Sollothurn te
2179 1023 3253 1128 mittierten vnd volgends durch Herren Landt
2182 1088 3271 1207 Rogt Voreandtregker von Landtshuet gewahr¬
2179 1158 3256 1265 samblich alhar gesandten dieben Castar Wein¬
2173 1216 3235 1318 mann Wegen des onlängsten bey dem Sie¬
2167 1277 3183 1370 chenhauß aus dem Breittfeldt entwendten
2164 1330 3244 1442 Buchteßis und anderen Verdächtigen dieb stählen
2161 1394 3195 1504 halben examiniert und von Ihme Volgende
2158 1453 2656 1551 Bekandtnuß erhalten
2168 1530 2953 1653 Wie Er heiße und Wie alt Er seye
2786 1610 2887 1681 lters
2180 1631 3158 1757 asfar Weinmann, seines Bey 35. Jahren
2203 1741 2914 1867 Son seine Elteren sich außhalten
2187 1853 3203 1967 Die Muter seye gestorben der Vatter aber so
2162 1920 2909 2019 ein Keßler, Arbeite hin und Wider
