4032 3024
774 501 825 581 88
822 592 1967 771 EEr habe vormahls bekennt, daß das uneheliche
858 667 1974 804 Kindt so des Buchers weib gebohren seyn Ihm seye
859 731 1919 882 wo Ob Er selbiges auch verdinget und versorget
864 797 988 863 habe?
1714 896 1807 967 dan
874 861 1980 1019 Mann habe Ihms nit begehrt zu geben, des Kindt
837 944 1974 1073 Mutter Schwöster, habe es erzogen und gesagdt, wann
828 1006 1925 1139 Eres schon begehrte, so wolte sie Ihms nit geben, Er
831 1057 1443 1164 hab es aber auch nit begehrt
863 1164 1938 1278 Wie des Buchers weibs Schwöster heiße, so das
838 1213 1175 1313 Kindt erzogen.
855 1291 1793 1406 Sabi Jaggi und wohne auff der Kutzeren
845 1402 1821 1524 Wie alt dieset Kindtgsin als es gestorben:
840 1496 1535 1614 Etwann 4. oder 5. Jahr alt
826 1584 1917 1736 Wo daßelbige Kindt seye getaufft worden, vnd
810 1685 1760 1789 Ob Er sich auch als Vatter darbey gestellt?
814 1761 1890 1898 Es seye zu synigen getaufft worden; Er seye
807 1826 1885 1948 aber nit darbey 9sin auch habe mann seiner mit
799 1883 1002 1989 begehrt.
2083 608 2180 697 89.
2135 722 3296 829 E Auf diß mahlen seye es noch umb Ein Anders
2218 785 3341 885 Kindt oder unzeitige frucht zuthun, so des Suchers
2218 837 3320 931 Weib droben zu Wintzen riedt gehabt, Ob Er in¬
2221 906 3112 982 darbey gsin als Ihra selbige Abgengen
2218 961 3307 1080 Er seye zwar damahls dorthen in selbigem hauß
2153 948 2197 1080 E.
2228 1036 3322 1145 ber nachtgsin habe aber dar von gar mit genbußt
2208 1091 2523 1178 biß mornderst
2219 1158 2747 1266 Ob Er das Kindt gesechen
2099 1154 2177 1267 E
2585 1255 2614 1306 ie
2222 1253 2803 1359 Nein Er habes nit gesechen
2121 1253 2192 1366 d.
2218 1367 3261 1472 3b Er nit darbey 9sin als das Menschselbiges
2090 1362 2187 1470 E.
2206 1422 2436 1521 vergrabt:
2193 1495 2922 1604 Nein Er seye auch nit darbey gsin
2119 1507 2174 1603 .
2194 1585 2893 1694 Wie groß das Kindt gsin seye,
2210 1696 3191 1819 das Mensch habe Ihme gesagdt es seye eines
2112 1704 2185 1812 H:
2184 1763 2587 1866 fingers lang gsin
2108 1832 2165 1950 2
2182 1834 3219 1974 Ob Er dem Menschen nit Raht oder Mittelgeben
2161 1904 2697 2001 dieses Kindt abzutreiben
