4032 3024
765 534 871 628 46
1181 638 1827 799 Damaa pläß
1172 715 1623 844 der Schney der
919 798 1944 988 Nachdeme Er Gril. Auß vorge¬
919 896 1935 1040 tragener Information verstanden, wel¬
910 954 1949 1098 cher gestalten Samuel Pluß der Schney
1156 1018 1275 1063 anigl
910 1018 1928 1153 der Rudohon habolden den Bschießer
916 1086 1950 1225 Dinstags den 24: Aug: in der Frl. Schaf¬
915 1162 1950 1266 nerin Sinner Keller an der Metzgergaßen
912 1212 1957 1340 durch einen gegebenen stoß die Kellerstägen
899 1271 1921 1406 hinabauffs haubt gesturtzt, so daß Er noch
891 1326 1956 1458 selbige nacht todtes verblichen: und daraus¬
902 1407 1913 1518 hin Es Gnl. belieben wollen auß dero
907 1474 1931 1586 ochem Mittel M. Hh. Rahls herren Sinner
907 1543 1924 1644 zuterordnen mit befelchlichem gesinnen
898 1582 1929 1714 den Plüßen dieser verübten That ernstlichen
901 1666 1934 1788 zu examinieren ec. deßtwegen dann Muhhl.
883 1740 1926 1847 Rahtsherr mit Zuzeuchung Ihr Gnl. diene
890 1802 1880 1919 ren Mt Rhl. Großweibel Inhooffs vnd
890 1857 1933 1972 des Grichtschreibers den 10. Septembris diß
1631 1987 1935 2077 1714. Jahrs
2050 681 2132 801 24J
2171 730 3275 831 V114. Jahrs in die Gefargenschafft begeben
2182 774 3259 892 daselbsten ermelten Fluß die ser leidigen that¬
2168 840 3240 955 halben zuredgestoßen, und über beschechenes
2173 908 3210 1021 ernstliches zusprechen, von Ihme volgende
2166 963 2712 1072 behandtnuß erhalten
2153 1033 3207 1135 Ward demnach derselbe befragdt, wie alt Er¬
2141 1100 2853 1205 seye, und ob Er verheurahtet.
2134 1186 3231 1297 N. Er seye ohngefehrt bey 50. Jahren alt, vnd
2160 1260 3069 1360 etwann bey 20. Jahren verhenrahtet
2166 1351 3006 1473 Ob Er Kinder habe und Wie viel?
2162 1434 3169 1563 Er habe drey Knaben, dar von der Einte
2146 1519 3153 1619 bey Mstr Hachmann dem Meßerschundt,
2141 1582 3211 1675 der Andere bey Einem Steinhauwer zu Lo¬
2128 1643 3183 1734 Sanen und der dritte bey Mitr Hoßmann
2150 1706 3224 1796 dem Müller an der Matten, die Handtwerck
2138 1751 2743 1853 zu erlehrnen verdinget.
2157 1847 3232 1963 ormit Er sich, sein Weib und Kinder erhalten
2137 1930 3218 2035 und ob Er auch seinem Handtwerck fleißig obge¬
2134 1980 2619 2071 legen und gearbeitet
