4032 3024
731 581 821 652 142
838 611 1879 729 habends der Peter und der Christen an Einem
829 696 1863 783 Kellerlin auch also gemacht und das Schlößlin
829 747 1902 852 zerzogen, da haben sie abermahlen Milch getrun¬
823 797 1856 919 ken und ein bitzlin Vnschlitt und Schmutz ge¬
821 858 967 932 nomen
833 913 1833 1056 Waß Sie alles zu Oberhoffen gemacht?
823 996 1825 1119 Der Peter habe daselbst im Obersten hauß
824 1093 1860 1183 jegen Kloster zu Erst ein Pfensterlin und her
723 1120 1803 1240 darnach die Thuren aufgethan, und Ihne hin ein
799 1183 1834 1298 geschickt, dahabe Er einen haafen genommen vnd
803 1230 1177 1329 dem Peter geben
795 1319 1871 1410 Im anderen hauß zu oberhoßen habe der Peter
793 1360 1841 1474 das Pfenster außentrückt und Ihn hinauf ge¬
794 1419 1825 1534 bührt da habe Er auch ein höfelin hinaußgeben
803 1484 1813 1586 zu hilterfingen habe Er Claus allein auß
790 1556 1796 1642 einem hauß einen hafen ent obendt, daß das
791 1575 1884 1706 Maydtlin seye nit darbey 9sin sondere in Einer
796 1650 1841 1764 Scheugen geschlaffen. das seye alles waß sie gethan
780 1717 1793 1834 Es seye Ihm aber leid daß Er sich von seinem
781 1774 1728 1890 Ellteren Bruder Petor also verführen laßen.
1987 626 2087 715 143
2302 607 2937 752 Asfar Spririg
2054 733 3117 881 Nach deme Mrth. Rahts herr
2103 814 3209 939 Frisching Ihr G1l. den Verlauf des mit
2099 864 3214 1035 Castar Spring verrichteten Examens Wider
2097 942 3174 1084 bracht, und Ihr Gntl. darauß so viel ersechen
2114 999 3246 1127 daß derselbe verschiedener Nächtlichen Einbruchen
2097 1053 3239 1174 Diebstählen und feier tronntens zwar bekandt
2106 1125 3221 1241 lich worden aber allein ansechen nach annoch
2106 1184 3141 1302 sein Zurt nit völlig geraumbt. hat zu volg
2118 1250 3222 1351 eines sonderbahren befelchs Michhl. RRahtsherr
2099 1300 3206 1437 Tscharner den 17. Aprilis sich in die Gefan¬
2106 1354 3235 1489 genschafft begeben Allwo mit Zuziechung Mötth.
2108 1433 3230 1559 Großweibel und Gricht schreibers Er denselben
2104 1503 2733 1624 zured gestoßen wie folget
2092 1572 3215 1701 Befraget Ob Er nit wüße wer der Jenigekerl
2115 1634 3227 1746 seye, so dem Suppen schreiber und Ihme zu Lutters
2112 1697 3157 1821 thoffen Zholßen ein brechen, vnd wie Er heiße.
2096 1785 3154 1905 Antw. Er wuße Gar nit, wer Er gsin, noch wie
2104 1853 3210 1929 Er heiße, der Suppenschreiber habe Ihn mit gebracht
2106 1921 3199 2013 so habe Er denselben weder dar vor noch darnach nie¬
2119 1970 2557 2053 mahlen mehr gesuchen
2961 1992 3072 2089 E
