4032 3024
786 532 886 611 250
913 567 1969 780 Vnd also die Kellerstägen hinunder gefallen.
906 677 2003 876 Alß aber M. Hhl. Examinator Ihme Plußhin
922 755 1955 904 verdeutet, daß der aufgenommene bericht
915 812 1968 969 viel anders laute, und durch die Khundtschaft¬
907 872 1946 1010 ten heiter gezeuget worden, daß Er dem
897 949 1953 1064 habold einen stoß geben, mit beweglichem
899 997 1935 1116 zusprechen und ermahnen die bloße wahr¬
889 1069 1964 1183 heit durch eine außrichtige runde bekandtnuß
900 1128 1202 1230 anzuzeigen
892 1216 1929 1349 hatt Er darauff mit bezeugender Großer
901 1275 1935 1403 reins bekannt: daß Nachdeme Er mit dem
880 1337 1928 1459 habold in der Frl. Schoffneri Sinner Keller
883 1400 1934 1535 eine halbe getruncken, die Er fluß auch bezahlt
873 1445 1944 1573 gehabt, und sie beyde mit Einanderen die Keller
881 1519 1934 1638 stägen aufgangen, habe der Zubold Ihne fluß
884 1574 1948 1700 einen Schelmen gescholten und andere Unnutze
880 1628 1943 1754 wohrt mehr zugeredt, welches Er anfangs nit
881 1682 1941 1830 o Viel geachtet, Alß aber der Todten gräber
862 1747 1941 1877 häußler, so damahlen auch im Keller getrun¬
848 1811 1923 1961 ken, sagdte, Sie wollend keine Schulmen vnder
1700 1942 1791 2003 der
753 739 874 844 über
2066 677 2155 761 251
2176 686 3253 792 der Wacht dulden, seye Ihme der Vertruß in
2170 757 3250 836 kopf kommen, daß Er dem habold einen stoß geben
2171 818 3199 894 dar von Er die Küllerstegen hin abgetrohlet
2159 887 3254 987 Bekennte auch weiters daß Er darzu gesagdt
2156 948 3233 1048 Gang du Kätzer ich wolte daß di das genit
2159 1011 3243 1118 ein gehegt wärest, Jndoch habe Er nit gemeint
2174 1073 3114 1167 noch gedenckt daß Er so übelfallen werde,
2163 1141 3247 1232 Sie Wort Aber, die der Todtengreber haußler
2146 1208 3184 1308 gesagdt, haben Ihme leider hierzu anteitzung
2146 1280 3196 1373 geben. Es seye Ihme aber von hertzen leid
2143 1329 3195 1433 daß Er solches gethan batte auch deßtwegen
2129 1386 3162 1510 Gott und eine hoche Oberkeit umb gnädige
2143 1461 3193 1566 Verzeichung, mit demihtigster bitt sich seines
2137 1535 3236 1606 Armsehligen zustandts, in sonderheit, daß Er auch
2130 1570 3252 1683 zu weilen schwach und Bloder Sinnen seye gnädigse
2124 1642 2916 1749 zu erbarmen. Actum vorstaht
2003 1127 2147 1210 Vorgemel¬
2010 1188 2068 1259 hat
