4032 3024
795 535 901 633 264
953 618 1979 806 Ja habe 3: brieffen getragen, welche Ihme
937 729 1994 873 von einem Menschen in einem paquetlin gegeben
922 782 1984 926 worden, vorgebend, sein Mann schicke diese briedte
931 848 1980 993 darbey auch ein brieff von seinem Mann an Ihns
917 906 1914 1050 sich befunden, Welchen Es Muthl. des Thor
918 983 1949 1106 grachts geben; von diesen 3tn brießen, habe es
903 1057 1946 1189 Einen dem Jungen Hr Rhdbath bym Thor
911 1117 1941 1230 den Anderen des H. Schirmers diener, vnd
910 1184 1856 1315 den dritten brieff dem IhrSlch geben
865 1262 1939 1413 2. Ob Es sonst keine Brieffen mehr getragen
914 1361 1015 1431 habe
924 1458 1929 1569 Noch Einen dem Ihr da und Einen
928 1519 1879 1636 es Schiiers diener Welche beyde sein
883 1580 1778 1702 Mann Ihme selbs zutragen gegeben
924 1688 1925 1812 Ob Es die Brieffen dem Ikrn selbs eingehän
884 1759 1044 1852 Diget
902 1835 1713 1936 den Ersten habe es Einer Muter
1715 1863 1882 1930 eingen
890 1903 1717 2007 händiget übergeben, vnd den Anderen
1750 1917 1877 1993 dem
886 1956 1162 2069 Ihrn selbsten
1699 1995 1842 2116 E
2031 652 2122 740 165.
2171 707 3084 837 Ob Es nit zugleich geldt geforderet habe?
2183 797 3247 936 dem Ihr Bodehmit; Aber als der diener
2146 902 3202 1003 beyschen Schirmer Ihme bey Überbringung des
2129 952 3225 1059 Letsten Brieffs gesagt, daß dieses zureubrießen
2151 1024 3252 1126 seyen und daß darun Geldt geheuschen werde.
2150 1081 3225 1185 als 5. Ihrl. und tuch für Ein Cassaglin, habe es
2139 1149 3253 1260 Geantwortet Es wolle die 5. thrl. einmahluit
2144 1199 3222 1305 aber wohl das Tuch, so Er es geben wolte, vndt
2125 1273 3199 1379 Er solle Ihm dißmahlen mir etwann 5. batz
2146 1336 3190 1430 geben, daß es könne denen Mäydtleuen Käß
2143 1398 3205 1505 und brodt kaußen, sie seyen so hungerig. Alß
2139 1465 3243 1550 es nun denen dieneren angezeigt, wo die Mayd¬
2136 1524 3229 1622 lin seyend, habend Sie gesagdt Sie wollendselbs
2138 1588 3217 1679 zu den dienen komen; seyend auch mit dem Thor¬
2131 1642 2874 1749 Weibel und Provosen dahin kommen
2157 1732 3078 1844 Wie es gewüßt wo die dirnen seyen
2147 1820 3202 1944 Es seye ein Mensch zu Ihm gen Ostermannigen
2126 1913 3181 2015 kommen, vnd gesagdt, Es solle mit Ihm nach der
2981 1983 3218 2094 Statt gehezen
