4032 3024
813 606 893 722 182.
938 631 1944 782 Vorhaben in Sum gehabt Weilen, da es
940 722 1935 842 chon in Kindtsnohten gewesen, es seiner Mei¬
938 787 1920 918 sterfraucen nit bekennen wollen, daß es
940 848 1257 939 chwanger seye
889 941 1901 1062 . damahlen als die Meisterin bey Ichm gsen
927 1007 1884 1113 und Ihns gefraget, hab es noch nit gewußt
908 1064 1659 1176 Waß es seye, so Ihme wehr thüre
881 1139 1898 1276 2. Ob Es nit seiner Meisterin als sie Ihns
904 1244 1856 1318 seiner Schwangerschafft halben befragdt,
913 1298 1945 1392 gesagdt, Es habe niemahl mit keinem Manns
904 1361 1880 1452 bild zuthun gehabt, und könne nit seyn, daß
913 1421 1303 1521 es schwanger seye
921 1500 1868 1607 denselben Morgen als sie zu Ihme kommen
903 1576 1631 1675 habe es das nit zu Ihra gesagdt.
983 1629 1033 1705 zih
922 1659 1872 1768 Ob das Kindt noch lebendig an die weldt
910 1721 1054 1800 komen
901 1798 1558 1919 kein, Es seye schon todt ge
1612 1915 1720 2044 Z
2030 664 2133 761 183
2176 733 3211 840 Ob Es dann niemahl einiches leben an dem
2165 792 2487 884 Kindt gespührt
2158 875 3254 977 kein, Es habe nie kein leben an dem Kindt ge¬
2158 973 3257 1058 puhrt; vnd könne solches vor Bott Verantwor¬
2144 1027 2233 1106 tey
2163 1092 3240 1203 Warumb es doch so fräffentlich laugnen dörffe
2148 1159 3246 1273 daß das Kindt kein leben gehabt, da doch selbiges
2142 1233 2610 1330 solle geweint haben.
2149 1310 3188 1402 Es bezeuge Einmahl daß es gar kein leben
2148 1386 3183 1475 ne an Ihme gespührt vnd nie gehördt daß es geh
2122 1446 2320 1528 Geweint
2147 1522 3206 1644 Wor die Meisterin sich begeben, nach deme sie von
2131 1608 2409 1702 Ihm gangen
2142 1701 3211 1802 Sie seye nur ins ander hauß hinabgangen den
2153 1762 2628 1865 k. Schweinen zu geben.
2039 1848 3181 1971 E. Wie lang die Meisterin von IIhme weg ge¬
2118 1907 2278 1998 bliben.
2050 1987 3190 2094 R. Nit Einhalb Viertelstund seye sie weggebliben
