4032 3024
773 515 897 584 122
854 609 931 690 E
940 590 1984 750 Ob Er nit den Allen Fridlin vnd Schuethöni
909 663 1763 794 gekennt und Ihnen Gholffen stählen
914 751 1986 896 Alß Er im Wührtshauß zu Jonen im Freyen
838 755 890 859 E
901 827 1989 933 ambt aufgespihlt, und der Allen fridli vndt
901 906 2029 1019 Schuethöni daselbsten getruncken, habend Sie Ihme
910 958 1985 1083 angeredt, und gesagdt, Er solle mit Ihnen kommen
886 1050 1922 1153 sie wollen Ihm den lohn geben, da seye Er
893 1105 1933 1216 mit Ichnen nach Schonenwehrt gangen, da
890 1167 1961 1272 selbsten Sie mit Einanderen des Nachts ein¬
908 1235 1934 1342 zubrochen, und Speckgenomen, darvon Sie
898 1304 1489 1406 Ihm den 3n theill geben
904 1390 1967 1527 Wo und Welchen Orthen Er mit dem Alle¬
868 1481 1775 1593 fridli und Rohtgeyger eingebrochen.
824 1569 1917 1679 R. An Einem Ohrt Mahlsecken genandt
891 1640 1933 1736 hiehar Reiden im Lierner gebiet, alda sie
872 1704 1363 1807 5. Brodt genommen
860 1799 1875 1919 E: Waß der Allenfeidlin Rohtzeiger
882 1877 1662 1973 und Er zu Lots wyl genomen
826 1944 1873 2084 R. Erbezeuge höchlich, daß Er zu Lotswyl
1650 2037 1824 2121 nir zu
700 1215 883 1280 N3 die po0.
703 1263 886 1323 edus zuar¬
688 1302 870 1367 burg sage
692 1344 859 1407 ein gantzes
690 1388 829 1467 Schwein
2099 621 2197 723 123.
2225 618 2869 739 nemahlen darbey gsen.
2230 720 3363 854 Ob Er nit auch mit dem Allenfridlin imSunt¬
2121 730 2220 871 D
2196 819 2693 928 gans eingebrochen.
2173 895 3348 1029 R. Er habe sein lobtag kein Fuß im Suntgän
2205 970 3324 1078 gehabt. beharrete auch ohngeacht alles zuspre¬
2197 1031 3337 1155 thens Vnst darauf daß Er niemahlen dorthgsin
2125 1127 3318 1267 E. Ob Sie nit auch im Zuger gebieth eingebrochen.
2146 1232 3276 1346 R. pa an zweyen Orthen da an dem Einten
2196 1296 3268 1380 orth sie eine Fallen Anken vnd 2. Käsen
2197 1363 3310 1476 und an dem anderen Orth 5. Brodt bekommen
2121 1431 2702 1556 o in der Racht geschechen
2223 1458 3299 1560 Mafirde Er solle nun anzeigen wo sie
2180 1523 2746 1635 Weiters eingebrochen
2173 1596 3277 1728 Hierauf bekennte Er daß Er mit Zuthun
2176 1685 3255 1792 des Allen fridlin vnd Rohtzeigers in zurich
2187 1763 3211 1845 gebiet in einen Keller gebrochen auß dem
2175 1825 3295 1923 selben zwey brodt vndt Etliche Pf undt Auchen
2176 1890 2431 1976 genommen
2168 1938 3254 2067 Verners seyend Sie drey bey der Seyser
3050 2040 3213 2137 brugg
