4032 3024
844 552 1875 704 Nachdeme Er Inl. belieben wollen
854 646 1924 791 dero dieneren Min nthl. Groß weibel Inhoch
838 718 1881 834 und Grichtschreiberen Wyttenbach anzube¬
826 773 1886 916 fehlen den droben enthaltenen Mutzger zegg
825 844 1919 969 und sein Weib von Wegen des Jenigen, kurtzver
826 899 1919 1027 nichener Tagen einem gewußen herren, zuge¬
826 956 1898 1071 sendten schandtlichen Brandtbriefft, zu exa¬
820 1025 1832 1125 minieren und selbige mit allem krefftigen
815 1103 1916 1195 Ernst zu Endteckung der wahrheit anzuhalte
808 1149 1921 1287 Ist solchem Ihr Gel. befelch dato den 21. pbris
813 1226 1910 1354 Gehorsamblich olg geleistet und demnach Erst
985 1366 1023 1373 Anna Madle Anlicker
819 1289 1618 1402 lichen des Zegges Weib, Namens
737 1488 976 1514 Befragt worden. Ob Sie nit vergangenen
959 1373 1593 1465 Anna Madle Anlicker
952 1446 1616 1535 daruber examiniert vnd
734 1514 1798 1616 Befragt worden. Ob Sie nit vergangenen
802 1563 1917 1684 Sontag während der Morgen Predigt bey hey R.
808 1625 1040 1728 hauß gsing?
740 1723 1818 1857 R. Nein, sie seye niemahlen bey des H. N.
808 1791 1047 1895 Hauß gsug
794 1863 1820 1990 Auff so fräches verlaugnen wurde gnstr
1588 1982 1819 2064 Gomner
2168 627 3286 745 Gomer des Secklers Frauw, sea
2166 710 3309 811 eehet, wie ach H. N. Hauß halternn
2186 770 3300 861 vorgelaßen, welche dann der geggenen vnd er
2188 829 3325 948 augen erhalten, daß Sie Ja am Sontagmorgen
2180 883 3322 1005 wahrend der Predigt Sym Hauß gsin und geklop¬
2166 958 3300 1052 fet und als die Haußhalteri hinunder kommen
2170 1025 3264 1129 Sie dem H. R. nachgefragt auf verdeuten
2170 1079 3294 1185 aber daß Er in der Kirchen, sie gesagdt Er laße
2158 1152 3268 1261 sich stähts verlaugnen, auch geschwohren sie
2173 1237 3093 1322 wolle Ihme noch angst gung machen ec.
2152 1303 3300 1419 Welches alles aber die Zuggenen bestendig ge¬
2171 1372 2368 1472 laugnet
2194 1454 3259 1569 Ob sie nit selbsten Einem kleinen Mäydtlin
2183 1543 3221 1639 den Brief geben, zu Hrn N. Hauß zutragen.
2158 1626 3244 1750 Nein Sie habe niemahlen keinen brieff geben
2157 1699 2763 1801 zu diesem Hauß zutragen
2152 1758 3259 1882 hier auf wurde auch das Maydtlin Namens
2156 1839 3218 1929 Pathry dyßlin eingelaßen; Welches Ihra
2156 1909 3180 2016 Vmbständtlich vorhielte, daß Sie vnd Ihres¬
2975 2002 3211 2106 Manns
