4032 3024
772 548 906 622 162
947 612 1984 781 Ob Es des Aschbachers Weib seithar nie gesechen.
941 711 1975 874 Es seye selbiges seithar es zu Signaun gewesen,
903 790 1925 951 Ihme zu Iegestorft begegnet, VorGebend Es
913 876 1436 957 wolle zu seinem Mann
871 947 1922 1092 Ob des Aschbachers Weib damahls Ihme
904 1052 1986 1165 nicht die Antwort von dem diener überbracht
915 1128 1934 1256 Es seye gemeltes Weib und sein Mann der
889 1207 1927 1318 Aschbacher hernach zwuschen Frauw Brinnen
893 1268 1954 1394 und Batterkinden zusamen komen. Vnd habe
889 1334 1900 1443 es Anni Kinder sich auch alda befunden, da
889 1393 1934 1509 dann das Weib berichtgeben, der diener sey
882 1454 1918 1550 zu zur Zach, Es möge nun selbs nach Hern
874 1519 1967 1630 gehen, seye aber nichts von geldt geredt worden
874 1589 1945 1697 darüberhin seye es nach Hern gangen vnd sich
877 1655 1921 1742 vor der Statt in einer Scheuwren auffgehalten
876 1711 1910 1829 vnd habe nach dem Elsi des Aschbachers weib
867 1787 1078 1880 geschickt.
892 1846 1669 1973 Ob wahr seyn daß es Schwänger
811 1949 1617 2060 E. Ja. Es wuße mit anders, als daß
1658 1956 1816 2074 E. fes
886 2017 1267 2108 es Schwänger seye.
1682 2051 1886 2152 Es beth
2040 632 2149 753 163
2236 625 2962 748 Als beth Straublaar
2231 716 3148 844 Von Amsoltingen Peter Aschbachers
2313 790 2880 888 Weib von Trachselwaldt.
2127 908 3211 1030 Solchem nach wurde auch vorgelaßen Els beth
2145 972 3235 1065 Straubhar von Amsoldnngen, daß dem Vorgeben
2148 1058 3246 1154 nach Peter Aschbachers des Waßerbronners Weib
2158 1114 2343 1207 eyn soll
2101 1144 3247 1299 Befragdt Worferd an welchem Orth der Aschbacher
2136 1245 2746 1354 und Es sich copulieren laßen.
2092 1309 3206 1406 Antw. Im Marckgraffenlandt, an Einem Orth da
2131 1376 3218 1486 es halb Papistisch- und halb Lautherischer Religion
2129 1445 2229 1528 seye
2191 1511 2828 1635 Ob es deßen ein schein habe
2167 1594 3189 1719 kein, Es seye aber seithar ein schein alhar ge¬
2134 1680 3183 1768 schickt worden, welcher Zeither von M. H. des
2137 1742 3174 1850 Thor Grichts für nichtig und ungültig erkennt
2149 1818 2290 1882 worden
2161 1877 3147 1987 Ob Es an des H. Schiemers Ladendiener keine
2138 1941 2610 2055 brieffen getragen habe?
2009 1078 2073 1152 A. V0n
1998 1125 2122 1183 Trachsel
1998 1171 2082 1229 11l
2068 1507 2164 1636 A
2080 1609 2143 1718 A
