4032 3024
783 554 878 619 120
840 613 1978 762 Repliciert dieses seye eigentlich mit die Ursach
891 691 1989 820 sonderen vielmehr daß die Jenigen Gsellen
889 757 1913 872 so zu Arburg gehenckt worden, Ihne als
898 817 1955 943 Ihren diessgespahnen angeben. Vnd dann
911 883 1970 996 auch daß Er in sohardte und boßhaffte treuw
901 946 1667 1052 wohrt, mit Zeuner, auß gebrochen
872 1020 1898 1136 Antw. Er bätte gantz inständig Vmb Ver¬
873 1098 1889 1203 Zeichung, Er habe es nit so böß gemeint
911 1181 1943 1278 dann Ihme biß dahin kein provos nichts
892 1225 1307 1332 zu Leidt gethan
856 1287 1918 1419 vorüberhin Ihme nochmahlen krefftig zu
884 1377 1955 1468 zusprochen, und verdeutet worden, daß weilen
894 1442 1960 1538 es nun mehro Ernst und eine hoche Oberkeit die
876 1524 1900 1598 Wahrheit von Ihme wüßen wolle so solle
892 1554 1918 1661 Er nunmehro sein hertzraumen und seine
883 1616 1942 1723 ai Tagligende übelthaten aufrichtig bekennen
1246 1683 1379 1731 enzeiget
882 1677 1906 1789 und furs Erste Jagen wie Es mit dem Ein¬
887 1749 1693 1855 Bruch zu Lutters hoffen ergangen.
832 1826 1906 1954 Antwort der Suppenschreiber vnd der ander
892 1904 1900 2013 deßen Namen Ihm nit bekannt, habend am
1705 1980 1908 2093 Sphricher
2103 628 2199 727 121
2229 647 3340 796 Beicher zu Lutterskoffen die Thüren hinauß
2227 734 3316 867 gestoßen, und auß dem Speicher 2. Ziechen
2226 800 3280 895 und 2. Leinlachen entwendt. Er seye in
2216 853 3280 971 deßen bey dem Hauß Schiltwacht gestanden
2218 913 3291 1013 und nit weiters als biß zur stägen aber nie
2220 986 3311 1096 mahlen in Speicher hin eingangen; beharrete
2222 1050 3317 1157 auch nochmahlen daß Er mehr nit, als 10. b
2218 1115 2963 1216 Von die sem diebstahl bekommen
2089 1153 2140 1213 A
2260 1180 3301 1309 In voriger Examen habe Er die se seine
2146 1197 2235 1314 E.
2218 1265 3289 1377 amasaden nit kennen wollen, Welches aber
2205 1334 3263 1426 gar nit gläublich solle also anzeigen, wie Sie
2194 1401 2376 1497 heißen
2374 1394 2413 1466 3
2142 1486 3276 1608 R. Er habe zu Buchß unden Vernommen wie der
2193 1562 3308 1666 uppenschreiber heiße, Er solle ein Ingestorffer
2194 1622 3212 1710 seyn den Anderen aber wüße Er nit wie Er
2180 1702 2314 1784 heiße
2163 1766 3273 1871 E. Wie dieser diebstahl zu Leuttershoffen auß
2181 1857 2345 1931 kommen
2205 1901 3274 2010 Mann habe den Näper gefunden, und gekennt
2115 1920 2182 2027 H
2015 1953 2085 2045 Va
2195 1987 2766 2079 daß Er denselben gehalt
2293 2046 2447 2091 aber .
2025 2004 3245 2163 A die procedur in bnchiberg sagt sie Sabind to in 50 thaler
2053 2098 2749 2216 Werths aus dem spicher genommen
