4032 3024
805 550 893 650 220
929 634 1440 747 Abends im Stall gsin?
930 723 1289 831 Er wüße es nit
965 836 1662 952 Vnd am Mittwochen Abends
941 929 1910 1072 Am Mittwuchen Abends seye Erdarung.
899 995 1029 1113 Gsi
920 1084 1855 1222 Waß Er damahlen im Stall Zuthun ge¬
909 1156 1023 1227 habt:
917 1220 1888 1361 Er seye nach dem Nachteßen Hangen den
899 1302 1893 1406 Mader bestellen und bey seiner rückkundt
899 1376 1878 1487 gehördt, daß das Veich im Stall so starck ge¬
905 1406 1919 1550 bartzet, deßtwegen Er hineingangen genlugen
903 1490 1847 1599 waß es mache, da habe Er das Maydtlin
897 1549 1798 1668 im Stall gfunden und mit Ihm geredt.
901 1636 1878 1760 Ob Er nit damahlen i Stall hin vnd her
908 1703 1845 1814 twas gesucht, waß Er dann so genann
890 1748 1156 1838 gesucht habe
811 1828 1841 1956 R. Er habe mit anders gesucht, als daß Er
1558 1948 1738 2040 gelugt
2067 658 2149 760 U1
2155 680 3197 826 gelugdt, ob das Veich noch zu freßen habe.
2174 798 3250 937 Ob Er nit von deßt wegen in Stall gangen, daß
2149 868 3003 975 Er etwas Schlimmes verüben wollen
2171 969 3225 1084 Er habe mit schlimmes im Sinngehabt, seye auch
2167 1032 2989 1142 mit guhten gedancken in Stall gangen
2185 1120 3207 1218 Ob Er dann nit damahlen dem Mäydtlin
2161 1194 2647 1278 inZucht zu gemihtet
2167 1248 3244 1369 Er bekenne daß Er Ja dem Mäydtlin und zucht
2152 1327 2454 1420 zu gemihtet
2132 1405 3180 1509 Repliciert hierauß seye nun heiter am Tag
2152 1492 3237 1569 daß Er Ja damahlen mit Einem unteuschen Geist
2147 1539 3169 1603 in stall gangen, aber wegen anwesenheit des
2144 1604 3246 1696 Mäydtlins an seinem Bösen vorhaben verhindertt
2152 1650 2293 1723 orden
2122 1692 3177 1807 Worüber Er nochmahlen geantwortet, daß Er
2138 1775 2965 1854 einmahl mit boses im Sungehabt
2093 1849 3175 1975 E. Eb. Er nit am Freytag nachts abermahlen
2123 1930 2457 2017 im Stall gsin.
3048 2039 3097 2118 2
