4032 3024
733 582 787 667 26
844 620 1956 756 Nemn Er habe sie Garnit gestohlen, sonderen Einem Bauloren
824 662 1223 797 53. b darfür bezahlt.
838 752 1965 910 Wie manches Schaaffes gewesen, so Er daselbsten gemehget
841 839 931 914 habe.
824 903 1045 1011 Nur zwey.
772 961 1976 1122 Worauff die Profoßen Ihme under Augan erhalten, daß
830 1059 1923 1191 als sie Ihn in des Stemmanns hauß gesucht, haben sie von 3.
808 1134 1958 1269 Schaffen daselbsten die Rug Grad gesunden, auch habend sie ihn
808 1226 1948 1359 zu vor Angetroffen daß Er noch ein Schaaff an Einem Ladernen
820 1305 1964 1434 zugel gefuhrt, daß en Aber Ohngeacht Wolte Er Jar nit bereun
789 1395 1971 1524 daß Er mehr Als zwey Schaaff gemehget, noch weniger gestehen
817 1490 1378 1588 daß Er selbige genommen habe.
837 1568 1904 1700 Waß Er in der Matten auf dem Breitfeldt gemacht:
708 1547 839 1674 257
810 1666 1909 1796 Er habeseinem Bruder zwey (151.) Schweilin so derselbe zu
830 1742 1548 1870 haßli gematget helffan dahin tragen.
853 1841 1648 1939 vo seinbruder die Schweilin Genommen:
812 1921 1930 2053 Er habeselbige gekaufft, Eines dar von bey Einer Muhli und
812 2002 1527 2123 das andero sonst bey einem Bauworen¬
2036 650 2116 764 29
2169 676 3137 821 Ob Er nitselbsten Auch in der Matten Gemetzget:
2088 779 3267 920 R. Nein Er habe garnit gemet gut, sonderen mir etwann 2. oder
2151 850 3220 998 3. mahl holffen Cammer und Schweinin fleisch geholffen in die
2157 929 2435 1024 Matten Tragen.
2049 969 3185 1148 2. Obseine Schwöster nit Auch Geholffen fleisch unher tragen:
2063 1091 3259 1215 G. Ja, aber es meh gedoch niemand als der Vatter und der bruder
2156 1192 3222 1358 O Ernit zustattlen, Ostermanigen, und da herumb veich
2151 1275 2334 1395 gestohlen.
2070 1380 2980 1509 R. Nein Er habe nemahlen kein Veich gestohlen.
2125 1461 3223 1606 Obwohlen nun disem hog Jerernstlich zugesprochen worden
2126 1560 3210 1708 die auff ihne geklagdten Venh diebstähl zu bekennen so hat
2125 1630 3246 1769 dennoch derselbe in der quete zu keiner Bekandtnuß gebracht
2130 1708 3194 1829 Werden können, sonderen alles hartnecig gelaugnet.
