4032 3024
754 589 853 692 360
880 592 1968 751 vnd darbey Weltsch geradt, da habe Er den Schmidt gefragdt
868 686 1974 832 Vobe die Woltschesprachgelehrt, der ihme Gesagdt, daß Er sich in
858 759 1996 904 Zeitlang im Weltschland auffgehalten, da nun Er hooffer gesogdt
848 857 1960 983 Er wolle auch ins Woltschland, habe der Schuid sich erbotten mit
852 915 1958 1046 ihme zu gehen, und seye auch biß nach Causanne mit ihme gangen
850 980 1983 1109 alda habe der Schmidt eines Morgens ihme eine Kleider Genommen
861 1054 1975 1190 und sich darvon Gemacht, Welchen Er nachwehrts im Krauchthal
844 1133 1977 1271 wider Angetroffen und braff abgebrugtet, seye Aber daß wegen
851 1202 1935 1348 von dem Schuid bey henlandtvogtezu Chorbarg verklagdt, und
845 1279 1605 1428 darauffin gefangenschafft gesetzt worden.
864 1400 1920 1539 Vie Langs ein Vatter und seine Leuths ich nunmehro zu haßli¬
855 1466 1074 1572 auffhalten
843 1572 1117 1674 Er wuße Es nit.
870 1632 1924 1782 Vosein Vatter zuvor gewohnt, Ehe Er sich ins haßli begeben.
856 1744 1955 1877 zu derß weyl bey der Stam Gruben, und serze da nunmehr
856 1823 1535 1929 2. Jahr daß Er dorthinweg gezogen.
850 1892 1884 2013 6 Er vor 3. Jahren nit auch beys einem Vatter gewesen.
747 1930 1978 2092 H. Nei Erhabesich vor dreyen Jahren zu Pariß in der Schwicdzt
823 2056 1193 2155 quarde befunden.
2065 659 2155 776 261
2192 670 2953 815 Ob Er daselbsten nit auch außgerißen.
2180 749 3283 901 Er habe vier Campagne gemacht, weilen nun der Haubtmann
2180 823 3291 990 Vigier von Sollothurn zu dem Er nurfür 36 Jahr gedinget Ihm
2155 908 3066 1044 kein Abscheid geben Wollen soseye Er außgerißen.
2160 999 2816 1140 Ob Er nit auch selbsten Gemeyget:
2156 1075 2685 1205 Er vermöge nit zu metzgen.
2542 1159 2591 1242 zu
2608 1170 2680 1249 2
2167 1176 2953 1322 N6 Er damnit bey der Brugg gemetzget:
2067 1280 3228 1448 H. Anders nichts als ein par Schaaffso Er von Einem Bauworen
2147 1353 2310 1461 Gekauff.
2055 1410 3157 1581 E. Wie der bauworheiß von dem Er die Schaaff gekauff
2067 1508 2446 1654 R. Er WußeCdpit.
2131 1613 3213 1746 Repliciert, daß seye mit die Warheit der Steinmann¬
2124 1735 3226 1846 bey dem Er sich bey der Brugg zugezogen habe Ja bekant, daß
2132 1791 3234 1926 Erhooffer die Schaaff so Er bey ihme Gemehget gestohlen, zu¬
2136 1858 3209 1997 vor Aber denselben die Augen Außgestochen, damit sie mit
2108 1927 2492 2047 Entlauffen können.
2937 2029 3150 2148 H. Nein
