4032 3024
771 487 851 565 54
918 573 1966 730 Ja. Er habe auß einem Laden undenfür dem
863 647 1929 788 Gaßlin, mit einem stäcken ein paquet strumpf
867 708 1858 841 darinnen b. paar gewesen, heraußgenommen
856 803 1782 925 Wo Er mit diesen strumpfen hinkomen
864 851 1947 1028 Er habe darvon ein paar einem Menschen am
859 944 1983 1081 der Ankenwag Verkaufft, 1. paar) einem Meister
829 1009 1911 1134 geben 4. paar habe Er angehabt, als Er in die
828 1064 1925 1206 gefangenschafft komen und 2. paar seyen noch
826 1126 1551 1245 drußen bey seinem Zeuggsin¬
838 1233 1920 1335 Ob Er nit drußen zu Bilchlindach dem Peter
832 1291 1946 1418 Nobß ein Pferdt entwendt, und solches nach Biel
822 1348 998 1439 geführt
828 1410 1886 1543 kein: Er seye sein lebtag nur einmahl zu
830 1496 1910 1617 viel Ghin, als Er auß dem Weltschland kommen
830 1560 1888 1704 Ob Er nit vor diesem auch zu Remund einge¬
807 1630 1872 1767 zogen worden und auß waß ursachen solches ge¬
813 1693 989 1793 shechen
807 1784 1949 1921 Als Er zu Remund an Einem Marit Reich kauffen
808 1848 1848 1980 wollen, habe Ihn Einer angesprochen Ihme
1695 1953 1833 2030 sein
2090 596 2177 702 55
2207 602 3367 727 sein Roß zuhalten, derselbe aber habe sich nach
2213 698 3344 807 wehrts dar von gemacht, darüber Er in Verdacht
2194 759 3338 859 komen, daß Er das Roß gestohlen habe, und deßt
2207 807 2814 920 wegen eingezogen worden
2223 883 3342 1019 Ob Er nit noch andere diebstahl mehr begangen
2205 985 3144 1110 Nein Er habe nichts weiters genomen
2142 1063 3315 1200 Weilen dieser Kerl anders und mehrers nicht
2168 1151 3298 1254 gestendig seyn wollen, als ist selbiger wider
2167 1211 2799 1318 an sein ohr geführt worden
