4032 3024
803 586 879 670 916
914 646 1931 805 an Einihem Orth zu Marit Gsin, sonderen
924 714 1742 850 dahrimb der wahr abgewahrtet.
923 799 1933 955 dieses ist also das Jenige, so auß Er gul.
906 865 1946 1006 Befelch mit diesem Hannß Kohler verrichtet
917 940 1529 1058 worden. Actum Vorstaht
2074 661 2184 779 917
2340 659 2487 741 en ves
2494 667 2939 797 Glamen mit
2275 768 3201 925 asfas Meirmanr: Vnd durß
2469 863 2889 967 Zimmermarik
2167 981 3202 1124 Nach deme Ihr Hnl. auß demVer¬
2179 1063 3268 1182 lauf hievorigen mit denen Gefängklich ent¬
2333 1130 2464 1192 diebeg
2168 1124 3214 1240 haltenen, Caspar Weinmarn vnd durst¬
2152 1198 3205 1303 Zimmermann wegen entwendten Reßis¬
2159 1270 3198 1375 Erm Siechenhauß und anderen Vermuhtlich
2159 1328 3213 1438 begangenen diebstählen den 26: Octobris
2145 1402 3245 1525 Jungsthin verrichteten Examens, so viel ersehen,
2146 1471 3223 1562 daß diesere Gesellen Ihr hertz nit Völlig ge¬
2156 1534 3206 1648 raumbt vnd dero wegen Ihr Gnl. belieben
2134 1598 3181 1712 Wollen Mi Hhl. Heumblicherer Steiger
2154 1689 3224 1781 auff zutragen in mehreren an diesere Gesollen
2155 1733 3204 1844 zusetzen, und selbige mit der Lähren Marter
2134 1791 3227 1929 fecken gelaßen; Alß hatt hierauff Musfl. Era
2145 1879 3206 1984 minator zu folg erhaltenen Befelcht vom 10ten
2129 1932 3234 2062 Novembris mit Zuzeuchung Ihr Getl. dienern
2869 2045 3231 2156 H. Großweiber
