4032 3024
788 573 917 675 298
1024 599 1928 756 Suarqueritha Berlincorst
1238 686 1499 786 Von Biel
896 762 1978 916 hierauf wurde auch wegen dieses dies¬
922 867 1989 994 stahls examiniert Margrithe Berlinconst
920 940 1995 1079 ein Junges 48. Jähriges Mäÿdtlin von diee
917 978 1256 1082 und Befragdt
913 1044 1810 1191 Wie es das Vere gelehrt kennen
883 1143 1948 1270 Sie habend bey der Frauwen von Bierre ein
910 1218 1780 1334 Jahrlang neben Ein anderen gedinnet
917 1294 1610 1408 Wo es hernach hinkommen zu
910 1383 1947 1519 Zu der Frl. Hauptmannin Maynnen auf
902 1452 1920 1552 dem Kaßmarit, welche als sie hinunder ins
911 1513 1951 1624 Argänw gereiset, Ihme befohlen, daß es solle
887 1566 1939 1687 Lehrnen Coiffure und dergleichen Leinwaadt
887 1645 1903 1741 gletten, so wolle sie Ihns hernach wider in
895 1696 1918 1807 dienst nomen; darauff es sich nach Biel
895 1752 1951 1867 und von dannen wider alhargen Hern begeben
908 1808 1943 1934 zuschanwen, wo es etwann das gletten lehrnen
881 1883 1028 1966 könne.
1672 1937 1825 2066 L.
2056 679 2184 785 299
2195 697 3293 839 Wie es dann Widrumb zu dem Verein komei
2200 803 3290 936 das Verein habe zu Ihm geschickt, und Ich sagen
2188 890 3237 995 aßen, es wolle Ihm ein paar Zemblis Ermel
2182 954 3253 1032 zu machen geben, und als es umb Mittags Zeit
2177 1020 3249 1116 zu dem Verein kommen, habe das selbige Ihme das
2158 1071 3233 1175 Kindt zuhalten geben und Ihns gefragdt, Ob es
2168 1127 3264 1231 dürstig seye, darauff selbiges in einer bouteille
2171 1197 3240 1297 ohngefehr ein halbmaß wein auß dem Keller
2173 1256 3237 1360 gereicht, solchem noch seye das Verein in die
2179 1309 3217 1402 stuben gangen, da underteßen es dem Kindt
2173 1377 3235 1478 in der Nebendstuben zueßen geben; Baldher¬
2167 1440 3244 1530 nach kome das Verein wider in die Nebendstuben
2174 1503 3226 1598 und bringe Ihm 32 thrl. und sage daß es selbige
2165 1545 3211 1659 wie auch 4. Thrl. für Ihns auß des Herr Haupt¬
2171 1631 3216 1717 manns Schreibtisch genommen, Nachdeme aber
2162 1675 3241 1782 das Verein die Cassette und den Schreibtisch nicht
2167 1746 3190 1844 widrumb beschließen können, und deßtwegen in
2159 1795 3229 1893 Angsten gewesen, seye es auch in die Stuben gangen
2155 1849 3216 1945 zuschanwen obes beschließen könne, so aber, weile,
2170 1925 3165 2023 die Schlußelin gebrochen, nit möglich gewesen
3055 1992 3243 2106 damahtt
