4032 3024
828 596 885 668 910
1081 625 1985 790 danns Kohler von Jegistorff
971 741 1965 900 en sten Gbris 1744. habend zu Volg
928 833 1967 976 Oberheitlichen Befelchs de 25ten Octobris, Ihr
903 889 1975 1039 Gnd. Dienere Munthl. Großweibel Imhoch
911 949 1941 1074 und der Grichtschreiber den durch den Prey
910 1009 1931 1134 weibel von hindelbanck zu Oberkeitlichen
898 1085 1928 1196 Banden gewahrsamblich alhar gelieferten
905 1144 1960 1263 Hanns Kohler von Ingistorff, wegen seiner
901 1215 1919 1333 frauwen Ableibens au Ihne Gezogenen
911 1272 1928 1387 Verdachts der Vergifftung, mit Vorhergange
907 1341 1949 1454 nem Ernstlichen Zusprechen examiniert vnd
892 1403 1363 1505 demnach befragdt
882 1468 1762 1589 Wie Er heiße und wie alt Er seye.
913 1562 1918 1665 Hanns Kohler seines Alters ohngefehrt
914 1639 1291 1737 bey 33. Jahren
917 1708 1800 1834 Wie lang Er verehnlichet gewesen?
925 1804 1600 1931 bey Zechenthalben Jahren
838 1924 1882 2047 2. Wie Er während der Ehe mit seinem Weib
873 1999 1064 2101 gelebt.
1727 2015 1830 2155 H.
2059 675 2138 770 919
2210 736 3266 845 Zimblich ungluckhafftig. dann obwohlen Er von
2185 816 3253 902 seinem weib keine Zeitliche Mittel bekommen, so
2173 877 3265 965 habe es dennoch sich Ihme allezeit widersetzt vnd
2189 923 3273 1031 seinem Willen niemahl und erwerffen noch Ehrlich
2156 989 3199 1084 haußhaltenwollen. Er hätte gar gern wie es
2170 1047 3252 1149 einem Schristen und Ehrlichen Mann gezimbt mit
2161 1100 3223 1190 Ihme haußen und leben wollen, wann es nit so
2164 1183 3214 1266 halbstahrig sich Ihme allezeit wider setzt hätte
2177 1248 3211 1361 Ob Er nit den 3ten Weinmonat an Einem
2157 1329 3129 1437 Mittwuchen zu Burgdorff ZMärit gin
2188 1414 3210 1516 Nein Er wuße dar von mit, wohl aber am
2144 1488 3258 1591 Letsten Burgdorff Märit (:Jo da wäre den 37. Octo¬
2162 1557 2932 1660 bris: seye Er daselbst zmarit gsin
2062 1597 3175 1748 E. Ob Er nit einen Gewüßen Wäber von Rohr
2145 1698 2926 1799 Hach Hannß Zirdt genant kenne.
2092 1793 3206 1902 R. Er keeie keinen Menschen von Rohrbach, seye
2149 1863 2924 1967 Aauch sein lebtag nie daselbsten Gsin
