4032 3024
811 558 903 660 152
925 617 1929 757 auch mit Anwendung der Marter exami¬
919 670 1041 764 iert
895 734 1926 899 Der Aber weder die in gedachtem Schrei¬
913 825 1914 967 ben vernambsete Persohnen, Gekennt, noch
910 875 1911 1019 einichen der specificierten diebstählen, mit
901 929 1919 1083 denselben begangen gehaben, Gantz und gar
902 1002 1315 1109 nit gestehen wollen
891 1095 1906 1215 Der Ursachen dann Muhhl. Examinator
887 1167 1907 1295 denselben anfangs mitlührer vnd Einfacher
880 1221 1836 1345 Marter hernach auch mit dem 25. At. d9
885 1295 1898 1387 35. A  und zu letst mit dem 50: td9 stein
886 1352 1867 1478 zu 4. Vnderschiedelichen Mahlen fecken und
880 1396 1877 1531 außziechen laßen, und demnoch an der
869 1464 1278 1567 Martar befragdt
871 1550 1855 1638 Ob Er nit das Barbl. Moser und seinen
871 1612 1857 1703 Mann den Hannß Müller kenne vnd vor
869 1651 1694 1774 etwas bey Ihnen zu Surser gsin seye.
874 1750 1851 1876 sein Erkenne Sie nicht, vnd seye niemahl
865 1811 1478 1922 zu Bursen bey Ihnen gsin.
1588 1899 1720 2032 E.
2025 641 2127 756 159
2165 688 3278 845 ObErmit den Hannß Spfister sonst Zurich haus¬
2147 777 2584 879 in Genant, kenne
2097 839 3196 956 Anfangs sagdte Er kein, Erkenne denselben
2128 926 3201 1022 mit, Nachwehrts aber bekennte Er daß Er
2131 996 3219 1089 einen Zurich hannslin kenne, Ob aber derselbe
2124 1048 2750 1152 stählen thue, wüße Er nit
2136 1162 3186 1296 Ob Er nit mit diesem Zurich hamißlich um
2119 1250 3217 1343 deßen Weib, zu zustikon bey Brembgardten
2126 1307 2934 1412 in des Pfasten hauß ein gebrochen
2132 1395 3201 1510 Nein Er muße nit wo dieses Ohrt seye vnd
2117 1466 3160 1574 Ob Ein Pfast oder frediant daselbst wohne
2144 1575 3154 1678 Ob Er das Barbli Liebistein des Hanns
2101 1641 3219 1747 Pfisters oder Zurich hannslis weib nit kenne.
2077 1727 2736 1824 R.kein Erkenne Sie nit
2152 1818 3132 1951 Ob hr. den Biebsch Johannes Alli von
2105 1922 3133 2011 durthen, Reinacker- Vnd Arwangen Peter
2107 1966 2353 2052 nit kenne
2496 1969 3172 2096 R. Nein Erkenne keinen von
2957 2065 3118 2148 Denen
