4032 3024
782 545 890 639 266
937 598 1999 785 Statt gehen, Es seyend Maydtlin dorth die mit
919 696 1983 866 Ihmereden wollen. Wie es nun mit dem Menschen
936 751 1955 903 uuff des Kohlers hubelin komen, seye das Anni
919 823 1964 959 inder mit noch zweyen anderen dirnen alda ge¬
923 880 1983 1022 wesen, und habend Ihns hin und her schicken wollen
900 949 1979 1078 Es seyn aber nirgendts hin, als zu des Schirmers
917 1011 1981 1151 diener gangen und als es daselbsten die begehrten
917 1068 1983 1205 5. b. nit bekommen habe es noch vmb 4. b. so es
917 1107 1935 1270 noch gehabt Kaß und Brodt kaufft und Ihnen ge¬
907 1171 1072 1278 bracht.
872 1285 1929 1409 E. Ob Es mit gewußt daß in denen brieffen
895 1348 1931 1480 Geldt geforderet werde, und daß dises schlimme
901 1424 1923 1540 brieffen seyen, und es deren Zutragen sich
904 1478 1296 1574 müßigen sollen.
923 1583 1965 1691 Nein, Es habe gar nit gewußt, waß darinnen
896 1637 1948 1758 geschrieben seye, biß daß des Schirmers diener
890 1700 1955 1826 Vndder Ihr Edeach Ihme gesagdt, daß dieses
881 1766 1931 1880 schlimme brieffen seyen vnd daß es selbige Ze¬
886 1832 1403 1940 tragen müßigen solle.
1692 1908 1822 2016 2.
2057 667 2155 766 267
2249 729 3192 840 Ob Es oder sein Mann schreiben können.
2215 840 3210 943 Nein noch weder Es noch sein Mann können
2192 892 2391 998 schreiben
2218 991 2891 1096 Wie viel Kinder sie haben
2228 1091 2773 1221 Noch funst unerzogne
2224 1194 2839 1321 Wer Sie Jetzund er nehre
2222 1313 3212 1410 Es wüße es nit der Knab Verkaufe alles
2170 1371 3219 1477 waß Er könne, daß Er Ihnen darumb zu Eßen
2164 1432 2456 1529 kauffen möge.
2539 1435 3140 1539 Bahtt darauff imnständigst:
2158 1497 3208 1598 Weilen Es gantz unschuldig in diesen handel
2168 1561 3169 1656 komen, und nichts von diesen sachen gewußt,
2168 1630 3222 1730 Sittemahl es sich nit einbilden können, daß sein
2152 1680 3213 1757 Mann mit dergleichen handlen umbgehe, daß
2165 1740 3221 1846 eine hoche Oberkeit Ihns wolle in Gnac ansachen
2159 1802 3202 1890 und widrumb heimb zu seinen Kinderen laßen
2163 1867 3154 1973 damat es selbigen auchfahl und raht schaffen
2146 1919 2295 1999 könne
