4032 3024
812 591 913 663 4
901 618 1976 815 E. Warumb es aber niemands geruffen Vnd
793 739 933 832 begehrt
974 743 1639 854 daß mann Ihm zuhulß komme
983 825 1922 970 Es seye Ihme nit der Seine daran kommen.
959 956 1876 1072 3b Niemand im Genach oder sonsten im
929 1010 1163 1102 hauß gsin
933 1097 1887 1235 Es seye noch ein Kindt von 5. Jahren, vndt
928 1174 1938 1300 Ein bub von ohngefehrt 12. Jahren im Koll
928 1240 1534 1333 hetth gelegen und geschlaffen
946 1322 1910 1460 Ob Es der Meisterin, als selbige wider ins
904 1391 1435 1511 Hauß kommen geruffen.
871 1481 1886 1634 R. Ja, es habe Ihra gerußen und auch das Kindt
905 1571 1105 1649 gezeigdt.
871 1635 1950 1795 eilen nun dieses Mensch ohngeacht alles ernst
895 1731 1943 1868 lichen Zusprechens auf dieser Vergicht beharret
886 1813 1805 1928 und nichts anders bekandtlich seyn wwollen
1582 1907 1744 2006 hatz
2030 680 2123 788 185
2154 713 3257 830 at Muhh. Examinator selbiges hinauf zur
2146 788 3211 871 Marter führen laßen, und mit Vorstellung des
2141 853 3246 939 Scharpf Richters, auch betröunbung vnd Zeigung
2150 936 3238 1018 der Marter nochmahlen ernstwöhrtig vermahnt
2139 968 2718 1074 die Wahrheit zu bekennen
2122 1050 3182 1143 Vor auf es bezeuget, daß wann es nur ein
2144 1115 3151 1208 Dingelin wüßte, so wolte es solches anzeigen
2147 1187 3232 1304 wurde als demnach weiters befragt: Ob Es ni¬
2158 1265 2823 1364 mahls bey keiner Genißt gsin
2179 1355 2602 1455 Nein Niemahlen
2157 1452 2768 1559 Wer sein Kindt abbunden
2183 1551 3135 1662 die Nachbäuwrin so die Meisterin gereicht.
2156 1667 2905 1769 3b Es sein Kindt nit verwahrloset?
2071 1756 3149 1843 R. kein; solches seye Ihme nie in Sinnkomen
2111 1824 3037 1955 Wie Mann aber beßere gedancken habe.
3044 1868 3184 1950 könne
2123 1914 2953 2031 als, daß es müße willens gsin seyn,
2980 1938 3208 2020 sein Kindt
2963 2002 3181 2087 zu Verderben
