4032 3024
813 587 898 677 74
931 679 1929 827 b Er nit wuße Wer noch mehr von diesen
902 755 1313 856 hueten genomen
917 853 1912 997 Er muße von Niemands anders, der auch
888 929 1890 1049 Einen habe, als sein gespahn so auch in der
898 990 1372 1101 Gefangenschafft seye
900 1077 1866 1209 Ob Ihme nit bekannt und in wußen seye
913 1164 1807 1267 daß Inmands andere sachen genommen?
911 1242 1281 1347 Nein Gar nit.
917 1374 1830 1510 Waß Er bey der Femners Brunst ver¬
885 1444 1043 1523 richtet
892 1516 1870 1655 Anfangs habe Er bey der Frucrsprutzen
884 1609 1830 1720 geholffen, welches der Mstr Baumgardt¬
888 1644 1751 1773 ier und Melcher Bucher sagen können
877 1735 1856 1856 Warvumb Er den huet nach deme Er den
862 1808 1873 1933 Oberkeitlichen willen und befelch vom 2 antzol
1523 1915 1886 2021 Verlesen gehört
2015 648 2119 768 175
2340 1215 2399 1228 Johannes Studer
2106 685 3189 796 Verlesen gehördt, Wider gebracht vnd dem
2125 775 2859 876 Vste von Greyertz zu gestellt.
2094 852 3252 986 E. Er habe dieses befelch mit gehördt gehabt, sonder
2125 938 3199 1050 ren erst vernommen, deß wegen Er verwichenen
2124 1020 3231 1117 Denstag schon seine Cassaggei angelegdt gehabt
2127 1070 3186 1177 und in die Statt gehen wollen, selbig den huet
2119 1127 2872 1230 zu bezahlen oder widerzugeben
2315 1228 2850 1340 Johannes Studer
2342 1301 2691 1400 von utzigen.
2119 1228 2120 1229 zu bezahlen oder widerzugeben
2094 1435 3231 1556 Wurde befragdt. Ob Er nit bey letzsterctstandener
2092 1519 3186 1622 frunders Brunst einen Neuwen huet genomen?
2059 1589 3166 1740 R. Alß Er vor dem hauß an dem Schluch gezogen
2094 1690 3186 1789 habe H. Werckmeister düntz zu Ihnen gesagdt
2095 1755 3174 1859 sie sollend die Leitheren hinauff steigen, Es seyn
2101 1829 3177 1908 noch feiner under dem Tach, nachdeme Er nun
2098 1877 3202 1991 hinauff komen, habe Er daselbsten den huet außge¬
2098 1942 3164 2062 legdt, dann Weilen Er gesuchen, daß schon in Eint
2908 2043 3183 2143 vnd andere
