4032 3024
791 547 901 654 294.
988 621 1745 763 Es habe nichts veruntreuwet.
946 743 1990 878 Warumb Es dann bey Herren Hauptmann
928 828 1927 948 Müller sich so schlim Verhalten und den
925 876 1349 969 selben bestohlen
931 949 1969 1070 Es seye Ihm hertzlich leid daß es sich daselbsten
926 1030 1973 1140 so übel vergeßen Es bekenne t, daß es die
907 1095 1945 1192 Thäteren dieses diebstahls, und denselben be¬
910 1154 1962 1250 gangen habe; wolle auch alles wie es darmit
1636 1221 1814 1276 Als hezstl.
898 1215 1927 1328 hergangen aufrichtig bekennen; Er seyn der
890 1266 1954 1374 H. Hauptmann vnd die Frauw Vert der Statt
901 1350 1960 1455 gsin, und es allein Eym Kindt sich im hauß be¬
901 1413 1949 1510 funden da seye die Margrita Berlincoust so
893 1465 1944 1581 hievor bey der frauch von Bierre neben Ihme
893 1520 1955 1647 gedienet zu Ihm komen, die sage sie seye dürstig
902 1605 1958 1698 deßtwegen es in einer Boutaille eine halb Maß
809 1652 1914 1765 Wein auß dem Keller geholt, wie es nun den Stel
890 1722 1965 1848 Keller Schlußel widrumb in die stüben getragen
888 1776 1941 1898 seye der Schaftschlußel auf dem Tisch ge¬
895 1837 1957 1951 legen, denes genomen vnd darmit den Schafft
974 1905 1554 2013 mnisch befrogt ob es dürstig seye,
1711 1926 1941 2037 gröfnet
2072 670 2167 758 295
2176 680 3284 814 gröffnet, in welchen der frauwen Casselte Schlüßelin
2186 778 3283 892 gehangen, auff solches habe Es die Cassette auß gethan
2185 833 3243 961 des H. Hauptmanns Schlußel zum Schreibtisch¬
2185 899 3288 1014 darauß genommen, darmit den Schreibtisch großnet
2194 958 3274 1080 und fur sich 8. Ihre. darauß entwandt anbey noch
2174 1017 3281 1127 32. Ihrl. daraufgenommen vnd dem Margritha
2186 1110 3259 1202 geben Nachwehrts habe es den Schreibtisch vnd
2179 1146 3270 1252 Cassetta nicht wider beschließen können, sondern
2180 1215 3262 1319 das Margrithen Vnd Es haben die Schlößlin ver¬
2182 1283 3046 1381 derbt und die Schlißelin abgetraydt
2180 1358 3253 1482 Ob Es oder das Margrithe den Anschlag geben
2165 1443 3211 1549 über die Cassette vnd den Schreibtisch zugehen
2173 1542 3235 1637 Es habe solches von Ihme selbst gethan. Bekennte
2153 1602 3221 1701 auch daß die Kinden Mutter Elsbeth vnd Es schon
2158 1660 3215 1753 am Abend zuvor, ehe es den diebstahl begangen
2140 1734 3184 1819 Den Stuben schlußel heraußgeschlenckt damit
2148 1778 3229 1882 sie in die Stuben kommen vnd den Kellerschlüßel
2152 1834 2491 1934 nemen können
2095 1912 3225 2031 D. Ob das Margrithe darbey asin, wie es die Cas¬
2135 1973 2935 2077 sette vnd den Schreibtisch geöffnet:
3028 2034 3131 2144 H.
