4032 3024
767 545 891 661 212
945 524 1987 769 die Lendigen that derubt und Untheistenlich Gehandeit, dasihe
952 680 1954 867 Aso fahr erschrocken, daß als ein Pihut in die Angen Gesoge
940 755 1950 927 und vor Ihn vorbey biß An Gatter Gelossnn, Ees wolle Abe
923 842 1971 1045 Io Vest int darauf bestehen, Sondern die Sach bewerd iht rachte
927 933 1940 1145 erfahren, und mit da damensich begeben, bißd es die Nochngentich
928 1030 1954 1222 waße; das morgends darauff so da ware Am Montag-
919 1111 1927 1315 Habind die Maysteinin der bunden Gejetten, und wie sie die
923 1220 1917 1376 bauwein zu Ihnen kommen, Grinen und mit einenden Angen
927 1300 1945 1471 Ihra diesach Angezeigt, darauff seynn Ihre machs und daß
928 1395 1919 1543 Am Montag Abends mit einandern in Stall Gangen Genlige
922 1452 1875 1606 der Schlupz Aber seynselbige nacht mit in Stall komen, Am¬
909 1548 1914 1719 Dinstag darauff wann sie sich in betriege, habens sin bätter in
916 1637 1935 1807 Stall vbernachtet, Am Mittwochen Aberseye das Marey Alein
911 1731 1858 1907 emnblich im Stall gelegen, da dann der Slup Auch dahin
882 1796 1923 1976 komen, und habe wie das Marey Ihnen Morndrest Angezuigt,
1670 1932 1889 2085 5
2050 667 2134 737 113
2161 663 3193 814 Imn Stall Allzeit etwas Gesucht, biß daß ser Ihns zu Lutst
2158 759 3195 908 Gefunden, dasalbese, Vosteinestens Lang mit Ihme Gered und
2158 845 3265 998 Under Auberen Ihns Gefragt, Wrannes etwas 6ohes von Ihm wißte
2146 941 3238 1084 Obrs Ihms wolte Außbringen, Auch darauff hin Ihme Unsucht
2155 1013 3229 1141 zugemichtet, vnd Gesagt es solle mit Ihm Vort zum and Auß Er
2137 1102 3230 1234 Aber habemut wollen einwilligen, Sondern Ihne Geheißen zu sinden
2106 1183 2348 1289 Weiblhahen
2347 1170 3227 1304 Am Freytag darauff seyn das Marerschon
2137 1255 3218 1385 Schehin Gemolchen inein Kleinesfallin im Stall, Allernecht bey der
2110 1327 3220 1475 Ihno Gangen Gentigen, dasie nun zunacht Geßen Gehabt seyn der
2123 1410 3211 1557 mann zu bett Gangen, und bals darnach, habe die Fram der mag
2120 1505 3150 1628 bekohlen Auchschlassen zu Gohen, der Shlugz Aber seyn noch Ander
2108 1571 3131 1708 Derthurschwellen Geseßen, Dasie nun etwann bey einer Kieine
2099 1657 3185 1794 halbstandin Bett gewesen, kann das Mlarey Elends zumfnsten
2093 1728 3161 1906 Greiun Gelauffen, undsagn  Insusus ist wider Geschehl. Er hat
2099 1808 3143 1972 die sach begangl. Es habe gesehen, daß er um Ladlem Auf¬
2117 1880 3187 2058 din bhihte Gelagt, vnd daß die Ihno jender sich Gestanden darauffe
