4032 3024
767 549 889 674 192
870 637 1935 800 gezwungen, daß Es diesen Leinwaadt hernach
929 697 1526 818 dider Verkauffen müßen.
946 798 1972 950 Ob Es nit der Frauw futerin als es einiche
926 872 1929 995 Ruchen bey Ichra als ein magdt gedienet
916 933 1692 1055 ein stuck reistigs tuch entwendt:
919 1027 1879 1157 Es habe das such im hauß wohl gesechen
917 1094 1653 1208 aber solches gar nit genommen.
899 1176 1891 1294 Vorauff die Er auco futtern Ihme vor¬
895 1249 1828 1358 gehalten, daß es Ja alhier under der
902 1311 1888 1418 Zerweren Lauben von gleichem such feil
902 1366 1924 1474 gehabt und einer frauwen Verkaufft wel¬
901 1435 1866 1526 ches sie beweisen könne; Vnd wurde zu
899 1497 1888 1606 dem End hin ein gelaßen falt bett krägen
887 1556 1865 1665 Bahl welche angezeigt, daß sie von
896 1599 1885 1721 diesem Menschen, hier bey den Zerweren
889 1668 1888 1778 auß offenem Marit etliche Ellen rauhi
887 1727 1897 1844 reistigs thuch anderthalbe Ellen breitt ge¬
879 1790 1837 1907 kaußt, welches sie bey ihre Stäcks laden
875 1861 1247 1959 Maßen laßen;
1602 1908 1739 2028 Über
2181 636 2277 720 199
2176 691 3231 785 ber welches vorhalten dieses anni Jacob
2197 786 3183 874 agdte, sein Bruder habe dieses such von
2173 827 3256 934 ennath gebracht vnd Ihme zu verkaufen geben
2167 893 3121 1004 Es seye niemahl der Frl. futteren Ism
2163 992 3186 1115 Nachdeme nun auß diesem Menschen in
2561 1059 2689 1115 mehrers
2179 1062 3261 1168 der Guthe nichts zu bringen wäre, ist selbiges
2148 1107 3246 1223 zu volg Vermög gehabten befolchs mit dem
2180 1178 3218 1300 umel Eisen gefeckt, und nochmahlen ernst
2175 1229 3248 1355 ichen zu bekennung der Wahrheit ermahnt
2160 1295 3234 1417 worden. Ist aber deßen allesen ohngeacht
2139 1353 3254 1478 lediglich auff seiner hie vorigen Bekandtnuß
2146 1437 3183 1542 mit nochmahliger bestähligung derselbige
3047 1474 3216 1530 Schechaudh
2151 1490 3210 1597 verbleiben. Oßert, daß es auff vorhalten
2155 1544 3180 1674 der gestendig worden, daß es Msten Abra
2146 1621 3170 1726 am Wyß dem Spohrer beydeme es als
2176 1672 3216 1782 ne Magdt gedienet, Eine dackbetth ziechen
2164 1740 3159 1810 ntakendt die es aber noch nit außdem
2149 1799 3219 1904 auß getragen ghabt, also daß sie solche wider
2130 1864 2444 1974 befunden. A
2136 1920 3213 2038 dieses ist nun das Jenige waß mit diesem Meischen
2128 1997 2874 2099 Verrichtet worden actum vorstaht.
