4032 3024
758 554 811 635 9
1042 525 1620 665 Daspar Sprivia
928 650 1938 806 den 19: Marty 1714. Haberid Ihr
866 731 1928 851 Gonl. dienere M. Ahl. GroßWeibel
874 796 1923 917 Imsooß und der Grichtschreiber den durch
871 862 1967 984 den freyweibel von hindelbanck, außdem
847 923 1943 1031 Buchezberg zu Oberkeitlichen Banden Alhar
860 984 1933 1077 gelieferten Caspar String und sein Weib
847 1053 1934 1143 Wegen vor dem Underrichter zu Atiugen be¬
854 1119 1936 1207 kandten und anderen beklagdten diebstählen
855 1183 1339 1267 halben examiniert
850 1255 1836 1365 Wie Er heiße, und Wo Er daheimb seye
844 1339 1886 1456 Er heiße Caster Spring, sein Vatter habe
838 1425 1885 1530 Hanns Spring geheißen, und seye zu Stästis
829 1495 1896 1584 Burg daheimb gsin aber sich nach olten bege
829 1546 1915 1654 ben daselbsten die Religion geänderet vnd
826 1607 1929 1721 gestorben: Er aber seye in der Papistischen Reli¬
828 1681 1467 1782 gion aufferzogen worden.
838 1760 1477 1882 WVohar seyn Weib seye.
847 1877 1310 1999 von Mülhaußen
1713 1967 1828 2085 E.
710 833 848 925 Nulaub
2128 630 2240 750 D.
2276 627 3327 757 Ob Sie nit vor Ihme auch schon Einen Mann
2240 708 3088 815 gehabt; und wer derselbige gewesen
2156 804 2215 906 H
2242 777 3295 914 So habe zwar schon vorhin einen Manngehabt
2223 870 3292 955 Er wüße aber nit wer Er gewesen noch wie Er ge¬
2226 932 2404 1010 heißen
2217 970 3327 1086 Repliciert, das könne nit seyn, daß eEhr nit gewußt
2219 1047 3289 1119 wie seines Weibs voriger Mann geheißen ec mit
2228 1090 3281 1192 ernstlichem zu sprechen des ohrts die wahrheit an
2208 1163 2427 1241 zu zzeigen
2231 1218 3277 1320 twort Er bätte umb Verzeichung, Er wüße
2123 1218 2211 1316 A.
2202 1281 3280 1382 Gar nit Wer seines Weibs voriger Mann gewesen
2203 1345 3305 1442 noch wie Er geheißen dann sein weib Ihme solches
2210 1383 3247 1492 niemahl gesagdt, habe sie auch mit darumb be¬
2204 1455 2377 1551 fragdt
2213 1502 3112 1634 Die Lang Erdann dieses Weib habe.
2100 1518 2190 1638 D.
2198 1596 3242 1721 Es seye verwichenen Martinstag zwey Jahr
2139 1619 2194 1720 H
2187 1680 2679 1779 Gsin, daß Er sie habe.
2134 1748 3288 1890 E. Ob Er mit Einen Namens Allen fridlin kenne
2201 1871 2353 1966 Nein
2098 1878 2180 1993 H.
2117 1955 3215 2097 E. Ob Er nit den Rohtzeiger, Wie auch das
3010 2057 3194 2169 Moch p
