4032 3024
874 579 1946 701 Ob Er mit droben zu Zimmerwaldt und auch
866 675 1931 801 vor der Ehrbahrkeit alhier gesagdt der Wahlli
863 737 1784 856 habe seinem Weis die frucht abgetriben.
855 826 1881 950 Er könne nit sagen daß der Wahlli seinem
855 901 1913 1018 Weib die frucht abgetriben, sonderen daß Er
850 954 1869 1067 darbey gsin als Ihra die frucht abgangen
853 1033 1949 1139 und sie selbige begraben; Er wuße auch hier¬
838 1081 1911 1191 von Eigentlich mit anders, weder waß der
852 1159 1897 1261 Waltl, der Galandee zu Oberburg selbsten
847 1206 1850 1331 bekennt, und sie Ihme Bucher angezeigt
830 1285 1885 1393 beharrete auch Vest daruff, daß Er gar nit
842 1351 1872 1453 sagen könne, daß der Wahlli seinem weib
833 1414 1336 1508 die frucht abgetriben
825 1476 1849 1598 Im übrigen bezeugete Er höchlich daß Er
830 1552 1918 1655 sein lebtag gesucht sein weib und Kinder deren
813 1640 1917 1721 Er 6. gehabt mit seinem Zewerb Ehrlich durch
816 1682 1882 1786 zubringen, habe niemanden Jemahlen das
823 1754 1874 1838 geringste entwendt, ohngeacht Er bißweilen
817 1811 1825 1917 langweirige und schwahre Kr anckheiten
1289 1886 1619 1979 außgestanden
1689 1923 1821 2001 auch
2088 617 2188 727 13.
2222 671 3364 780 auch Unglück gehabt, maßen Ihme ohnlengste,
2218 747 3325 840 zu Vnderseen sein geldtlin wormit Er gewer¬
2203 794 3314 905 tet, alles entwendt worden. Sittel anbey
2194 857 3312 972 Gott und eine hoche Oberkeit umb Verzeichung.
2397 1008 3145 1146 arivis Maßerlir
2494 1090 2988 1214 Von Hertzensee
2146 1203 3326 1324 Den 42. Marty 2714: hat dich Merhl
2183 1295 3306 1398 Groß weibel Jnsoof in die Gefangenschafft
2185 1347 3267 1449 begeben umb zu volg Oberkeitl. Befelchs
2173 1406 3256 1521 vom 10. Dito, den, von wegen begangenen
2171 1476 3311 1585 Nachtlichen Einbruchs in H. Kyrurgi Matthey
2174 1541 3317 1643 Keller gefängtlich enthaltenen Hannß Mäßer
2174 1626 3307 1713 Ein Wie auch Christen Gernter Mt. ithl. alt
2137 1673 3216 1755 Landtrogten Stettlers von Grandion sel.
2162 1733 3285 1834 Knecht so vermihtlich den diebstahl versteckt
2158 1795 3257 1917 haben soll, zu Examinieren, da dann Erst¬
2161 1859 3222 1985 lichen vorgelaßen worden der Hanns
2990 1981 3245 2101 Mäßerlic
