4032 3024
769 595 875 713 996
921 631 1957 790 Mösch kaußen. Da habe dieser Kerli gesagdt
908 719 1971 854 es seye bym Siechenhauß ein Resti das wohl zu¬
904 795 1960 929 bekommen wäre, allein Er wohle Ihn nit heißen
904 861 1300 958 selbiges memen
882 948 1988 1096 Wo sie mit dem übrigen Kupfer hinkommen
894 1051 1962 1167 zumahlen das keßi wohl bey Einein Candtner
898 1114 1118 1213 zenhogen?
927 1188 1951 1321 Er habe noch 11. tb. einem Kucfer schmidt
1599 1279 1744 1333 bintsho
882 1289 1946 1374 zu Burgdorf, mit dem Nächsten, sonderen dem
894 1335 1937 1455 anderen, das Pfundt umb b. b. verkauft,
887 1401 1924 1514 das von Er dem Weinmann für seinen Theil
881 1474 1271 1572 ein Thaler geben.
934 1553 1919 1671 Ob der Küpfer sch midt Ihne nit gefragdt
893 1629 1631 1731 wo Er dieses Kupfer harbringe
928 1718 1906 1815 Ja, allein Er habe ihm vorgeben, Er bringe
883 1770 1936 1886 selbiges von Zutzwyl alda es in der brunst
865 1835 1001 1936 gsin.
2034 657 2165 762 R4
2212 707 3250 822 varumb Er das übrige Küpfer nit auch ge¬
2176 789 3202 903 Burgdorff getragen vnd daselbst verkauft:
2112 865 3254 992 d Sie haben zu Burgdorf eine liechte Gewicht
2176 944 3199 1059 und derowegen Vermeint zu Laugenthal ein
2180 1005 2614 1094 mehrers zulösen.
2083 1080 3274 1184 D. Wie Bald sie, nach deme Sie das Resti genomen
2181 1145 2953 1232 das Kupfer darvon Verkauft haben
2209 1202 3249 1307 Über Monderst, so am Montag her nach gewesen.
2082 1315 3212 1441 E. Ob Er nit noch Erth und anders Kupfer mehr
2160 1405 2404 1482 Verkaufft.
2167 1464 2726 1595 Ertst mit aber Kupfer
2177 1582 2773 1692 Wo Er selbiges Genommen
2173 1641 3193 1774 Er habe von einem Mann so Bäsen getragen
2149 1724 3196 1811 bey diebolts haußen Ein Res; vmb 1. thr. ge¬
2148 1790 3232 1888 kauft welcher selbiges von Neiungg bey Ruep
2160 1841 3154 1940 auf- Aun auß einer Brunst gebracht, dieses
2148 1903 3204 2009 Resti so bey 8. A2 gewogen, habe Er nachwehrts
2139 1962 3160 2062 in der Kupferhamer schmitten alhier an der
2888 2027 3100 2119 Matten
