4032 3024
799 565 890 644 274
919 634 1934 810 Ob Er dann nit Kurbsen hineingetragen
860 725 1967 889 R. Er habe wollen kürbsten die Ihnen von Ihren
896 801 1975 959 frunden zu könt geben worden alhartragen sel
910 860 1634 976 bige aber underwegen abgelegdt
928 933 1955 1066 Warumb Er die Kürbsten underwegs von
892 1009 1965 1135 sich gelegdt, und darvon geflohen seyn. Zweisfels
889 1079 1670 1195 ohn wurde Er selbige gestohlen haben.
847 1166 1908 1334 H. Anfangs wolte Er gar nit gestehen, daß Er
884 1261 1949 1374 diese Kurbsten genomen sonderen, das Weib habe
883 1310 1955 1436 selbige zu komp geholt und Ihmeselbige in Sul¬
883 1393 1918 1502 genbach Alda sie damahl übernachtet zu Ihm ge¬
873 1441 1952 1565 bracht, Er aber seye wegen den Provoen geflochen
878 1503 1903 1614 teilen Er offters bättle dar von sie Ihn abge
877 1547 1939 1679 mahnt, und deßtwegen Ihre scharpf betröuckt
859 1614 1895 1721 Nachwehrts aher auf beschechenes Frnstliches
874 1673 1903 1809 zusprechen Eatt Er bekandtlich worden, daß Er
868 1732 1536 1851 diese Kurbsen entwendt habe
838 1809 1701 1939 Sie viel Fürbßen es gewesen seyen?
895 1885 1193 2007 funs zihlige
1706 1964 1824 2098 Z
2063 663 2156 750 975
2174 713 3256 844 Ob Er nit auch dem Müller Gurdtner gestohlen
2164 813 2291 882 habe!
2182 865 3270 999 Er seye Verudgigen Jahrs im Höuwet alda gewe¬
2173 946 3241 1046 den da in der Zeit dem Gurdtner i. Sägeßen
2161 1004 3247 1098 und 2. Wagenlung hinweg komen deßen mann
2143 1079 3191 1165 Ihne zwar Beklagdt aber gantz unschuldig, zu
2167 1119 3056 1219 nahlen Eir diese sachen nit genommen habe
2185 1209 3246 1340 darumb Er nit in seiner Gemeind bleibe.
2084 1308 3217 1432 R. seye daselbsten nichts zu verdienen, Er wollte
2145 1380 2473 1485 gern Arbeiten
