4032 3024
856 610 931 695 90
1030 683 2015 823 Ein Große reistige Bettziechen, Ein haubt
1035 756 2001 886 fuß ziechen und zwey Leinlachen vndte
1043 816 1473 927 Stick Kalbfleisch.
1041 910 1987 1010 Wo es mit diesen sachen hinkomen vnd
1031 978 1622 1089 Wemn es sie verkaufft.
1045 1090 1982 1216 das fleisch habe es gäßen die beyde Ziechen
1020 1162 1942 1263 dann habe es Einer Wöscheren an der
1026 1222 1963 1321 Matten vnd zwar die Betth ziechen vmb
1035 1275 1971 1389 einen thrl. Verkaufft die haubtkußziechen
1030 1341 1991 1445 aber gegen Einer anderen so seinem Bruder
1013 1406 1488 1505 gehördt vertauschet.
1020 1472 1968 1583 Die Keinlachen habe es auch verkaufft, das
1020 1545 1932 1634 Einte einer Argönwer frauwen, die es
1019 1600 1966 1689 mit kenne, das andere der Steinhauwer
1016 1672 1949 1751 Anneli bey des Mäußlisbaad die Ihme
1023 1704 1501 1805 5: b. dasfur geben
1019 1825 1956 1934 ie es gemacht daß es zu Belp diese
1021 1887 1522 1988 sachen nemen können
1763 2007 1850 2113 L.
803 1222 978 1294 Namant
804 1281 997 1366 Veronegg
2066 660 2167 758 191
2233 728 3200 846 Es habe dem Wurth angehalten, daß Er
2220 812 3237 915 Ihns übernacht beherbrigen wolle, da habe
2212 874 3164 965 Es am morgen fruhe die sachen abdem
2212 942 3108 1032 betth genomen vnd dar von gangen.
2849 1018 3086 1114 vnd böhrer
2206 1074 3185 1185 Wein Es die Schrött Eisen Genomen, so
2216 1138 2844 1242 mann bey Ihm gefunden.
2207 1228 3159 1334 dem Zimmermann Hannß Moser so bey
2212 1292 3157 1419 der Hauptgruben wohne; bey dem Es sich
2196 1357 2709 1480 zu weilen zugezogen.
2731 1460 3020 1542 diebstahl auch
2201 1503 3196 1618 Ob Es mit noch anderen sachen anAnderen
2192 1581 2584 1693 Ohrten verübt.
2207 1668 3158 1790 Nein Es habe sonst niemand weiters
2187 1759 2619 1849 etwas entwendt.
2708 1835 3084 1948 Dden 96e
