4032 3024
799 512 829 593 90
1022 510 1736 668 Christen Stahr von
1099 610 1514 734 Oberhungen
895 707 1962 875 Die weilen Vorgedachter Hanns Racher
899 783 1959 928 dem Mitr Lantzen und Refcknecht gesagdt
886 834 1929 958 hätte, daß der Jenige Mann so vor seinem
883 887 1900 1004 Mägelin ein högeriges Roß habe und alle
875 960 1953 1069 wochen darmit pflege in die Statt zukommen
873 1018 1961 1147 dieses Kohrn hinweg getragen; alß ist selbi
870 1076 1893 1214 ger auch eingezogen und den 22: hujus¬
875 1137 1583 1249 darüber Examiniert worden
862 1216 1889 1357 Wie Er heiße, wo Er daheimb vnd wie
868 1300 1140 1405 alt Er zeuge
849 1371 1897 1512 Er heiße Christen Spahr von Oberhungen
859 1463 1919 1592 ein Schindlen macher, seines alters bey 25.
853 1524 1036 1614 JAhren
850 1623 1940 1757 Ob Er denn Hanns Kächer einen Alten Mühli
853 1692 1309 1793 Rahrer mit kenne
862 1764 1408 1884 kein Erkenne Ihn nit
846 1866 1887 2026 Ob Ihme nit ohnlengsten ein gewußer kerl
1732 2005 1810 2089 Ein
2066 603 2166 703 61
2181 643 2828 784 Ein Mutt kohrn geben?
2101 764 2173 899 R.
2195 767 3336 899 kein, Es habe Ihme niemand kein Kohrn geben.
2169 842 3310 973 Repliciert und Wann mann Ihme derselbigen
2191 933 3307 1033 kerli vorstellte, der Ihme solches under auge¬
2190 998 2383 1087 erhielte
2244 1025 2996 1155 Es seye doch gantz und gar nit¬
2136 1080 2176 1143 A
2103 1149 3315 1287 D. Ob Er nit verschinnen Montag 8: tag mit seinen
2175 1238 2856 1340 Roß hier in der Statt gsin
2114 1315 2174 1427 H
2178 1297 2683 1421 Ja Er seye hier gsin
2107 1414 2847 1522 E. Waß Er alhier gemacht habe
2109 1488 3214 1611 R. Er habe Schindten in die Statt geführt vnd
2167 1542 3252 1640 hernach denen Baunren Kindbetthi gefaßet
2172 1614 2770 1719 und wider heimb geführt
2182 1660 3237 1799 Ob Er nit damahls auch bey dem Neunen
2071 1687 2170 1797 E.
2157 1757 2506 1848 Gebauw gsin.
2175 1789 3271 1924 Ja Er seye da hinauff gangen und habe seinen
2090 1826 2153 1935 d
2176 1877 2728 1981 Bruder da oben gesucht.
3046 1957 3248 2051 dinstag
2083 1945 3047 2070 E. E. Er nit Morndrigen tags als am
3055 2014 3235 2099 darauff
