4032 3024
807 581 904 648 900
928 623 1962 800 damahls habe es schon sich gegen dem Verein be¬
925 697 1951 854 klagdt, daß es Ihns als ein Junges Mäydtlin
928 762 1964 913 deme diese sach niemahls wart zu Sinnkomen
921 831 1968 984 in ein solches unglück verleitet. solchem nach
896 889 1945 1020 habe das Berein Ihme die Schlußelin geben
915 959 1951 1082 selbige bey einem Weiß Keßler wider löhten
904 1014 1934 1140 zulaßen, Es habe aber solches nit thun wollen
902 1072 1926 1209 sondern die Schlußelin dem Verein alsobald
911 1139 1275 1241 Wider zugestellt
916 1236 1944 1331 Ob Es nit in der Stuben gsi, als das Verein
903 1293 1795 1406 zu erst den Kellerschlußel genomen?
895 1388 1949 1513 kein seye nit darbey gsen, auch damahlen nit
893 1459 1965 1565 wie selbiges über die Cassette und den Schreib¬
888 1525 1944 1639 tisch gangen, sonderen das Verein habe Ihm
889 1583 1962 1691 wie Verdeutet die 3ten thrl. in die Nebendstuben
882 1637 1086 1737 gebracht.
799 1713 1970 1841 E. Wie es sich bey der Frauwen von Bierte vnd
874 1794 1763 1915 Frl. Hauptmanning Mayenen verhalten
1704 1912 1839 2037 H.
2060 692 2151 758 901.
2197 728 3272 861 Allezeit fromb und Ehrlich, die auch solches von
2171 836 3244 921 Ihme Zeugen werden, und seyn habe sich allein an
2171 873 3274 963 diesem ohrt so Groblich übersachen vnd verführen laßen
2171 937 3294 1048 daß es in dieses unglück komen so Ichme aber hertz
2185 1002 2469 1094 lich keidt seye
