4032 3024
760 532 872 635 258.
938 603 1954 772 Wo und an Welchem Ehrt, es den 3te Septoris
912 670 1408 774 etsthin sich auff gehalten
921 743 1977 884 Es glaube, Ebseye damahls zu bignann gefan¬
907 800 1094 894 gen 9 sie.
929 899 1807 1021 Ob Es niemahle zu Atisweyl gewesen.
918 975 1965 1110 Es seye nur ein Vorbeygang da gsin, sich aber
890 1045 1382 1150 alda mit außgehalten
887 1142 1754 1270 Ob es nit ein Zeitlang dort gebliben
877 1211 1950 1341 Anfangs wolte es nicht gestehen daß es sich dorth
885 1278 1971 1411 außgehalten Nachwehrts aber gestühnde es, daß
886 1349 1971 1482 im Durchreifen es dorthen Eym Baren übernachtet
882 1409 1940 1566 er daselbsten bey Ihme gsin, ob Es mit herren
883 1493 1387 1594 von Sollothurn gewesen
869 1599 903 1647 .
904 1579 1883 1693 Seyend keine herren dagsin, auch sonsten
877 1656 1954 1753 nemand anders als einer auß der Kelchöri Watte
875 1700 1907 1810 wigl namens Christian, welcher daselbst auffge¬
856 1749 1964 1885 pihlt habe, und ein Mensch so nach Straßsurgreiste
850 1856 1932 1997 Ob nit H. Landtvogt von Wangen Ihns wegen
1715 1970 1909 2071 seines c.
2048 684 2129 767 159
2154 664 3299 778 seines alda geführten Schlimmen Lebwesens, von Attis,
2145 746 2658 858 Weyl fort weisen laßen
2161 843 3256 934 Nein, so fehrn seye es, daß der wührt daselbst
2118 923 3237 1027 Ihns in seinen die nst nomen und dingen wollen
2125 954 3066 1075 hätte also noch wohl lenger bleiben können
2152 1056 3203 1173 Es werde Ja die Brieffen zu Attiswyl haben
2133 1131 3226 1239 schreiben laßen; Sittemahl darinen stehet daß Sie zu
2121 1206 2695 1309 Attis wyl geschriben worden
2151 1304 3246 1430 Nein Es habe zu Attiswegl keinen Brief angeben
2125 1385 3204 1483 sonder zu Langenbrugg, wüße auch von keinem
2118 1443 3048 1534 brieß der zu Attisweyl gescheiben worden
2164 1536 3217 1626 Ob Es nit gemeltem Laden diener schreiben laßen
2118 1601 3171 1707 ann Er keine Antwort schicke, daß es selbst auf
2135 1670 2499 1750 Hern kommen wolle
2161 1751 2834 1871 Ja, Es habe solches schreiben laßen
2146 1859 3114 1984 Weilen nun kein Antwort auß sein schreiben
2116 1955 3100 2052 erfolget, Ob Es nit deßtwegen nach Hern komen
3023 2024 3124 2131 R.
