4032 3024
805 492 880 578 132
934 591 1945 740 Waß sein thun vnd laßen seyn, und Vor¬
930 657 1365 768 mit Er sich erhalte?
911 737 1972 882 Er habe schon Zeit seben Jahren daher jedie¬
923 815 1913 943 net, und seye noch Jetzund im Dienst bey
904 889 1973 1036 Hanns Rohten am Atenbuhl hinder Thun.
956 991 1972 1131 Wann Er bey Einem Meister im dienst
908 1080 1973 1192 seye, wie Er dann zu seinen Bruderen kommen.
923 1153 1980 1303 Seine Bruder seyen vergangenen Sambstag
1321 1250 1379 1289 Lng
894 1237 1911 1350 zu Ihme hinein nach atenbuhl kommen vnd
904 1305 1961 1411 habend Ihme gesagdt, Es kome ein Mäidtlin
898 1374 1972 1481 gan Bern das wolle zu Ihm und begohre mit
895 1430 1978 1539 Ihm zugeden da habe Ihm der Meister erlaubt
895 1479 1997 1612 Zmarit zgahn, Jedoch daß Er am Zinstag wider
895 1553 1500 1665 heimb komme gan werchen.
898 1649 1957 1771 In Welchen dörfferen Sie und erwegs gsin vnd
907 1727 1400 1826 daß sie gemacht haben
819 1798 1943 1925 R. Sie seyen mit Ein anderen Gangen biß gan
872 1877 1877 1989 Nider Wichtrach, alda habe der Peter sein
1719 1939 1942 2043 Gängerer
2111 617 2224 725 183.
2244 654 3359 758 Jungerer Bruder gesagdt, sie wollend da etwann
2245 722 3342 814 in Ein Hauß hinein und einen haffen nomen, Er habe
2230 776 3190 883 zwar abgewehrt aber es habe mit geholßen
2239 853 3309 976 Wie sie es furgenommen und gemacht, daß sie
2242 928 2865 1024 in das Hauß hin einkomen
3165 983 3339 1068 schlechtlich
2260 1013 3317 1130 Es seye bey des Haußthuren ein lädlin ange¬
2237 1083 3321 1189 naglet gin da habe der Peter ein Hagel auß
2222 1139 3276 1258 gezogen und das ladlin weg gebrochen, darauf
2227 1203 3294 1308 den kleinen Buben zum Loch hinein gestoßen
2229 1271 3273 1376 welcher 2. Ehrige häösten hinaußgeben, die
2218 1336 3289 1433 der Peter abgenommen, darvon habe Er auch
2227 1400 2602 1507 einen getragen
2236 1487 3273 1597 Sie haben noch eine Pfannen gehabt, wo
2225 1570 3278 1668 so und an welchem Ohrt sie selbige genommen.
2230 1635 3288 1730 Wie Sie von Nider Wichtrach weggangen seyen
2228 1698 3274 1779 der ulli, der Peter vnd der Claus durch eine
2221 1764 3294 1855 Gaßen hinab zu einem Anderen hauß gangen
2213 1812 3289 1919 daselbsten Sie die Pfannen genommen, In zwu¬
2204 1894 3262 1971 schen habe Er Ihnen in der Gaßen gewohrtet
