<?xml version="1.0" encoding="UTF-8" standalone="yes"?>
<PcGts xmlns="http://schema.primaresearch.org/PAGE/gts/pagecontent/2013-07-15" xmlns:xsi="http://www.w3.org/2001/XMLSchema-instance" xsi:schemaLocation="http://schema.primaresearch.org/PAGE/gts/pagecontent/2013-07-15 http://schema.primaresearch.org/PAGE/gts/pagecontent/2013-07-15/pagecontent.xsd">
    <Metadata>
        <Creator>prov=University of Rostock/Institute of Mathematics/CITlab|PLANET AI GmbH/Gundram Leifert/gundram.leifert@planet-ai.de:name=Transkribus German Kurrent M2(htr_id=29820)::::v=2.6.7
prov=University of Rostock/Institute of Mathematics/CITlab|PLANET AI GmbH/Tobias Gruening/tobias.gruening@planet-ai.de:name=de.uros.citlab.module.baseline2polygon.B2PSeamMultiOriented:v=2.6.7
prov=University of Rostock/Institute of Mathematics/CITlab|PLANET AI GmbH/Tobias Gruening/tobias.gruening@planet-ai.de:name=/net_tf/LA73_249_0mod360.pb:de.uros.citlab.segmentation.CITlab_LA_ML:v=2.6.7
Transkribus</Creator>
        <Created>2022-05-02T16:14:01.762+02:00</Created>
        <LastChange>2023-06-19T09:37:59.832+02:00</LastChange>
        <TranskribusMetadata docId="1336519" pageId="52420965" pageNr="22" tsid="127235453" status="IN_PROGRESS" userId="68497" imgUrl="https://files.transkribus.eu/Get?id=EXNTOEFITODAAJUQGWEEGLDA&amp;fileType=view" xmlUrl="https://files.transkribus.eu/Get?id=CFUFIOXZCGZXYUSTAZQEQQPG" imageId="30694767"/>
    </Metadata>
    <Page imageFilename="IMG_7224.jpg" imageWidth="4032" imageHeight="3024">
        <ReadingOrder>
            <OrderedGroup id="ro_1687513552877" caption="Regions reading order">
                <RegionRefIndexed index="0" regionRef="TextRegion_1687160231311_640"/>
                <RegionRefIndexed index="1" regionRef="TextRegion_1687160266911_654"/>
                <RegionRefIndexed index="2" regionRef="TextRegion_1683659635578_437"/>
                <RegionRefIndexed index="3" regionRef="TextRegion_1683659635578_436"/>
            </OrderedGroup>
        </ReadingOrder>
        <TextRegion orientation="0.0" type="paragraph" id="TextRegion_1687160231311_640" custom="readingOrder {index:0;} structure {type:paragraph;}">
            <Coords points="734,557 794,556 1922,618 1922,1990 702,2005 734,710"/>
            <TextLine id="r1l1" custom="readingOrder {index:0;}">
                <Coords points="751,684 764,684 777,671 779,673 794,668 784,576 773,578 755,595 742,596"/>
                <Baseline points="756,660 786,657"/>
                <TextEquiv>
                    <Unicode>91</Unicode>
                </TextEquiv>
            </TextLine>
            <TextLine id="r2l1" custom="readingOrder {index:1;}">
                <Coords points="827,672 1495,654 1660,712 1914,689 1915,658 1741,631 1633,563 1465,609 1088,573 994,605 829,549"/>
                <Baseline points="834,662 887,660 941,660 994,659 1048,657 1102,656 1155,655 1209,654 1263,653 1316,653 1370,653 1424,653 1477,653 1531,655 1585,656 1638,659 1692,662 1746,667 1799,672 1853,677 1907,684"/>
                <TextEquiv>
                    <Unicode>Verners bekannte Sie, daß Ihre Geschwegen</Unicode>
                </TextEquiv>
            </TextLine>
            <TextLine id="r2l2" custom="readingOrder {index:2;} person {offset:31; length:8;}">
                <Coords points="850,735 1486,717 1652,770 1747,733 1911,755 1930,706 1860,680 1651,707 1495,656 851,673"/>
                <Baseline points="857,726 910,722 963,720 1016,717 1070,716 1123,714 1176,714 1229,714 1283,714 1336,714 1389,716 1442,717 1496,719 1549,722 1602,724 1655,728 1709,731 1762,735 1815,740 1868,745 1922,750"/>
                <TextEquiv>
                    <Unicode>und Sie, des gewesenen Kauster Bruggers Fnab</Unicode>
                </TextEquiv>
            </TextLine>
            <TextLine id="r2l3" custom="readingOrder {index:3;}">
                <Coords points="843,789 1251,775 1474,823 1596,788 1711,829 1892,805 1893,752 1634,767 1496,722 1365,755 1189,724 1109,757 844,739"/>
                <Baseline points="851,783 902,780 954,779 1005,776 1057,775 1109,774 1160,773 1212,773 1264,773 1315,773 1367,774 1419,776 1470,776 1522,779 1574,781 1625,784 1677,787 1729,790 1780,795 1832,800 1884,804"/>
                <TextEquiv>
                    <Unicode>hinunder an die Matten in Ihr Hauß geführt</Unicode>
                </TextEquiv>
            </TextLine>
            <TextLine id="r2l4" custom="readingOrder {index:4;}">
                <Coords points="843,881 1088,841 1492,877 1532,843 1575,881 1740,890 1806,855 1896,873 1897,831 1596,788 1454,822 1303,780 1127,776 1068,811 844,788"/>
                <Baseline points="851,849 905,846 960,842 1015,840 1069,838 1124,836 1179,835 1233,834 1288,834 1343,834 1397,836 1452,836 1507,837 1561,840 1616,842 1671,845 1725,848 1780,852 1835,855 1890,860"/>
                <TextEquiv>
                    <Unicode>daselbsten Sie, Ihr Mann und geschweyen, und</Unicode>
                </TextEquiv>
            </TextLine>
            <TextLine id="r2l5" custom="readingOrder {index:5;}">
                <Coords points="847,922 1299,903 1423,947 1569,911 1743,953 1783,926 1914,947 1915,896 1829,864 1630,892 1545,852 848,867"/>
                <Baseline points="854,914 906,910 959,908 1012,905 1064,903 1117,902 1170,900 1222,900 1275,900 1328,902 1381,902 1433,903 1486,905 1539,907 1591,910 1644,912 1697,915 1749,919 1802,923 1855,927 1908,932"/>
                <TextEquiv>
                    <Unicode>also alle drey zusamen geholffen, der Kna¬</Unicode>
                </TextEquiv>
            </TextLine>
            <TextLine id="r2l6" custom="readingOrder {index:6;}">
                <Coords points="826,990 924,977 963,1004 1021,976 1085,1006 1174,978 1263,1003 1367,973 1492,1016 1596,997 1595,944 1546,925 1422,948 1210,910 1176,935 1100,909 952,934 824,916"/>
                <Baseline points="833,981 870,979 908,977 946,975 984,973 1022,971 1059,969 1097,969 1135,968 1173,966 1211,966 1248,965 1286,965 1324,965 1362,965 1400,966 1437,966 1475,966 1513,968 1551,968 1589,969"/>
                <TextEquiv>
                    <Unicode>ben die beyde brießfen angeben</Unicode>
                </TextEquiv>
            </TextLine>
            <TextLine id="r2l7" custom="readingOrder {index:7;}">
                <Coords points="759,1131 878,1081 1137,1071 1173,1107 1218,1070 1279,1106 1413,1070 1884,1088 1914,1032 1816,1006 1675,1049 1398,993 1292,1044 957,1036 757,980"/>
                <Baseline points="765,1091 822,1086 879,1082 936,1079 993,1077 1050,1074 1107,1071 1164,1070 1221,1068 1278,1067 1336,1067 1393,1067 1450,1067 1507,1067 1564,1067 1621,1068 1678,1070 1735,1071 1792,1073 1849,1075 1907,1077"/>
                <TextEquiv>
                    <Unicode>E. Ob Sie nit nochmehr der Gleichen brießen</Unicode>
                </TextEquiv>
            </TextLine>
            <TextLine id="r2l8" custom="readingOrder {index:8;}">
                <Coords points="826,1156 1292,1179 1429,1136 1499,1173 1656,1135 1704,1164 1924,1146 1923,1089 1713,1069 826,1112"/>
                <Baseline points="834,1140 888,1139 942,1137 996,1137 1050,1136 1104,1136 1158,1134 1212,1134 1266,1133 1320,1133 1375,1133 1429,1133 1483,1133 1537,1133 1591,1133 1645,1133 1699,1134 1753,1134 1807,1136 1861,1136 1916,1137"/>
                <TextEquiv>
                    <Unicode>an Andere Persohnen habend schreiben laßen.</Unicode>
                </TextEquiv>
            </TextLine>
            <TextLine id="r2l9" custom="readingOrder {index:9;}">
                <Coords points="741,1255 965,1234 1034,1262 1132,1231 1283,1269 1373,1267 1416,1238 1465,1255 1464,1179 1402,1178 1367,1206 1308,1171 1185,1160 1138,1184 982,1185 920,1160 739,1190"/>
                <Baseline points="875,1236 904,1235 933,1234 962,1233 991,1232 1020,1231 1049,1230 1078,1230 1107,1229 1136,1229 1166,1227 1195,1227 1224,1226 1253,1226 1282,1226 1311,1224 1340,1224 1369,1224 1398,1223 1427,1223 1457,1221"/>
                <TextEquiv>
                    <Unicode>kein Gark einen mehr.</Unicode>
                </TextEquiv>
            </TextLine>
            <TextLine id="r2l11" custom="readingOrder {index:10;}">
                <Coords points="809,1374 1009,1398 1079,1364 1463,1363 1678,1404 1745,1362 1796,1387 1912,1355 1911,1303 1758,1283 1610,1333 1471,1292 1267,1324 1180,1283 1133,1318 808,1301"/>
                <Baseline points="816,1365 870,1364 924,1364 979,1363 1033,1362 1088,1362 1142,1361 1196,1361 1251,1359 1305,1359 1360,1358 1414,1357 1468,1356 1523,1356 1577,1356 1632,1355 1686,1355 1740,1355 1795,1356 1849,1356 1904,1358"/>
                <TextEquiv>
                    <Unicode>M dieses ist von deem Knaben bestähliget</Unicode>
                </TextEquiv>
            </TextLine>
            <TextLine id="r2l12" custom="readingOrder {index:11;}">
                <Coords points="820,1435 1928,1443 1928,1395 1833,1369 1700,1400 1465,1370 1428,1401 1130,1364 1020,1404 820,1372"/>
                <Baseline points="828,1418 882,1418 937,1418 991,1418 1046,1418 1101,1418 1155,1418 1210,1418 1264,1416 1319,1416 1374,1416 1428,1416 1483,1416 1537,1416 1592,1416 1647,1416 1701,1418 1756,1418 1810,1419 1865,1421 1920,1422"/>
                <TextEquiv>
                    <Unicode>worden, mit vermelden; daß Er außert diesen</Unicode>
                </TextEquiv>
            </TextLine>
            <TextLine id="r2l13" custom="readingOrder {index:12;}">
                <Coords points="817,1502 1098,1476 1165,1512 1393,1467 1628,1515 1791,1480 1837,1513 1913,1485 1913,1447 1774,1427 1360,1457 1244,1424 1156,1453 1063,1420 978,1457 817,1434"/>
                <Baseline points="824,1478 878,1476 932,1475 986,1474 1040,1473 1094,1473 1148,1473 1202,1473 1256,1473 1310,1473 1364,1475 1418,1475 1472,1475 1526,1476 1580,1476 1634,1477 1688,1478 1742,1478 1796,1478 1850,1478 1905,1478"/>
                <TextEquiv>
                    <Unicode>zweyen, und noch Einem welchen Er vor ohnge¬</Unicode>
                </TextEquiv>
            </TextLine>
            <TextLine id="r2l14" custom="readingOrder {index:13;}">
                <Coords points="805,1555 1079,1534 1254,1579 1352,1532 1464,1588 1542,1540 1857,1548 1869,1500 1761,1477 1695,1520 1579,1517 1379,1474 1249,1509 852,1478 805,1506"/>
                <Baseline points="812,1541 864,1538 917,1536 969,1535 1022,1533 1074,1533 1127,1533 1179,1532 1232,1533 1284,1533 1337,1533 1389,1535 1442,1535 1494,1535 1547,1536 1599,1536 1652,1536 1704,1536 1757,1536 1809,1536 1862,1535"/>
                <TextEquiv>
                    <Unicode>fehrt 4. Jahren geschriben, Ihnen sonst keine</Unicode>
                </TextEquiv>
            </TextLine>
            <TextLine id="r2l15" custom="readingOrder {index:14;}">
                <Coords points="814,1613 873,1634 940,1604 1017,1627 1107,1607 1131,1628 1174,1616 1268,1642 1350,1627 1339,1537 1256,1580 1129,1564 1082,1534 1033,1560 1008,1543 949,1581 849,1540 813,1546"/>
                <Baseline points="821,1601 847,1600 873,1599 899,1599 925,1598 951,1598 977,1597 1003,1596 1029,1596 1055,1595 1082,1595 1108,1595 1134,1595 1160,1595 1186,1595 1212,1595 1238,1595 1264,1595 1290,1596 1316,1596 1343,1598"/>
                <TextEquiv>
                    <Unicode>andere brieffen gemacht.</Unicode>
                </TextEquiv>
            </TextLine>
            <TextLine id="r2l16" custom="readingOrder {index:15;}">
                <Coords points="699,1711 999,1733 1081,1691 1909,1674 1897,1623 1554,1601 1278,1652 1106,1608 695,1613"/>
                <Baseline points="824,1697 877,1697 931,1695 985,1694 1039,1692 1093,1691 1147,1689 1200,1688 1254,1686 1308,1684 1362,1683 1416,1680 1470,1679 1524,1677 1577,1675 1631,1673 1685,1671 1739,1669 1793,1667 1847,1665 1901,1662"/>
                <TextEquiv>
                    <Unicode>Ob Ihra nit bekannt und in wüßen seye, daß</Unicode>
                </TextEquiv>
            </TextLine>
            <TextLine id="r2l18" custom="readingOrder {index:16;}">
                <Coords points="795,1793 921,1759 1125,1788 1227,1750 1312,1796 1622,1781 1749,1738 1843,1761 1881,1747 1879,1677 1819,1706 1630,1672 1556,1707 1154,1693 1038,1734 792,1709"/>
                <Baseline points="801,1766 854,1761 908,1758 961,1754 1015,1752 1069,1749 1122,1748 1176,1746 1230,1745 1283,1743 1337,1743 1391,1742 1444,1742 1498,1740 1552,1740 1605,1739 1659,1737 1713,1736 1766,1734 1820,1733 1874,1730"/>
                <TextEquiv>
                    <Unicode>Ihr Mann mehr der gleichen Geldt geforderet</Unicode>
                </TextEquiv>
            </TextLine>
            <TextLine id="r2l19" custom="readingOrder {index:17;}">
                <Coords points="800,1843 949,1858 966,1842 1014,1861 1078,1856 1100,1833 1158,1847 1306,1816 1304,1766 1274,1748 1232,1777 1185,1755 1132,1788 884,1770 799,1805"/>
                <Baseline points="807,1820 832,1819 858,1818 884,1817 910,1816 936,1815 962,1814 987,1813 1013,1812 1039,1812 1065,1811 1091,1811 1117,1809 1142,1809 1168,1809 1194,1809 1220,1808 1246,1808 1272,1808 1298,1808"/>
                <TextEquiv>
                    <Unicode>und eingezogen habe:</Unicode>
                </TextEquiv>
            </TextLine>
            <TextLine id="r2l20" custom="readingOrder {index:18;}">
                <Coords points="1564,1907 1636,1932 1649,1925 1667,1940 1708,1925 1731,1932 1749,1918 1769,1927 1814,1901 1887,1910 1908,1902 1906,1848 1824,1838 1786,1868 1756,1851 1683,1841 1654,1862 1600,1841 1562,1858"/>
                <Baseline points="1571,1901 1596,1899 1621,1898 1647,1897 1672,1895 1697,1895 1723,1894 1748,1893 1774,1892 1799,1892 1824,1890 1850,1890 1875,1888 1901,1886"/>
                <TextEquiv>
                    <Unicode>daß Er etwas</Unicode>
                </TextEquiv>
            </TextLine>
            <TextLine id="r2l21" custom="readingOrder {index:19;}">
                <Coords points="737,1953 783,1973 943,1923 1069,1969 1226,1908 1341,1945 1380,1920 1536,1929 1535,1856 1415,1878 1298,1836 1065,1873 971,1843 940,1869 734,1843"/>
                <Baseline points="743,1940 782,1930 821,1923 860,1918 900,1913 939,1909 978,1907 1018,1905 1057,1905 1096,1905 1136,1905 1175,1905 1214,1907 1253,1907 1293,1908 1332,1908 1371,1908 1411,1908 1450,1907 1489,1904 1529,1901"/>
                <TextEquiv>
                    <Unicode>R: Sie wuße gantz und gar mit,</Unicode>
                </TextEquiv>
            </TextLine>
            <TextLine id="r2l22" custom="readingOrder {index:20;}">
                <Coords points="1648,1983 1698,1991 1720,2009 1741,1997 1763,2007 1785,1991 1808,1990 1842,1970 1841,1942 1805,1939 1776,1921 1747,1932 1736,1926 1707,1943 1697,1934 1667,1939 1647,1931"/>
                <Baseline points="1655,1973 1680,1970 1706,1970 1732,1970 1757,1970 1783,1970 1809,1968 1835,1964"/>
                <TextEquiv>
                    <Unicode>mehrs</Unicode>
                </TextEquiv>
            </TextLine>
            <TextEquiv>
                <Unicode>91&#13;
Verners bekannte Sie, daß Ihre Geschwegen&#13;
und Sie, des gewesenen Kauster Bruggers Fnab&#13;
hinunder an die Matten in Ihr Hauß geführt&#13;
daselbsten Sie, Ihr Mann und geschweyen, und&#13;
also alle drey zusamen geholffen, der Kna¬&#13;
ben die beyde brießfen angeben&#13;
E. Ob Sie nit nochmehr der Gleichen brießen&#13;
an Andere Persohnen habend schreiben laßen.&#13;
kein Gark einen mehr.&#13;
M dieses ist von deem Knaben bestähliget&#13;
worden, mit vermelden; daß Er außert diesen&#13;
zweyen, und noch Einem welchen Er vor ohnge¬&#13;
fehrt 4. Jahren geschriben, Ihnen sonst keine&#13;
andere brieffen gemacht.&#13;
Ob Ihra nit bekannt und in wüßen seye, daß&#13;
Ihr Mann mehr der gleichen Geldt geforderet&#13;
und eingezogen habe:&#13;
daß Er etwas&#13;
R: Sie wuße gantz und gar mit,&#13;
mehrs</Unicode>
            </TextEquiv>
        </TextRegion>
        <TextRegion orientation="0.0" type="paragraph" id="TextRegion_1687160266911_654" custom="readingOrder {index:1;} structure {type:paragraph;}">
            <Coords points="2059,581 2114,582 3241,598 3240,958 2053,960 2053,734"/>
            <TextLine id="r5l1" custom="readingOrder {index:0;}">
                <Coords points="2175,699 2270,719 2382,674 2658,681 2726,735 2839,693 2925,740 3017,707 3096,731 3099,652 2848,629 2757,662 2407,612 2177,645"/>
                <Baseline points="2183,678 2228,677 2273,675 2319,674 2364,674 2409,673 2455,674 2500,674 2545,675 2591,677 2636,678 2681,680 2727,683 2772,685 2817,687 2863,690 2908,692 2953,695 2999,698 3044,699 3090,701"/>
                <TextEquiv>
                    <Unicode>mehr geforderet, oder empfangen habe;</Unicode>
                </TextEquiv>
            </TextLine>
            <TextLine id="r5l2" custom="readingOrder {index:1;}">
                <Coords points="2146,784 2840,757 3173,803 3216,794 3218,722 2919,740 2821,704 2747,738 2603,678 2452,731 2368,692 2323,726 2148,708"/>
                <Baseline points="2154,762 2206,758 2259,755 2312,753 2365,751 2417,750 2470,750 2523,750 2576,752 2628,753 2681,754 2734,756 2787,758 2839,761 2892,762 2945,764 2998,767 3050,768 3103,770 3156,771 3209,771"/>
                <TextEquiv>
                    <Unicode>Beharrete auch steif darauf daß weder Sie</Unicode>
                </TextEquiv>
            </TextLine>
            <TextLine id="r5l3" custom="readingOrder {index:2;}">
                <Coords points="2158,849 2824,824 3059,865 3196,809 2994,806 2839,756 2159,795"/>
                <Baseline points="2166,827 2217,823 2268,819 2319,818 2370,815 2421,815 2472,815 2524,815 2575,815 2626,815 2677,816 2728,818 2779,819 2830,821 2882,822 2933,824 2984,825 3035,827 3086,827 3137,827 3189,827"/>
                <TextEquiv>
                    <Unicode>noch der Mann Ihres Wüßens, ajemahlen</Unicode>
                </TextEquiv>
            </TextLine>
            <TextLine id="r5l4" custom="readingOrder {index:3;}">
                <Coords points="2160,913 2252,934 2335,890 2471,933 2579,903 3081,948 3196,905 3197,856 2900,870 2695,821 2633,852 2161,850"/>
                <Baseline points="2168,888 2219,885 2270,881 2321,879 2372,878 2423,876 2474,876 2525,876 2576,878 2627,879 2678,880 2729,882 2780,884 2831,886 2882,889 2933,891 2984,894 3035,896 3086,897 3137,900 3189,902"/>
                <TextEquiv>
                    <Unicode>emniches dergleichen Geldt eingezogen habe</Unicode>
                </TextEquiv>
            </TextLine>
            <TextLine id="r3l1" custom="readingOrder {index:4;}">
                <Coords points="2063,721 2073,721 2081,709 2091,707 2095,710 2111,702 2123,701 2104,600 2092,605 2080,617 2062,615 2057,624 2045,626"/>
                <Baseline points="2063,683 2111,674"/>
                <TextEquiv>
                    <Unicode>87.</Unicode>
                </TextEquiv>
            </TextLine>
            <TextEquiv>
                <Unicode>mehr geforderet, oder empfangen habe;&#13;
Beharrete auch steif darauf daß weder Sie&#13;
noch der Mann Ihres Wüßens, ajemahlen&#13;
emniches dergleichen Geldt eingezogen habe&#13;
87.</Unicode>
            </TextEquiv>
        </TextRegion>
        <TextRegion orientation="0.0" type="heading" id="TextRegion_1683659635578_437" custom="readingOrder {index:2;} structure {type:heading;}">
            <Coords points="2123,958 3240,958 3240,1218 2123,1218"/>
            <TextLine id="r5l5" custom="readingOrder {index:0;}">
                <Coords points="2214,1094 2330,1106 2475,1057 2709,1068 2747,1094 2843,1058 2908,1097 2979,1086 2978,1001 2507,984 2444,1015 2369,963 2212,984"/>
                <Baseline points="2220,1074 2257,1069 2295,1066 2332,1062 2370,1060 2408,1058 2445,1056 2483,1056 2520,1056 2558,1056 2596,1056 2633,1056 2671,1056 2708,1058 2746,1058 2784,1058 2821,1058 2859,1058 2896,1056 2934,1055 2972,1053"/>
                <TextEquiv>
                    <Unicode>Diesem nach Wurde auch</Unicode>
                </TextEquiv>
            </TextLine>
            <TextLine id="r5l6" custom="readingOrder {index:1;}">
                <Coords points="2467,1146 2509,1125 2592,1155 2714,1126 2758,1147 2857,1142 2856,1065 2845,1061 2813,1081 2683,1098 2627,1072 2548,1081 2466,1055"/>
                <Baseline points="2474,1121 2499,1121 2524,1121 2549,1121 2574,1121 2599,1121 2624,1121 2649,1121 2674,1120 2699,1119 2724,1119 2749,1119 2774,1119 2799,1119 2824,1119 2849,1119"/>
                <TextEquiv>
                    <Unicode>Cxaminiert</Unicode>
                </TextEquiv>
            </TextLine>
            <TextLine id="r5l7" custom="readingOrder {index:2;} person {offset:9; length:13;}">
                <Coords points="2315,1221 2439,1191 2687,1190 2822,1202 2876,1235 3033,1234 3033,1114 2967,1101 2796,1161 2711,1128 2593,1156 2513,1127 2433,1150 2387,1116 2314,1147"/>
                <Baseline points="2322,1194 2357,1193 2392,1193 2427,1193 2462,1191 2498,1191 2533,1191 2568,1191 2603,1191 2638,1191 2674,1191 2709,1191 2744,1191 2779,1191 2814,1191 2850,1191 2885,1190 2920,1190 2955,1189 2990,1188 3026,1187"/>
                <TextEquiv>
                    <Unicode>Ihr Mann Vincentz Hegg</Unicode>
                </TextEquiv>
            </TextLine>
            <TextLine id="line_1683659635599_440" custom="readingOrder {index:3;}">
                <Coords points="2156,1167 2194,1172 2222,1166 2251,1188 2293,1173 2290,1218 2152,1218"/>
                <TextEquiv>
                    <Unicode>gen er</Unicode>
                </TextEquiv>
            </TextLine>
            <TextEquiv>
                <Unicode>Diesem nach Wurde auch&#13;
Cxaminiert&#13;
Ihr Mann Vincentz Hegg&#13;
gen er</Unicode>
            </TextEquiv>
        </TextRegion>
        <TextRegion orientation="0.0" type="paragraph" id="TextRegion_1683659635578_436" custom="readingOrder {index:3;} structure {type:paragraph;}">
            <Coords points="2069,1219 3240,1218 3240,2073 2036,2082"/>
            <TextLine id="r5l9" custom="readingOrder {index:0;}">
                <Coords points="2132,1288 2479,1276 2598,1314 2665,1276 2918,1309 3165,1265 3135,1207 2933,1247 2551,1200 2486,1226 2438,1191 2289,1256 2131,1233"/>
                <Baseline points="2139,1283 2192,1280 2246,1278 2299,1275 2353,1274 2407,1272 2460,1272 2514,1271 2568,1271 2621,1271 2675,1269 2728,1269 2782,1269 2836,1268 2889,1268 2943,1266 2997,1266 3050,1265 3104,1263 3158,1262"/>
                <TextEquiv>
                    <Unicode>Vnd befragt, Ob Er nun gestehe, daß sein</Unicode>
                </TextEquiv>
            </TextLine>
            <TextLine id="r5l10" custom="readingOrder {index:1;}">
                <Coords points="3129,1358 3153,1358 3180,1334 3191,1343 3207,1342 3221,1352 3246,1353 3250,1285 3232,1279 3226,1282 3220,1276 3196,1288 3181,1284 3165,1267 3158,1271 3134,1267"/>
                <Baseline points="3137,1329 3162,1328 3188,1329 3214,1331 3240,1334"/>
                <TextEquiv>
                    <Unicode>Einen</Unicode>
                </TextEquiv>
            </TextLine>
            <TextLine id="r5l11" custom="readingOrder {index:2;}">
                <Coords points="2146,1355 2636,1333 2892,1360 2891,1283 2835,1305 2638,1277 2597,1312 2395,1277 2290,1321 2145,1284"/>
                <Baseline points="2153,1338 2189,1338 2226,1338 2262,1338 2299,1337 2336,1337 2372,1337 2409,1335 2445,1335 2482,1334 2519,1334 2555,1334 2592,1332 2628,1332 2665,1332 2702,1332 2738,1332 2775,1332 2811,1332 2848,1332 2885,1334"/>
                <TextEquiv>
                    <Unicode>Franw und Schwoster dem H.</Unicode>
                </TextEquiv>
            </TextLine>
            <TextLine id="line_1683659635599_439" custom="readingOrder {index:3;}">
                <Coords points="2152,1218 2290,1218 2288,1249 2273,1239 2259,1248 2238,1248 2220,1238 2149,1274"/>
                <Baseline points="2159,1230 2189,1232 2220,1233 2251,1236 2282,1239"/>
                <TextEquiv>
                    <Unicode>gen er</Unicode>
                </TextEquiv>
            </TextLine>
            <TextLine id="r5l12" custom="readingOrder {index:4;}">
                <Coords points="2129,1409 2231,1432 2388,1411 2458,1449 2635,1399 2832,1442 2904,1400 2944,1411 2943,1363 2848,1375 2795,1342 2743,1376 2640,1335 2439,1359 2275,1338 2129,1372"/>
                <Baseline points="2136,1406 2176,1404 2216,1403 2256,1401 2296,1401 2336,1401 2376,1400 2416,1400 2456,1400 2496,1400 2536,1400 2576,1400 2616,1400 2656,1400 2696,1400 2736,1400 2776,1400 2816,1398 2856,1398 2896,1398 2937,1397"/>
                <TextEquiv>
                    <Unicode>brieff esb überbracht.</Unicode>
                </TextEquiv>
            </TextLine>
            <TextLine id="r5l13" custom="readingOrder {index:5;}">
                <Coords points="2148,1515 2165,1513 2170,1508 2178,1512 2192,1498 2197,1499 2203,1493 2211,1495 2229,1476 2244,1480 2242,1460 2224,1460 2193,1436 2186,1436 2174,1447 2143,1451"/>
                <Baseline points="2154,1494 2181,1491 2209,1489 2237,1487"/>
                <TextEquiv>
                    <Unicode>G. A</Unicode>
                </TextEquiv>
            </TextLine>
            <TextLine id="r5l14" custom="readingOrder {index:6;}">
                <Coords points="2156,1601 2395,1575 2688,1613 2767,1575 2847,1583 2845,1510 2746,1533 2567,1497 2527,1535 2463,1511 2377,1541 2253,1521 2154,1548"/>
                <Baseline points="2162,1586 2195,1583 2229,1580 2263,1579 2297,1577 2331,1575 2365,1574 2399,1572 2433,1572 2467,1571 2501,1571 2534,1569 2568,1569 2602,1568 2636,1568 2670,1567 2704,1566 2738,1565 2772,1564 2806,1562 2840,1560"/>
                <TextEquiv>
                    <Unicode>Wer den Brief geschriben</Unicode>
                </TextEquiv>
            </TextLine>
            <TextLine id="r5l15" custom="readingOrder {index:7;} person {offset:21; length:8;}">
                <Coords points="2158,1702 2280,1732 2365,1697 2855,1675 2900,1717 3025,1670 3192,1681 3191,1620 3113,1596 2963,1640 2716,1602 2500,1648 2429,1619 2336,1659 2157,1652"/>
                <Baseline points="2165,1692 2216,1689 2267,1688 2318,1686 2369,1683 2420,1682 2471,1681 2522,1680 2573,1679 2624,1679 2675,1677 2726,1676 2777,1676 2828,1674 2879,1673 2930,1672 2981,1671 3032,1669 3083,1667 3134,1665 3185,1662"/>
                <TextEquiv>
                    <Unicode>Des Gewesenen Käufer Bruggers Knab</Unicode>
                </TextEquiv>
            </TextLine>
            <TextLine id="r5l16" custom="readingOrder {index:8;}">
                <Coords points="2133,1770 3037,1770 3184,1744 3183,1672 3026,1670 2901,1716 2854,1674 2477,1688 2408,1721 2132,1702"/>
                <Baseline points="2139,1752 2190,1749 2242,1746 2294,1743 2346,1742 2398,1742 2450,1740 2502,1740 2554,1740 2606,1740 2658,1740 2709,1740 2761,1739 2813,1739 2865,1739 2917,1738 2969,1737 3021,1736 3073,1733 3125,1731 3177,1728"/>
                <TextEquiv>
                    <Unicode>habe selbigen in seinem haußgeschriben vnd</Unicode>
                </TextEquiv>
            </TextLine>
            <TextLine id="r5l17" custom="readingOrder {index:9;}">
                <Coords points="2117,1847 2207,1812 2610,1829 2694,1793 2914,1838 3022,1794 3118,1826 3225,1799 3225,1763 2410,1751 2116,1788"/>
                <Baseline points="2123,1811 2177,1809 2232,1807 2287,1806 2342,1805 2396,1803 2451,1802 2506,1800 2561,1800 2615,1799 2670,1799 2725,1797 2780,1797 2834,1796 2889,1796 2944,1796 2999,1794 3053,1794 3108,1793 3163,1793 3218,1791"/>
                <TextEquiv>
                    <Unicode>habe sein Schwoster den Brieff angeben Er zwar</Unicode>
                </TextEquiv>
            </TextLine>
            <TextLine id="r5l18" custom="readingOrder {index:10;}">
                <Coords points="2128,1901 2261,1882 2329,1912 2425,1865 2496,1900 2771,1894 2836,1862 2921,1904 3165,1865 3164,1827 3072,1805 2914,1839 2837,1803 2542,1846 2207,1813 2127,1836"/>
                <Baseline points="2135,1874 2186,1872 2237,1871 2288,1869 2339,1868 2390,1866 2441,1865 2493,1865 2544,1863 2595,1863 2646,1862 2697,1862 2748,1860 2799,1859 2851,1859 2902,1857 2953,1857 3004,1856 3055,1854 3106,1853 3158,1850"/>
                <TextEquiv>
                    <Unicode>habe auch darzu geholffen, Jedoch befohlen</Unicode>
                </TextEquiv>
            </TextLine>
            <TextLine id="r5l19" custom="readingOrder {index:11;}">
                <Coords points="2125,1971 2251,1936 2725,1958 2774,1932 2827,1959 3051,1917 3148,1951 3146,1886 3068,1868 2929,1903 2681,1880 2622,1914 2542,1873 2337,1919 2231,1888 2124,1928"/>
                <Baseline points="2132,1946 2182,1943 2232,1940 2283,1938 2333,1937 2384,1935 2434,1934 2484,1932 2535,1931 2585,1931 2636,1929 2686,1928 2736,1928 2787,1926 2837,1923 2888,1922 2938,1920 2988,1917 3039,1914 3089,1911 3140,1908"/>
                <TextEquiv>
                    <Unicode>daß mann die treuw wohrt darinnen solle</Unicode>
                </TextEquiv>
            </TextLine>
            <TextLine id="r5l20" custom="readingOrder {index:12;} place {offset:6; length:4;}">
                <Coords points="2131,2057 2211,2056 2232,2045 2271,2052 2315,2021 2390,2044 2386,1950 2261,1953 2199,1991 2162,1968 2126,1972"/>
                <Baseline points="2135,2015 2162,2011 2189,2008 2217,2005 2244,2003 2271,2002 2299,2001 2326,2001 2353,2001 2381,2003"/>
                <TextEquiv>
                    <Unicode>durch thun</Unicode>
                </TextEquiv>
            </TextLine>
            <TextLine id="r5l21" custom="readingOrder {index:13;}">
                <Coords points="2908,2078 2928,2068 2957,2083 3008,2053 3027,2061 3065,2052 3112,2090 3146,2076 3182,2083 3178,1970 3153,1985 3134,1974 3100,1986 3090,1979 3070,1994 3001,1961 2906,1976"/>
                <Baseline points="2915,2057 2940,2054 2966,2052 2992,2050 3018,2049 3044,2048 3069,2048 3095,2048 3121,2048 3147,2048 3173,2048"/>
                <TextEquiv>
                    <Unicode>Worauß</Unicode>
                </TextEquiv>
            </TextLine>
            <TextEquiv>
                <Unicode>Vnd befragt, Ob Er nun gestehe, daß sein&#13;
Einen&#13;
Franw und Schwoster dem H.&#13;
gen er&#13;
brieff esb überbracht.&#13;
G. A&#13;
Wer den Brief geschriben&#13;
Des Gewesenen Käufer Bruggers Knab&#13;
habe selbigen in seinem haußgeschriben vnd&#13;
habe sein Schwoster den Brieff angeben Er zwar&#13;
habe auch darzu geholffen, Jedoch befohlen&#13;
daß mann die treuw wohrt darinnen solle&#13;
durch thun&#13;
Worauß</Unicode>
            </TextEquiv>
        </TextRegion>
    </Page>
</PcGts>
