4032 3024
734 595 827 687 146
873 616 1839 746 Brugg dann, habe ermelter Allen fridlin
876 709 1860 817 mit Einem Schrött Sparren das Eisen außen
860 750 1067 836 Gewogen
857 811 1901 935 Im freyen ambt seye Er Spring 2 asfar allein
868 879 1868 983 des Nachts in Einen Keller gebrochen darinnen
861 932 1861 1052 Er ein Liecht angezundtet und die 2. brodt
864 994 1076 1075 genommen.
876 1046 1872 1188 Ob nit sein Weib mit dem Zurichhauß
881 1130 1700 1238 in geholsen zu St. Vrban einbrechen
887 1196 1859 1319 dieses seye Ihm nit bekannt, Er habe mit
879 1271 1224 1361 darvon gehordt.
895 1352 1851 1489 dißmahlen seye es noch Zuthun umb den
871 1444 1856 1542 Pünten deßen so Er dem Allenfridlin ge¬
859 1501 1795 1603 sagdt, Namblich daß Er wüße wer dem
862 1558 1853 1662 allerfendli, Sagenwührt das Hauß an¬
858 1612 1154 1709 gesteckt habe.
873 1695 1700 1811 Er wolle es sagen wie Ers gekaufft
1724 1708 1885 1802 Namb¬
869 1772 1826 1860 lich Er habe von den Leuthen gehördt, daß
859 1828 1854 1942 solches der Brugger Metzger solle gethan haben,
856 1882 1756 1993 und zwar so habe der Allenfridlin Ihme
1677 1959 1817 2047 zu Erst
1949 630 2051 738 147
2059 611 3167 771 zu Erst, und Er demselben hinwidrumb ge¬
2077 683 3185 806 sagdt daß sie solches von den Leuthen gehordt
2077 752 2982 864 Weiters wüße Er darüber mit zusagen
1952 830 3207 972 übrigens Gestühnde auch Er diß mahlen daß dieser Brug¬
2073 883 3204 1011 ger Metzger sein Schwager und seine Schwoster
2076 930 3152 1075 zur Ehe habe, Welche Er zu Starkilchs unweit
2081 991 3130 1126 olten gehenrahtet. Er habe Ihn aber seines
2080 1029 3192 1170 Wußens mehr nit, als ein eintzigk mahl gesechen
2071 1120 3158 1259 Nachdeme nun diesem Castar Sfring seine
2088 1177 3185 1322 hievorige Versicht von Puncten zu Punten Vor¬
2079 1245 3183 1374 gelesen worden, hat Er dieselbige, äußert dem
2081 1311 3162 1425 Punten Wegen denen Stieren zu Tsheppach
2087 1375 3124 1476 und dem Einbruch in des Wuhrts Keller zu
2076 1407 3141 1548 Reyben, welches Er gäntzlichen retractiert be¬
2077 1482 3180 1618 stähliget; mit hochem betheiueren, daß Er durch
2081 1546 3173 1668 den Gewaldt der Marter den diebstahl dieser
2089 1594 3163 1714 Stieren und Einbruch zu Reiben zu bekennen
2100 1674 3171 1771 gezihungen worden, Ihme aber darinn selber
2088 1729 3204 1832 unrechtgethan, dann Er sein lebtag keinen Stier
2104 1774 3112 1884 entwendt noch Jemahlen seinem Vetter dem
2093 1840 3177 1940 Meßersch midt zu Oberwygl einichen zu gebracht,
2676 1918 3076 2033 Er haben Wohl
