<?xml version="1.0" encoding="UTF-8" standalone="yes"?>
<PcGts xmlns="http://schema.primaresearch.org/PAGE/gts/pagecontent/2013-07-15" xmlns:xsi="http://www.w3.org/2001/XMLSchema-instance" xsi:schemaLocation="http://schema.primaresearch.org/PAGE/gts/pagecontent/2013-07-15 http://schema.primaresearch.org/PAGE/gts/pagecontent/2013-07-15/pagecontent.xsd">
    <Metadata>
        <Creator>prov=University of Rostock/Institute of Mathematics/CITlab|PLANET AI GmbH/Gundram Leifert/gundram.leifert@planet-ai.de:name=Transkribus German Kurrent M2(htr_id=29820)::::v=2.6.7
prov=University of Rostock/Institute of Mathematics/CITlab|PLANET AI GmbH/Tobias Gruening/tobias.gruening@planet-ai.de:name=de.uros.citlab.module.baseline2polygon.B2PSeamMultiOriented:v=2.6.7
prov=University of Rostock/Institute of Mathematics/CITlab|PLANET AI GmbH/Tobias Gruening/tobias.gruening@planet-ai.de:name=/net_tf/LA73_249_0mod360.pb:de.uros.citlab.segmentation.CITlab_LA_ML:v=2.6.7
Transkribus</Creator>
        <Created>2022-05-02T16:14:02.228+02:00</Created>
        <LastChange>2023-05-09T21:22:25.412+02:00</LastChange>
        <TranskribusMetadata docId="1336519" pageId="52421125" pageNr="52" tsid="121356132" status="IN_PROGRESS" userId="68497" imgUrl="https://files.transkribus.eu/Get?id=KFOFJEQLMRZWIEEIGVYAPOTT&amp;fileType=view" xmlUrl="https://files.transkribus.eu/Get?id=ONXPRRXICQMPRJHALMFGBRDY" imageId="30694841"/>
    </Metadata>
    <Page imageFilename="IMG_7254.jpg" imageWidth="4032" imageHeight="3024">
        <ReadingOrder>
            <OrderedGroup id="ro_1687513555149" caption="Regions reading order">
                <RegionRefIndexed index="0" regionRef="r1"/>
                <RegionRefIndexed index="1" regionRef="r3"/>
                <RegionRefIndexed index="2" regionRef="r4"/>
                <RegionRefIndexed index="3" regionRef="r7"/>
            </OrderedGroup>
        </ReadingOrder>
        <TextRegion orientation="0.0" type="page-number" id="r1" custom="readingOrder {index:0;} structure {type:page-number;}">
            <Coords points="769,502 765,617 830,618 834,503"/>
            <TextLine id="r1l1" custom="readingOrder {index:0;}">
                <Coords points="781,610 813,607 818,601 830,600 825,536 818,536 814,540 811,537 802,536 788,546 775,547"/>
                <Baseline points="786,590 822,587"/>
                <TextEquiv>
                    <Unicode>96.</Unicode>
                </TextEquiv>
            </TextLine>
            <TextEquiv>
                <Unicode>96.</Unicode>
            </TextEquiv>
        </TextRegion>
        <TextRegion orientation="0.0" type="paragraph" id="r3" custom="readingOrder {index:1;} structure {type:paragraph;}">
            <Coords points="858,634 858,2078 1968,2078 1968,634"/>
            <TextLine id="r3l1" custom="readingOrder {index:0;}">
                <Coords points="913,689 1159,687 1283,743 1504,706 1948,784 1954,669 1899,652 1835,698 1675,649 1596,675 1511,621 1361,658 916,633"/>
                <Baseline points="921,674 972,678 1023,681 1074,683 1125,685 1176,686 1227,687 1278,688 1329,689 1380,690 1432,691 1483,693 1534,695 1585,698 1636,700 1687,705 1738,710 1789,717 1840,723 1891,733 1943,744"/>
                <TextEquiv>
                    <Unicode>Ob Er nit auch geholffen die Gstohlnen sachen</Unicode>
                </TextEquiv>
            </TextLine>
            <TextLine id="r3l2" custom="readingOrder {index:1;}">
                <Coords points="896,755 931,740 990,746 1028,779 1071,757 1173,781 1194,768 1245,779 1246,725 1202,724 1159,687 1139,704 1116,691 1075,711 1019,699 979,722 959,703 898,687"/>
                <Baseline points="903,741 928,740 954,740 980,740 1006,740 1032,740 1058,740 1083,741 1109,743 1135,743 1161,744 1187,745 1213,746 1239,747"/>
                <TextEquiv>
                    <Unicode>hinweg tragen</Unicode>
                </TextEquiv>
            </TextLine>
            <TextLine id="r3l3" custom="readingOrder {index:2;}">
                <Coords points="907,842 989,870 1182,828 1291,876 1408,846 1453,888 1550,844 1743,907 1954,894 1956,838 1869,845 1777,799 1486,802 1403,766 1206,799 911,755"/>
                <Baseline points="915,825 966,828 1018,830 1069,831 1121,833 1173,834 1224,836 1276,836 1327,837 1379,839 1431,840 1482,842 1534,843 1585,846 1637,849 1689,852 1740,856 1792,861 1843,866 1895,873 1947,879"/>
                <TextEquiv>
                    <Unicode>die Gsellen so eingebrochen habend Ihm auch</Unicode>
                </TextEquiv>
            </TextLine>
            <TextLine id="r3l4" custom="readingOrder {index:3;}">
                <Coords points="903,910 1026,917 1063,892 1145,918 1289,911 1341,943 1393,909 1466,935 1545,910 1547,850 1497,848 1455,886 1404,855 1257,875 1180,830 1147,848 1055,838 990,871 905,860"/>
                <Baseline points="911,885 942,887 973,887 1005,888 1036,890 1067,890 1099,891 1130,891 1161,893 1193,894 1224,894 1255,896 1287,896 1318,897 1349,899 1381,900 1412,901 1443,902 1475,903 1506,905 1538,906"/>
                <TextEquiv>
                    <Unicode>einen Bundtel angehäncft</Unicode>
                </TextEquiv>
            </TextLine>
            <TextLine id="r3l5" custom="readingOrder {index:4;}">
                <Coords points="910,1002 1945,1042 1947,979 1864,999 1696,930 1524,964 1149,922 1089,956 914,909"/>
                <Baseline points="918,983 969,986 1020,989 1071,991 1122,992 1173,993 1224,995 1275,996 1326,997 1377,998 1428,999 1479,1000 1530,1002 1581,1004 1632,1006 1683,1009 1734,1012 1785,1016 1836,1020 1887,1026 1938,1034"/>
                <TextEquiv>
                    <Unicode>Daß Er für Zeug in dem Bundtel getragen.</Unicode>
                </TextEquiv>
            </TextLine>
            <TextLine id="r3l6" custom="readingOrder {index:5;}">
                <Coords points="908,1085 1181,1077 1337,1125 1670,1097 1905,1142 1974,1127 1977,1073 1909,1046 1811,1085 1710,1030 1503,1055 1414,1015 1171,1045 1124,1013 911,1024"/>
                <Baseline points="915,1068 967,1070 1020,1071 1072,1073 1125,1074 1178,1076 1230,1077 1283,1079 1336,1082 1388,1083 1441,1085 1494,1088 1546,1089 1599,1092 1652,1095 1704,1098 1757,1100 1810,1104 1862,1108 1915,1112 1968,1116"/>
                <TextEquiv>
                    <Unicode>Er wuße es nit, sie haben Ihm keinen Antheil</Unicode>
                </TextEquiv>
            </TextLine>
            <TextLine id="r3l7" custom="readingOrder {index:6;}">
                <Coords points="908,1162 1228,1141 1321,1182 1385,1143 1914,1200 1917,1140 1750,1108 1569,1129 1461,1092 1370,1126 1211,1080 1116,1116 911,1088"/>
                <Baseline points="917,1125 966,1127 1016,1130 1065,1132 1115,1134 1164,1136 1214,1138 1263,1140 1313,1142 1362,1143 1412,1146 1462,1148 1511,1149 1561,1151 1610,1154 1660,1155 1709,1158 1759,1160 1808,1161 1858,1164 1908,1166"/>
                <TextEquiv>
                    <Unicode>am Zeug, sonderen nur die 10: batz. geben.</Unicode>
                </TextEquiv>
            </TextLine>
            <TextLine id="r3l8" custom="readingOrder {index:7;}">
                <Coords points="893,1273 1063,1249 1156,1287 1246,1258 1435,1298 1746,1291 1748,1203 1628,1236 1532,1238 1452,1201 1269,1235 1101,1187 1043,1217 896,1156"/>
                <Baseline points="900,1242 942,1242 984,1243 1026,1244 1068,1245 1110,1245 1152,1247 1194,1248 1236,1250 1278,1251 1320,1253 1362,1254 1404,1256 1446,1256 1488,1257 1530,1259 1572,1260 1614,1260 1656,1260 1698,1260 1740,1260"/>
                <TextEquiv>
                    <Unicode>Ob Er nit auch einen Bohrer gehabt:</Unicode>
                </TextEquiv>
            </TextLine>
            <TextLine id="r3l9" custom="readingOrder {index:8;}">
                <Coords points="897,1355 1038,1346 1118,1390 1289,1347 1569,1401 1626,1371 1748,1404 1918,1377 1891,1334 1595,1294 1485,1329 1391,1290 1317,1327 1215,1284 899,1300"/>
                <Baseline points="905,1340 955,1340 1005,1340 1055,1341 1106,1342 1156,1344 1206,1346 1257,1348 1307,1350 1357,1353 1408,1355 1458,1358 1508,1360 1558,1363 1609,1365 1659,1367 1709,1370 1760,1371 1810,1374 1860,1374 1911,1376"/>
                <TextEquiv>
                    <Unicode>Ja: aber Er habe nit gebohret, sonderen die</Unicode>
                </TextEquiv>
            </TextLine>
            <TextLine id="r3l10" custom="readingOrder {index:9;}">
                <Coords points="880,1399 1075,1404 1150,1446 1413,1420 1467,1454 1523,1432 1734,1470 1833,1436 1836,1379 1748,1404 1713,1377 1408,1391 1340,1361 1176,1384 1113,1347 1052,1382 956,1348 881,1369"/>
                <Baseline points="888,1394 937,1395 986,1398 1036,1400 1085,1401 1135,1404 1184,1405 1233,1407 1283,1409 1332,1411 1382,1413 1431,1415 1481,1418 1530,1419 1579,1422 1629,1424 1678,1425 1728,1428 1777,1431 1827,1433"/>
                <TextEquiv>
                    <Unicode>Anderen denen Er den Bohrer entlehnt.</Unicode>
                </TextEquiv>
            </TextLine>
            <TextLine id="r3l11" custom="readingOrder {index:10;}">
                <Coords points="887,1515 1043,1545 1213,1501 1385,1557 1460,1525 1645,1535 1646,1499 1573,1492 1519,1450 1373,1489 1253,1439 1195,1466 1113,1439 1041,1465 889,1433"/>
                <Baseline points="894,1499 931,1499 968,1499 1005,1500 1042,1500 1080,1502 1117,1502 1154,1504 1191,1505 1228,1506 1266,1508 1303,1509 1340,1511 1377,1511 1414,1512 1452,1514 1489,1515 1526,1515 1563,1517 1600,1518 1638,1518"/>
                <TextEquiv>
                    <Unicode>Wo Er diesen Bohrer bekommen.</Unicode>
                </TextEquiv>
            </TextLine>
            <TextLine id="r3l12" custom="readingOrder {index:11;}">
                <Coords points="880,1634 1000,1601 1396,1651 1687,1622 1807,1662 1866,1625 1927,1659 1946,1593 1728,1535 1537,1585 1118,1535 881,1576"/>
                <Baseline points="888,1595 940,1596 993,1598 1045,1599 1098,1601 1150,1602 1203,1603 1255,1604 1308,1605 1360,1608 1413,1610 1465,1610 1518,1613 1570,1614 1623,1616 1675,1617 1728,1619 1780,1620 1833,1622 1885,1623 1938,1623"/>
                <TextEquiv>
                    <Unicode>Er habe denselben in Eines Bauuhren hauß</Unicode>
                </TextEquiv>
            </TextLine>
            <TextLine id="r3l13" custom="readingOrder {index:12;}">
                <Coords points="888,1701 907,1709 940,1680 962,1674 982,1687 996,1678 1027,1685 1051,1678 1108,1695 1129,1687 1130,1614 1091,1631 1073,1616 995,1601 930,1637 889,1636"/>
                <Baseline points="896,1667 921,1665 946,1665 971,1664 996,1664 1021,1664 1046,1665 1071,1667 1096,1669 1122,1671"/>
                <TextEquiv>
                    <Unicode>gefunden</Unicode>
                </TextEquiv>
            </TextLine>
            <TextLine id="r3l14" custom="readingOrder {index:13;}">
                <Coords points="887,1788 1717,1826 1951,1804 1953,1746 1791,1768 1525,1723 1408,1773 1198,1764 1140,1722 1063,1758 978,1712 888,1724"/>
                <Baseline points="894,1779 946,1779 999,1780 1051,1781 1104,1782 1156,1784 1209,1785 1261,1787 1314,1788 1366,1790 1419,1791 1471,1793 1524,1794 1576,1796 1629,1796 1681,1797 1734,1797 1786,1797 1839,1796 1891,1794 1944,1793"/>
                <TextEquiv>
                    <Unicode>Ob Er nit in einer gewußen diebs Rott vnd</Unicode>
                </TextEquiv>
            </TextLine>
            <TextLine id="r3l15" custom="readingOrder {index:14;}">
                <Coords points="880,1851 1250,1893 1346,1860 1439,1855 1440,1804 1375,1788 1142,1818 1102,1781 1018,1800 882,1786"/>
                <Baseline points="887,1839 914,1839 941,1838 968,1839 995,1839 1023,1839 1050,1840 1077,1841 1104,1841 1131,1842 1159,1844 1186,1844 1213,1845 1240,1847 1267,1848 1295,1850 1322,1850 1349,1851 1376,1853 1403,1854 1431,1856"/>
                <TextEquiv>
                    <Unicode>diebs Bande sich befinde</Unicode>
                </TextEquiv>
            </TextLine>
            <TextLine id="r3l16" custom="readingOrder {index:15;}">
                <Coords points="851,1950 1055,1971 1109,1940 1244,1983 1454,1956 1533,1988 1900,1954 1806,1889 1761,1917 1669,1887 1590,1930 1459,1889 1382,1912 981,1871 852,1903"/>
                <Baseline points="858,1941 909,1940 961,1941 1013,1941 1065,1941 1116,1943 1168,1944 1220,1944 1272,1946 1323,1947 1375,1949 1427,1950 1479,1950 1530,1952 1582,1952 1634,1953 1686,1953 1737,1953 1789,1952 1841,1952 1893,1950"/>
                <TextEquiv>
                    <Unicode>(: Nein Er wuße von keiner diebe bande</Unicode>
                </TextEquiv>
            </TextLine>
            <TextLine id="r3l17" custom="readingOrder {index:16;}">
                <Coords points="886,2031 925,2036 946,2016 966,2013 973,2018 987,2012 986,1941 974,1945 940,1978 918,1977 912,1972 904,1976 885,1975"/>
                <Baseline points="893,1997 922,1997 951,1995 980,1997"/>
                <TextEquiv>
                    <Unicode>mit.</Unicode>
                </TextEquiv>
            </TextLine>
            <TextLine id="r3l18" custom="readingOrder {index:17;}">
                <Coords points="1737,2076 1755,2073 1768,2083 1779,2078 1808,2092 1852,2059 1867,2069 1908,2072 1902,1979 1881,1978 1852,2001 1808,1992 1777,2011 1767,2007 1753,2018 1734,2016"/>
                <Baseline points="1743,2058 1769,2058 1795,2056 1821,2054 1847,2051 1873,2051 1899,2052"/>
                <TextEquiv>
                    <Unicode>Repl.</Unicode>
                </TextEquiv>
            </TextLine>
            <TextEquiv>
                <Unicode>Ob Er nit auch geholffen die Gstohlnen sachen
hinweg tragen
die Gsellen so eingebrochen habend Ihm auch
einen Bundtel angehäncft
Daß Er für Zeug in dem Bundtel getragen.
Er wuße es nit, sie haben Ihm keinen Antheil
am Zeug, sonderen nur die 10: batz. geben.
Ob Er nit auch einen Bohrer gehabt:
Ja: aber Er habe nit gebohret, sonderen die
Anderen denen Er den Bohrer entlehnt.
Wo Er diesen Bohrer bekommen.
Er habe denselben in Eines Bauuhren hauß
gefunden
Ob Er nit in einer gewußen diebs Rott vnd
diebs Bande sich befinde
(: Nein Er wuße von keiner diebe bande
mit.
Repl.</Unicode>
            </TextEquiv>
        </TextRegion>
        <TextRegion orientation="0.0" type="page-number" id="r4" custom="readingOrder {index:2;} structure {type:page-number;}">
            <Coords points="2098,578 2100,737 2177,737 2175,578"/>
            <TextLine id="r4l1" custom="readingOrder {index:0;}">
                <Coords points="2094,694 2110,696 2119,688 2137,693 2153,682 2170,687 2176,681 2186,680 2175,614 2142,613 2134,607 2117,628 2112,626 2108,630 2093,624 2084,625"/>
                <Baseline points="2100,687 2125,682 2151,679 2177,674"/>
                <TextEquiv>
                    <Unicode>97</Unicode>
                </TextEquiv>
            </TextLine>
            <TextEquiv>
                <Unicode>97</Unicode>
            </TextEquiv>
        </TextRegion>
        <TextRegion orientation="0.0" type="paragraph" id="r7" custom="readingOrder {index:3;} structure {type:paragraph;}">
            <Coords points="2188,712 2188,1961 3344,1943 3344,694"/>
            <TextLine id="r7l1" custom="readingOrder {index:0;}">
                <Coords points="2218,766 2619,727 2707,766 2760,730 2985,781 3085,752 3341,777 3353,664 2950,713 2826,646 2590,691 2494,654 2440,696 2220,652"/>
                <Baseline points="2226,726 2281,725 2337,726 2393,726 2449,726 2505,726 2561,728 2617,729 2673,730 2729,731 2785,732 2840,734 2896,735 2952,737 3008,738 3064,740 3120,741 3176,741 3232,743 3288,744 3344,744"/>
                <TextEquiv>
                    <Unicode>Repliciert, daß seyn mit die Wahrheit, Er habe</Unicode>
                </TextEquiv>
            </TextLine>
            <TextLine id="r7l2" custom="readingOrder {index:1;} place {offset:12; length:7;}">
                <Coords points="2230,817 3141,812 3243,848 3339,832 3341,782 2926,782 2856,737 2690,771 2620,728 2444,766 2312,731 2231,768"/>
                <Baseline points="2238,792 2292,791 2347,791 2402,789 2457,789 2511,791 2566,791 2621,792 2676,794 2730,796 2785,798 2840,800 2895,803 2949,806 3004,807 3059,810 3114,812 3168,813 3223,816 3278,818 3333,818"/>
                <TextEquiv>
                    <Unicode>Ja schon zu Atiugen bekennt, daß Er in Einer</Unicode>
                </TextEquiv>
            </TextLine>
            <TextLine id="r7l3" custom="readingOrder {index:2;}">
                <Coords points="2227,867 2901,908 2988,871 3249,919 3251,848 3140,812 3023,848 2811,813 2618,841 2544,800 2229,819"/>
                <Baseline points="2235,860 2285,858 2335,857 2386,855 2436,855 2487,855 2537,855 2587,857 2638,858 2688,860 2739,863 2789,864 2839,867 2890,869 2940,871 2991,873 3041,875 3091,876 3142,878 3192,879 3243,881"/>
                <TextEquiv>
                    <Unicode>diebe-Rott stehe, auch angezeigt, wie sie sich</Unicode>
                </TextEquiv>
            </TextLine>
            <TextLine id="r7l4" custom="readingOrder {index:3;}">
                <Coords points="2228,919 2239,916 2266,929 2304,920 2329,938 2362,943 2389,919 2407,923 2426,915 2425,876 2369,874 2337,897 2319,889 2309,895 2291,890 2268,872 2244,879 2228,871"/>
                <Baseline points="2235,917 2261,918 2287,918 2313,917 2339,916 2365,915 2391,915 2418,917"/>
                <TextEquiv>
                    <Unicode>nambse</Unicode>
                </TextEquiv>
            </TextLine>
            <TextLine id="r7l5" custom="readingOrder {index:4;}">
                <Coords points="2212,999 2621,992 2673,1030 2979,1000 3107,1037 3218,1001 3294,1034 3323,931 3111,976 2632,932 2574,970 2401,918 2337,968 2213,943"/>
                <Baseline points="2220,986 2274,987 2329,987 2384,987 2438,989 2493,990 2548,990 2602,992 2657,993 2712,995 2767,996 2821,998 2876,998 2931,999 2985,1001 3040,1001 3095,1002 3149,1002 3204,1002 3259,1002 3314,1002"/>
                <TextEquiv>
                    <Unicode>hieraußf bekannte Err Endtlichen, daß Er zu Ating</Unicode>
                </TextEquiv>
            </TextLine>
            <TextLine id="r7l6" custom="readingOrder {index:5;} person {offset:25; length:6;}">
                <Coords points="2203,1088 2330,1089 2433,1048 2530,1094 2654,1056 2877,1099 2969,1063 3103,1084 3104,1031 2980,1008 2936,1030 2879,995 2760,1028 2618,994 2205,1005"/>
                <Baseline points="2211,1047 2255,1047 2299,1047 2343,1047 2388,1047 2432,1049 2476,1049 2520,1049 2565,1050 2609,1050 2653,1052 2697,1053 2742,1054 2786,1055 2830,1056 2874,1058 2919,1060 2963,1061 3007,1063 3051,1065 3096,1067"/>
                <TextEquiv>
                    <Unicode>gesagdt, Er seye von der Spring Rott.</Unicode>
                </TextEquiv>
            </TextLine>
            <TextLine id="r7l7" custom="readingOrder {index:6;}">
                <Coords points="2344,1115 2360,1116 2369,1125 2378,1119 2390,1125 2427,1115 2464,1115 2472,1121 2511,1114 2511,1062 2493,1059 2475,1072 2433,1048 2405,1075 2384,1059 2362,1070 2344,1068"/>
                <Baseline points="2351,1112 2376,1109 2402,1109 2428,1109 2453,1110 2479,1110 2505,1110"/>
                <TextEquiv>
                    <Unicode>Viel und</Unicode>
                </TextEquiv>
            </TextLine>
            <TextLine id="r7l8" custom="readingOrder {index:7;}">
                <Coords points="2224,1193 2348,1166 2500,1200 2538,1163 2636,1155 3072,1208 3074,1112 3021,1090 2796,1134 2708,1107 2673,1138 2226,1100"/>
                <Baseline points="2232,1154 2273,1152 2315,1152 2357,1152 2398,1152 2440,1153 2482,1154 2523,1154 2565,1155 2607,1157 2649,1158 2690,1158 2732,1160 2774,1161 2815,1163 2857,1163 2899,1164 2940,1164 2982,1164 3024,1164 3066,1164"/>
                <TextEquiv>
                    <Unicode>Wie mancher in dieser Rott seye</Unicode>
                </TextEquiv>
            </TextLine>
            <TextLine id="r7l9" custom="readingOrder {index:8;}">
                <Coords points="2218,1308 2477,1263 2707,1314 3172,1269 3140,1200 2869,1245 2772,1202 2716,1227 2554,1202 2466,1237 2219,1193"/>
                <Baseline points="2225,1269 2272,1267 2319,1266 2366,1265 2413,1265 2460,1265 2507,1265 2554,1265 2601,1266 2648,1266 2695,1268 2742,1268 2789,1269 2836,1269 2883,1269 2930,1271 2977,1271 3024,1271 3071,1269 3118,1269 3165,1268"/>
                <TextEquiv>
                    <Unicode>Er Wuße es mit, Erkenne Niemand</Unicode>
                </TextEquiv>
            </TextLine>
            <TextLine id="r7l10" custom="readingOrder {index:9;} person {offset:27; length:6;}">
                <Coords points="2230,1392 2314,1414 2394,1377 2496,1421 2559,1375 2640,1376 2741,1421 2967,1415 3014,1379 3244,1398 3259,1339 2231,1324"/>
                <Baseline points="2237,1379 2287,1377 2338,1376 2389,1374 2440,1373 2490,1373 2541,1373 2592,1373 2643,1373 2693,1374 2744,1374 2795,1376 2846,1376 2896,1377 2947,1379 2998,1379 3049,1380 3099,1380 3150,1380 3201,1380 3252,1380"/>
                <TextEquiv>
                    <Unicode>Ob Er mit auch den Metzger Pastar kenne.</Unicode>
                </TextEquiv>
            </TextLine>
            <TextLine id="r7l11" custom="readingOrder {index:10;}">
                <Coords points="2218,1492 2419,1523 2525,1478 2802,1476 2882,1519 2932,1491 3021,1530 3132,1498 3308,1529 3309,1444 3095,1457 2854,1394 2795,1435 2451,1411 2352,1455 2218,1414"/>
                <Baseline points="2225,1481 2278,1479 2332,1478 2386,1476 2440,1475 2494,1475 2548,1473 2601,1473 2655,1473 2709,1473 2763,1474 2817,1475 2871,1476 2925,1477 2978,1478 3032,1481 3086,1482 3140,1485 3194,1488 3248,1491 3302,1494"/>
                <TextEquiv>
                    <Unicode>Mein Er habe von demselben nie nichts gehordt.</Unicode>
                </TextEquiv>
            </TextLine>
            <TextLine id="r7l12" custom="readingOrder {index:11;}">
                <Coords points="2195,1613 2775,1646 3126,1603 3212,1645 3237,1565 2885,1569 2773,1533 2508,1574 2194,1529"/>
                <Baseline points="2201,1607 2252,1605 2303,1605 2355,1604 2406,1604 2458,1602 2509,1602 2561,1602 2612,1602 2664,1601 2715,1601 2766,1601 2818,1601 2869,1601 2921,1601 2972,1601 3024,1602 3075,1602 3127,1602 3178,1604 3230,1604"/>
                <TextEquiv>
                    <Unicode>Weilen nun dieser Kerl nichts Weiters ge¬</Unicode>
                </TextEquiv>
            </TextLine>
            <TextLine id="r7l13" custom="readingOrder {index:12;}">
                <Coords points="2177,1680 2278,1662 2358,1701 2525,1660 2698,1701 3106,1666 3208,1699 3283,1690 3284,1634 2764,1651 2264,1606 2177,1636"/>
                <Baseline points="2184,1667 2238,1665 2293,1663 2347,1662 2402,1662 2457,1661 2511,1662 2566,1662 2620,1662 2675,1664 2730,1665 2784,1665 2839,1667 2893,1668 2948,1668 3003,1670 3057,1670 3112,1670 3166,1670 3221,1669 3276,1668"/>
                <TextEquiv>
                    <Unicode>ständig seyn wollen, wurde Er wider an sein ohrt</Unicode>
                </TextEquiv>
            </TextLine>
            <TextLine id="r7l14" custom="readingOrder {index:13;}">
                <Coords points="2177,1763 2187,1763 2209,1741 2230,1747 2258,1721 2283,1743 2304,1721 2348,1717 2365,1724 2363,1671 2330,1692 2276,1662 2235,1689 2205,1684 2189,1697 2175,1696"/>
                <Baseline points="2183,1721 2212,1722 2241,1721 2270,1718 2299,1718 2328,1716 2357,1718"/>
                <TextEquiv>
                    <Unicode>geführt,</Unicode>
                </TextEquiv>
            </TextLine>
            <TextLine id="r7l15" custom="readingOrder {index:14;}">
                <Coords points="2380,1734 2948,1754 3183,1720 3245,1745 3244,1693 3138,1667 2877,1708 2774,1669 2654,1705 2492,1666 2380,1698"/>
                <Baseline points="2387,1727 2429,1727 2472,1727 2514,1728 2557,1728 2599,1728 2642,1728 2684,1730 2727,1730 2769,1730 2812,1730 2854,1730 2897,1730 2939,1728 2982,1728 3024,1727 3067,1726 3109,1725 3152,1724 3194,1722 3237,1719"/>
                <TextEquiv>
                    <Unicode>Vnd darauf vorde sein</Unicode>
                </TextEquiv>
            </TextLine>
            <TextLine id="r7l16" custom="readingOrder {index:15;}">
                <Coords points="2165,1802 2275,1780 2349,1792 2379,1813 2444,1784 2484,1801 2517,1783 2569,1796 2567,1733 2548,1728 2495,1752 2465,1737 2422,1754 2371,1713 2304,1722 2285,1742 2255,1725 2228,1748 2209,1740 2186,1762 2164,1761"/>
                <Baseline points="2171,1787 2197,1784 2223,1781 2249,1778 2275,1776 2301,1775 2327,1773 2353,1773 2379,1772 2405,1772 2431,1772 2457,1772 2483,1773 2509,1773 2535,1773 2561,1775"/>
                <TextEquiv>
                    <Unicode>Weib vorgelaßen</Unicode>
                </TextEquiv>
            </TextLine>
            <TextLine id="r7l17" custom="readingOrder {index:16;} person {offset:0; length:7;}">
                <Coords points="3022,1960 3075,1968 3107,1948 3141,1954 3162,1945 3205,1959 3233,1932 3264,1947 3263,1887 3204,1860 3185,1871 3173,1863 3151,1872 3130,1862 3116,1868 3095,1854 3049,1881 3021,1878"/>
                <Baseline points="3029,1926 3054,1926 3079,1925 3105,1925 3130,1925 3155,1923 3181,1923 3206,1923 3231,1923 3257,1925"/>
                <TextEquiv>
                    <Unicode>Elßbeth.</Unicode>
                </TextEquiv>
            </TextLine>
            <TextEquiv>
                <Unicode>Repliciert, daß seyn mit die Wahrheit, Er habe
Ja schon zu Atiugen bekennt, daß Er in Einer
diebe-Rott stehe, auch angezeigt, wie sie sich
nambse
hieraußf bekannte Err Endtlichen, daß Er zu Ating
gesagdt, Er seye von der Spring Rott.
Viel und
Wie mancher in dieser Rott seye
Er Wuße es mit, Erkenne Niemand
Ob Er mit auch den Metzger Pastar kenne.
Mein Er habe von demselben nie nichts gehordt.
Weilen nun dieser Kerl nichts Weiters ge¬
ständig seyn wollen, wurde Er wider an sein ohrt
geführt,
Vnd darauf vorde sein
Weib vorgelaßen
Elßbeth.</Unicode>
            </TextEquiv>
        </TextRegion>
    </Page>
</PcGts>
