4032 3024
955 606 1848 716 isem nach ist auch Examiniert
879 683 1699 784 worden BArbli Schuttel
1048 745 1693 853 auß der Kilchor Hochstetten
768 815 1893 957 Wie sein Mann heiße und wo Er sich diß¬
875 897 1243 985 nahlen aufhalte
773 960 1814 1083 Sein Mann heiße Alli Aschlimann Et
862 1041 1713 1140 wüße aber nit wo Er dißmahlen seyt
769 1135 1853 1249 Wie langet albereit von Ihm hinweg seye.
756 1226 1867 1330 Es seye Marn drey wuchen daß es vor Ihm
838 1298 1870 1397 gangen, Sie habend mit Ein anderen und sich
823 1361 1873 1461 ab gegen Urtenen ein Lechen gesucht, und alß
821 1415 1874 1521 sie keines gefunden, habe Er vorgeben Er wolle
830 1489 1865 1585 gen Tröschen seithar habe es mit von Ihm Ver¬
836 1550 1862 1657 nomen. Es aber habe auß Armit bey 14
821 1596 1875 1704 Tagen daher bättlen mußen und auß man¬
823 1673 1860 1780 gel sein rohtes wullhemb verkauft. Auf
829 1736 1830 1842 dem Weg habe es einen bosen fuß bekommen
818 1791 1794 1899 da habe mann Ihns zur Papyr mühli ge¬
820 1849 984 1953 wiesen
1640 1938 1702 2013 E.
2128 644 3304 759 Ob es die Anderen Mäydtlin die Mann
2191 727 3309 835 neben Ihme bey der Papyr mühl; angetroffen
2182 776 3229 880 zu vor nit schon mehr gesechen und gekemnt
2108 862 3115 976 sein Es habe sie zu vor mit gekennt.
2099 961 3156 1080 Ob Es wüße wo das Engistholtz seye
2106 1057 3304 1165 Ja, Es seye vor diesem viel da durch gangen.
2102 1163 3252 1267 Wo vnd an welchem Orthes verwichenen
2167 1233 3142 1345 Frystag 4. wuchen sich aufgehalten habe
2096 1324 3290 1450 Es seye damahlen zu urtenen ghin und habe
2173 1402 2619 1491 ein Rechen gesucht
2069 1440 3268 1572 Ob Es den Bendicht Gaßer und Wilhelmtt,
2309 1544 2339 1625 2
2150 1530 2292 1606 fenne
2077 1593 2836 1709 Es kenne keinen von Ihnen
2076 1700 2926 1810 Ob Es den Blafellahnkenne
2089 1778 3019 1883 4a Er seye seines Manns Bruder
2080 1857 3175 1966 Ob Es mit von Einem Mann gehordt der
2157 1921 2685 2024 Hlaus Pfäsfl heiße
2076 1985 2863 2106 derselbe seye sein Schwäger
2132 2047 2782 2158 Weiters will es nichtswußen.
