4032 3024
793 557 893 661 286
925 634 1753 794 Wie Vnd wormit Er sich erhalte.
914 750 1933 916 Er seye ein Mannen flicker und Keßler
935 826 1698 966 darmit suche Er sich zu erhalten
898 943 1975 1099 Wo Er sich, seithar Er alhier gefangen gewe¬
905 1017 1371 1119 den, aufgehalten?
912 1123 1693 1252 hier im Landt, da Er gekeßlet.
834 1208 1980 1384 EOb Er nicht inderem Schein des Keßlens auch
880 1313 1152 1411 gestohlen?
895 1388 1974 1520 Gar nichts Äußert einem Keß bym Siechen
877 1455 1979 1565 hauß, Worauff Er den Verlauf dieses diebstahls
881 1546 1975 1653 erzehlte, wie im Examen von Solothurn enthal¬
881 1584 955 1678 tey.
887 1653 1956 1778 Ver Ihme bey diesem diebstahl behulfflich gsen.
819 1736 1927 1883 R durß Zimmermann von Atzistorff so auch bey
870 1836 1935 1947 35: Jahren alt. Beschriebe auch selbigen, wie im
863 1894 1718 2000 Sollothurnnschen Examen vermeldet.
2060 651 2171 765 287
2084 738 3247 832 E Wo Sie das Kupfer von dem Keßi, Während¬
2165 814 3285 918 der Zeit, biß Sie es Nach Langenthal vnd Sollothuen
2162 862 2788 966 getragen, verwahret gehabt.
2087 947 3250 1067 R. da solches am Bättag zu nacht gestohlen worden
2155 1020 3278 1099 habe sein gespahn am Zinstag den Boden Nachlau¬
2158 1082 3260 1181 Zenthal getragen, das ander haben Sie im holtzlic
2165 1135 2952 1246 Hym Siechenhauß Versteckt gehabt.
2177 1234 3077 1349 Wann Sie dann das Ander geholt?
2179 1322 3251 1437 Am Hinstag her nach habe Er allein das ander
2144 1397 3221 1487 so noch gewesen abgeholt, und nach Collothurn
2146 1452 2878 1554 getragen, so bey 19. t. gewesen
2110 1534 3224 1646 Repliciest Es müße mehr Kupfer ghin seyn dann
2147 1613 2822 1716 das Keßi über 100 tt gewogen
2152 1730 3221 1834 Es seye einmahl nit mehr gsin habe auch nicht
2153 1783 3223 1882 nehrers gehabt noch verkaufft als waß Er nach
2134 1837 3212 1950 Sollothurn getragen das Eisenwerck müße viel
2133 1899 2500 1984 Gewogen haben.
2117 1966 2846 2089 So das Eisenwerck hinkomen
3056 2020 3149 2134 H.
