4032 3024
758 603 882 712 928.
901 640 1874 774 Matten das Pfundt umb 6. b. verkauft
901 749 1953 889 hierauff wurde Ihm von MHh. Examinato¬
907 824 1942 960 ren diesem Zimmermann ernstlich zugesprochen
907 877 1962 1005 und Verdeutet, daß dieses mit die wahrheit vnd
883 937 1940 1075 Er ohne Zweiffel dieses keßi entwendet habe
889 1018 1926 1156 solle also anzeigen wein, und wo Er solches
895 1090 1106 1167 genommen
893 1150 1947 1261 Allein deßen ohngeacht hatt Er nit bekanndt
892 1207 1897 1342 lich seyn wollen, daß Er nit bekandtlich seyn
899 1271 1453 1379 wollen Solches genomen
881 1354 1863 1458 Alß Er aber wider hin auff an sein Orth ge¬
869 1413 1901 1524 führt worden ist Er dem Prososen gestanden
877 1486 1913 1596 daß Er selbiges zu Schaffhausen genomen.
1540 1694 1717 1839 WVie d
2057 686 2164 794 129
2183 726 3261 873 Vie nun den 14. Dito Muhhl. Excaminator
2161 816 3240 933 sich abermahlen in ie Gefangenschafft begeben
2159 890 3199 996 und den Zimmermann wegen dieses Reßis zu
2164 933 2451 1022 ved gestoßen
2148 988 3232 1104 hat derselbe seine vorige bekandtnuß daß se das
2147 1083 3260 1178 Reßi von einem Mann vmb 1. thrl. gekaufft wider¬
2141 1138 2245 1230 holt
2152 1211 3226 1299 Vnd als Ihme hier auf vorgehalten worden, daß
2141 1260 3241 1358 Er Ja bereits dem Provosen gestanden, solches zu
2143 1341 3171 1445 Schafhausen entwendt zu haben; Sogdte Er Er¬
2144 1396 2754 1501 wolle es doch gestohlen haben
2119 1472 3186 1588 Deßt wegen dann auf so hart nechiges verluug
2140 1550 3151 1651 nen und so offtmahlige HerEnderung seiner
2140 1598 3163 1708 Bekandtnuß selbiger an die Marter geschlagen
2147 1667 3229 1762 und zu zweyen Vnderschidelichen mahlen darmit
2996 1720 3181 1767 bekennt vnd
2137 1726 3211 1823 gefeikt worden, da Er dann Endtlichen darauff
2139 1781 3170 1874 beharret, daß Er das Kesi Nachtlicherweyl
2144 1864 3011 1960 zu Schaffhausen habe helffen stählen sin
2132 1925 2964 2040 anderen fur seinen Theil 1. thrl. geben
2932 2021 3138 2128 Solchem
