4032 3024
811 569 910 675 158
934 620 1892 795 habe dieses Barbli Moser auch geholffen
924 741 1827 864 als sie zu Mahlsecken bey Reiden einge¬
919 783 1708 881 brochen und die Brodt genommen. und
910 861 1885 1001 Seye es auch bey Ihnen gsie, alß sie zu Me¬
913 921 1841 1046 rischwand bey damerfahlen die 2. Jussils
914 990 1896 1100 ab dem Speicher genomen damahlen seyen der
911 1036 1862 1150 allenfridlin der Schuethön, Er, und der An¬
904 1089 1816 1225 dere Spring Caspar bey Einanderen Ghin
911 1178 1851 1315 Wie dann dieser andere Spring Caspar
907 1246 1480 1356 außsache und gefleidt seyn.
907 1324 1868 1434 Er habe Braunfalbe haar und einen Braunen
890 1389 1562 1492 Rockan mit Meschoren knopfen
1480 1453 1662 1521 derselbe
896 1460 1926 1593 Wo und an welchen Ohrten dieser Spring Paspor
888 1528 1480 1630 allenthalben eingebrochen.
892 1589 1862 1703 In den Speicher da sie die fuhiln genommen
869 1687 1861 1815 Repliciert das seye nit die wahrheit dann
862 1764 1850 1869 Er vormahls gesagdt, daß an dem ohrt da sie
866 1816 1811 1939 die 2. fusils vnd hembder genommen, seye
872 1876 1834 2013 neben Ihme, dem Allenfridlin vnd Schuethöni
1682 2001 1776 2075 noch
2030 658 2138 763 159
2156 684 3242 808 noch der Rohtzeiger, undmit noch ein anderer
2153 765 2838 868 Spring 2astar bey Ihnen Gsin
2137 824 2943 940 Wor auff Er nichts geantwortet.
2156 925 3253 1054 Ob nit der Zurich hannslin vnd Er im Lierner
2144 1004 2604 1113 zubieth eingebrochen
2157 1093 2293 1161 Mein
2177 1170 3223 1304 Ob mit der Hanns Müller und Er an Einem
2134 1257 3019 1369 Orth bey Grembgardten eingebrochen.
2083 1322 2317 1438 H. Mein
2161 1468 2900 1580 Ob Er niemahl zu zustikon gsin.
2084 1554 3202 1683 R. Ja., aber Er seye daselbsten in des Amamshaus¬
2101 1631 2609 1738 Ehrlich über nacht 9sin
2105 1714 3187 1835 Repliciert Warumb Er dann gestrigen Tags
2125 1797 3167 1904 gelaugnet und nit gestehen wollen, daß Er zu
2108 1849 3194 1952 Zustikon ghin, Er solle nun anzeigen und bekenn
2105 1913 3172 2019 Waß der Hannß Pfister, das barbl. Moser vnd
2105 1972 2701 2076 Er dorthen gestohlen haben.
2999 1998 3069 2120 H
