4032 3024
804 582 888 676 156
930 662 1929 808 Er habe 5. Sohn, Selbige Ziehend auch im
911 726 1778 838 Land herumb und machend Rytteren
923 821 1943 959 Wie Sie gekleidt und wie alt sie seyend, auch
916 888 1279 987 wie sie außsehindt
920 980 1853 1082 Er wüße dißmahlen nit wie sie gekleidt,
893 1045 1887 1159 dann Er selbige bey 2tn Jahren daher mit
886 1115 1903 1213 gesuchen, Einihe von Ihnen seyen älter als
886 1181 1872 1295 Er, die anderen aber Jünger, und habendt
896 1217 1546 1327 ins gesambt Braunfalbe haar
888 1297 1467 1431 Wo Er Sie zuletzt gesuchen
904 1401 1406 1512 Im Linerner Gebieth.
889 1495 1912 1616 Wo sie getauft und waß Glaubens sie seyen.
866 1577 1804 1705 Efüße mit wo sie getauft worden, seyend
872 1663 1603 1767 diß mahlen Papistischer Religion.
848 1723 1847 1860 Weilen nun auß diesem Castar Spring ohn¬
861 1805 1895 1912 znacht alles zu sprechens und bfft angewendter
851 1845 1871 1983 marter, Nichts weiters gebracht werden können.
1645 1963 1772 2047 hatt
2018 656 2102 755 157
2126 696 3214 814 ett Mufhl. Examinator Ihne für dißmahl
2141 758 2926 858 widrumb an sein Ohrt thun laßen
2155 883 3235 1030 den 27. Aprilis hatt sich M. hh. Rahtsherr
2122 993 3176 1089 Escharner beynebens Ihr Gel. dieneren
2111 1041 3244 1154 H. Großweibel und Grichtschreiberen, aber
2132 1104 3247 1212 mahl in die Gefangenschafft begeben umb zusechen
2128 1165 3196 1269 und trachten, Ob dieser Spring zosfar über den
2109 1227 3220 1319 Inhalt des Schreibens von Zurich, Vermitlist
2129 1284 3241 1394 Anwendung Mehrerer Marter zu einmfer be¬
2112 1342 2908 1442 kandtnuß gebracht werden könne
2103 1419 3202 1495 Wurde also derselbe auf abermahliges laug¬
2799 1477 2835 1517 d
2119 1471 3207 1566 nen anfangs mit dem 35. tt 2. vnd als solches
2126 1528 3160 1609 nichts verfangen wollen mit den 60. Edigen
2110 1583 2883 1688 Stein. auffgezogen und gefeckt
2092 1655 3190 1769 Da Er dann entlich bekandtlich worden, daß Er
2098 1724 3204 1827 Ja das Barbli Moser kenne, Welches bey Ihme
2108 1790 3178 1885 dem Allenfridlin vnd Schuethöni sich befunden
2102 1843 3143 1945 alß sie zu Schönen wehrt ein gebrochen vnd dem
2091 1907 3162 2012 Pfaßen daselbsten das eingesalzene Schwein vnd
2101 1973 2470 2058 Anken genommen.
2981 2009 3079 2097 2
