4032 3024
774 551 880 674 202/
851 619 1977 793 Er sich eine Zeit daher zugezogen: Wollen schlaßfen
861 715 1910 840 gehen habend die Magdt, so noch vor dem Hauß
869 761 1921 905 sich befunden, Ihme angezeicht der Ihr haubt
862 822 1921 965 nann Befinde sich sambt dem Knecht zu Utzigen,
859 878 1911 1006 und könne Er wohl indes Knechts stubtin gehen
822 946 1921 1068 schlaffen damahlen nun seye Ihm diese leidige
843 1013 1932 1129 that in Sinn komen also daß Er gegen 10. Uhren
853 1063 1896 1184 in der Nacht über das Tächlin hinüber in Ihr
848 1106 1912 1240 Hl. Herren Schultheißen von Graffenriedts
860 1187 1879 1280 auß gestigen, daselbst von der Lauben in das
848 1252 1875 1343 Gemach gangen, dar innen der H. Landtrogt
841 1298 1851 1398 von Bipp vor diesem, wann Er sich hier be¬
832 1354 1919 1469 funden geschlaffen, Vnd auß demselben Einen
840 1411 1887 1519 liberey Rock sambt zweyen Leinlachen ent¬
841 1495 1885 1583 wendt, darauff habe Er die Schnur von der
850 1533 1864 1606 iberer abgetröut vnd selbige umb den Leib
839 1584 1881 1685 gebunden und die Cassagen nach Freyburg ge¬
841 1632 1844 1756 tragen, vnd dorthen vmb 2. thrl. Verkaufft
826 1709 1848 1801 die Schnur aber habe Er widrumb mit Ihme
841 1773 1862 1877 alhar gebracht, die zwey Leinlachen habe Er
835 1827 1870 1936 in des Ihr Mäys haußgelaßen, biß Er wider
1642 1903 1747 2012 von
2040 674 2138 768 203.
2148 690 3220 819 von freyburg komen, da habe der Ihr Mar
2146 767 3267 881 Ihne dieses diebstahls wegen zured gesetzt, deme
2149 822 3232 930 Er dann alles bekennt, und die Leinlachen Ihr
2146 885 3256 996 gnl. Herren Schultzeißen Kammermagdt wi¬
2148 948 3235 1049 drumb zugestellt, die Cassaggen habe Mann von
2121 1005 2985 1119 Freyburg auch wider abholen laßen
2139 1075 3251 1191 Auß befragen auff Ob Er des Ihr Hauptmann
2134 1149 3233 1259 Mays knecht nichts von diesem diebstahl ange¬
2144 1233 2272 1315 zeigt
2133 1257 3201 1380 Sagidte Er Nein, Er habe Niemanden etwas
2139 1327 3243 1441 danvon angezeigt, auch Niemand darvon etwas
2138 1396 2634 1502 gewußt als Er allein
