4032 3024
757 518 806 606 86
844 574 1947 722 Wielang es seye, daß Er sich mit seinem diß
849 693 1807 779 mahligen weib habe zu samen geben laßen
840 751 1583 867 Et wann bey Acht Jahren umben
836 844 1941 965 Ob die Kinder so sein diß mahliges Weib gehabt
839 931 1371 1028 alle noch beyleben seyen
838 1040 1949 1147 das Uneheliche, vnd noch zwey von seinen, seyen
836 1097 1914 1205 gestorben, und ligend alle drey hier im Spittahl
830 1147 1708 1258 begroben, und habe Er noch 3. bey leben
815 1233 1912 1365 Weilen nun dieser Bucher auf solcher seiner
818 1337 1922 1409 bekandtnuß beharret, alß ist derselbe außbe¬
821 1395 1903 1478 felch auß Mb Hh. Examinatoren widrumb sein
818 1440 1925 1539 ohrt geführt und demnach auch vorgelaßen worden
817 1503 994 1603 worden
1504 1673 1852 1786 Hannß Wahll
2083 603 2171 696 87.
2406 593 3183 726 Hanns Wahlli vorein waldt
2430 669 2841 783 Ambts arburg
2252 767 3296 900 auß waß ursachen Er droben auff Egg dem
2212 849 3297 954 Sucher sein weib also angefallen, vnd tractiert
2212 922 3318 1061 Sie haben Ihn hie vor schon zweymahl angegriffen
2200 984 3257 1092 Namblich zu Büchßlen, da der Bucher und sein
2196 1053 3275 1150 Bruder Ihne Wahlli als Er sein Kindtgetragen.
2194 1106 3301 1211 angriffen, ohne daß Er Ihnen etwas in weg gelegdt
2150 1176 3302 1293 Repliciert Er habe Ja des Buchers zu Erst angefallen
2143 1276 3288 1399 Antw. Er habe Ihr mit der handt ins gesicht gegriffen
2179 1384 3254 1503 Auß waß ursachen Er gesagdt der Bucher habe
2188 1470 3250 1566 so viel nämblich 6. oder 1. uneheliche Kinder
2185 1527 2331 1599 gehabt
2178 1579 3253 1707 Er habe in seinem schlechten Verstandt gemeint
2180 1663 3211 1780 das seye kein Ehe, wann mann sich an Einem Pa¬
2187 1714 2909 1829 gistischen ohrt laße zusamen geben.
2188 1822 3232 1950 Warumb Er mit des Buchers Weib also vmb
2174 1910 3212 2012 her gezogen, und zwar also daß Er ein mnthelich
2167 1957 2965 2050 Kindt in Ehebruch bey Ihra gezeuget
2174 2024 3032 2123 Ja Es seye wahr, und seye Ihme auch leidt
