4032 3024
805 564 898 659 306
937 632 1953 756 überbracht, Sie wäre sehr abgemattet, konte
932 696 1954 848 weder Sfeiß noch tranck bey Ihra behalten, die
910 750 1958 898 klagdte, daß Sie schon bey Etlich weichen mit dem
904 822 1974 967 Auor alb: oder der weißen Kranckheit behafftet
924 890 1936 1002 gewesen, worbey sie große Mattigkeit der
911 939 1939 1067 beinen, Schmertzen im Ruggen, blähungen vnd
898 999 1989 1135 kleinen im Bauch und etwas wenige S. h. fuß¬
905 1055 1934 1190 geschwulst gegen Abend gehabt habe; hierauß
896 1123 1974 1244 habe eine Cachenia geschloßen ex depravatione
910 1185 1940 1317 nutritionis oder Junci entritu weilen der
886 1252 1913 1365 Natürliche lebenshafft und das geblut ver¬
896 1313 1943 1430 derbt gewesen; Jntz aber sagdte Sie, Sie habe
890 1392 1949 1489 deit vor 8. Tagen einen bestündigen F. h. durch
898 1450 1921 1549 lauf unVerdanclichkeit der Speisen, daß sie
892 1511 1910 1622 sich öffters müße erbrechen, und darzu ein
883 1567 1931 1685 unleidenlicher durst, darauß schloße ich daß
890 1624 1935 1741 bey der Cachesia noch eine Lienteria sich finde,
893 1690 1918 1789 weilen propter levitatem Intestinor um die
883 1765 1954 1865 ungedenkten Speißen wider per sedes et Domi¬
878 1821 1952 1932 tus von Ihr giengen, anbey sagdte Sie, erst nachten
860 1876 1932 2007 Abends sey sie ein frost angestoßen, mit ab
1656 1974 1934 2080 Wächßlender
2062 693 2159 791 307
2195 693 3262 824 Vächslender hitze, großem haubtwehe, und habe
2170 790 3244 862 sie so Matt gemacht, daß sie Vast gar mit mehr
2177 848 3255 942 möge, weder kaltswaßer auch sagdt Sie daß Sie
2170 897 3258 1000 bey 5. stunden Zeit gebraucht habe, biß sie bey mir
2170 969 3268 1058 gewesen seye, ist also der Gantze zustandt meiner
2155 1031 3262 1132 Meinung nach, Erstlich eine Cachexia, worzu ein
2162 1089 3247 1192 Lienteria und letstlich ein Euber komen ist. Wei¬
2170 1161 3215 1256 ters ist mir nichts in wüßen. Indeßen befihle
2141 1226 3262 1340 Mihll. Groß in Gottes Gnädigem Machtschutze
2406 1306 2913 1422 Des hoch vnd Mhl.
2489 1382 3226 1486 und erthänigster dienstgefliß¬
2067 1413 2682 1539 Datum 29. octer nester
2651 1476 3106 1588 Matheuß Naher
2218 1514 2372 1609 1714
2560 1552 3137 1646 Meister in Burgdorff
2597 1611 2943 1700 et Philiatros
