4032 3024
788 558 847 649 48
858 581 1953 728 zweyen übrigen paquete strumpfen, so der
856 668 1966 790 seggi noch geklaget verlohren zu haben, hatt Zieter
832 745 1712 851 horn nichts wußen noch gestehen wollen
824 817 1958 962 Diesem nach wurde Er weiters befragt, Ob Er nit
852 892 1934 1019 auch vor diesem Rohte und weiße weiber srumpf
838 950 1718 1068 gehabt, und wo Er selbige bekommen habe
784 1053 1951 1161 E Er habe keine rohte, aber ein paar Weiße Weiber¬
845 1128 1933 1221 Brumpf gehabt, die Er von einem Mäydtlin vnd
829 1196 1928 1294 ein paar Schue ertauschet, welches Ihme noch 4. R
828 1238 1144 1332 heraußgeben.
745 1296 1909 1437 L. Wo Er mit diesem paar Weiberstrumpfen hin¬
829 1387 985 1472 kommen?
812 1473 1897 1570 Er habe selbige dem Sternenwührt alhier umb
819 1535 1258 1627 9. batzen Verkaufft.
724 1639 1882 1762 L. Wie lang es seye, daß Er das Letstemahl zu
808 1715 1172 1809 Arberg gewesen:
801 1796 1668 1922 Es werde künftigen Marit ein Jahr
1691 1802 1875 1922 daß Er
797 1871 1376 1988 das Letste mahl dorthgsin
1636 1945 1834 2075 E. O
2078 605 2156 692 49.
2211 634 3388 764 Ob Er nit auch strumpf dorthin getragen, vnd ver¬
2203 714 2386 808 hauft
2224 766 3382 871 ein Er habe keine strumpf nach Arberg getragen
2200 903 3349 999 Ob Er nit vor etwas Zeit bey auß einem laden
2185 966 3341 1072 tuch entwendt, so Ihme byn Zeit gloggenthur
2200 1029 2782 1134 wider abgesagdt worden
2188 1125 2269 1209 GA
2210 1202 3283 1311 Wegen dieses Suchs gabe Mitr Anthoni Schär
2182 1275 3304 1348 den Bericht daß solches Ihme zugehördt, und
2189 1330 2837 1436 Awann bey 3 Ellen gsin
2155 1400 3347 1538 Verners bekennte dieser Horn auch, daß Er auß
2176 1487 3293 1576 dem laden, nechst undenfür da Er vorgemelte
2164 1553 3287 1639 strumpf entwendt (: dem Bericht nach der Frl.
2156 1614 3288 1723 Jaggenen/ 42 Ellen Bauweligs Euch und ein
2160 1668 3296 1749 Racklin Schwartze seyden genommen die beyden
2164 1736 3274 1843 habe Er an der Anken Waag einem Menschen
2165 1787 2699 1892 umb 5. b. Verkauft.
2167 1874 3299 1974 die Maria Alen bey der Rosenfeldin so diese 2.
2173 1948 3299 2054 eyden Gekauft, gabe bericht daß sie Ihn beforderest
2151 2027 3313 2129 gefragt, wo Er die seyden bekommen und wie Er heiße.
2007 1864 2113 1940 Na
2052 1946 2144 2016 lodt
