4032 3024
757 552 873 656 114.
1051 513 1204 618 8
1025 573 1916 712 Ehristiari Sägißenmann
1133 662 1571 758 von Wattenwihl
868 698 1984 841 Nachdeme Hannß Mäßerlin von Hertzen see
877 806 1943 906 in dem, den 12: diß mit Ihme gehaltenen
890 867 1985 986 ramen auch bekennt, daß Cchristian Sagißten
862 924 1965 1039 Mann Ihme geholfen den Aubel mit Ancken
862 992 2000 1110 auß zun Ckyeneg Mattherss Keller mit wen¬
858 1061 1986 1175 den, Ist selbiger darauff eingezogen vnd duurch
847 1122 1951 1240 Ihr Gel. dienere Murthl. Großweibel vnd
850 1194 1940 1307 grihtschreiber den 28tn Marty diß 1714
862 1265 1959 1379 darüber examiniert, und Erstlichen befragt
860 1345 1005 1418 ub orden
832 1376 1451 1502 Normit Er sich erhalte.
887 1491 1956 1612 theils mit auffspihlen auf dem Hautbois
850 1565 1962 1647 und Ttheils mit Weiten wann etwann herren
850 1623 1875 1729 seines diensts von nöhten wie Er dann
849 1688 1855 1767 Reisen in und außert Landtsverrichte
853 1744 1962 1830 habe auch ohnlengsten mit einem herren eine Reiß ins Savoy gethan
871 1800 1875 1902 Ob Er mit den Hannß Mäßerlin kenne
848 1864 1896 1979 und Wann Er das Letste mahl boy Ihme
836 1943 974 2034 9sin
1707 1991 1813 2120 E.
724 832 841 907 undor
726 896 840 951 anderen
2093 645 2192 744 118
2854 678 2916 758 der
2260 695 3346 821 Eg kenne Ihn, und seyen sie vergangenen herbst
2255 776 2901 886 zu leß bey Ein anderen 9sin
2276 845 3292 970 Waß Sie damahlen mit Ein anderen ge¬
2233 933 2386 1020 macht
2261 977 3316 1107 der Mäßerlin habe seine Brauw vnd Er Sä¬
2227 1073 3331 1146 Gißenmann eine Liebste drunden zu Leutzburg
2224 1127 3317 1213 gehabt; da sage der Mäßerli zu Ihme Er solle
2221 1188 3279 1283 mit Ihme kommen, sie wollen etwas reichen
2209 1240 3316 1349 und solches seinem Weib vnd des Sagißmani
2202 1308 3307 1408 Liebsten schicken; habe Ihm aber nit angezeigt
2205 1357 3312 1470 wohin noch waß sie reichen sollen, Alß Ernun
2215 1418 3315 1519 mit dem Maßerlin an die Ancken wag kommen
2887 1480 2999 1524 daselbst
2199 1485 3243 1592 seye der Selbe in den Keller hinabgangen
2204 1528 3290 1647 und habe zurrst Einen halben fäß her auffge¬
3164 1595 3246 1635 einer
2187 1601 3254 1712 bracht und gesagde Er wolle Jetzund noch den
2189 1663 3259 1764 Anken Kubel holen, Er Sägißenmann aber
2181 1722 3292 1822 habe Ihm abgewehrt und Gesagdt Er solle doch den
2185 1804 3228 1893 Anken bleiben laßen, habe auch niemahlen
2192 1848 3207 1944 in Keller hinabwollen gen trincken, ohngeacht
2187 1922 3043 2015 der Maßerlin Ihn offtmahls geheißen
