4032 3024
801 585 892 703 318
927 636 2019 804 Großweibel Im hooffs und des Grichtschrei¬
931 723 1992 857 bers den 42: uud A4. dito sich in die gesan¬
916 790 1979 926 genschafft verfuegt und selbige noch mahlen
922 847 1976 979 ernstwohrtigklichen Volgends auch den durß¬
909 918 2000 1027 Zimmermann mit würcklicher Anwendung der
916 988 2001 1108 Einfachen und Lahren Marter Exeaminiert
922 1055 1959 1188 und Ward demnach der Anfang gemacht
920 1123 1017 1194 mit
1219 1142 1961 1273 asfar Weirmann
905 1242 1571 1355 Befragt Wo Er daheimb
894 1322 1917 1447 Antw. Sein Vatter seyr zu Schwartzen
901 1399 1979 1512 Burg daheumb gsin, Als Er aber sein Heimath
925 1469 1947 1575 aselbsten nit mögen erlangen, seyn Er in
895 1544 1963 1605 Brandenburg gezogen, und nachdeme Er von
917 1592 1949 1686 dorthen wider ins Landtkomen, habe Er eine
911 1651 1952 1764 Zeitlang im Buchegberg gewohnet und alda
907 1709 1110 1798 gekoßtet.
917 1764 1916 1901 Wo und an Welchem Orth Er und der
911 1854 1927 1940 Zimmermann zu samen komen und sich under
908 1914 1930 2024 redt, das keßi bym Siechenhauß zustählen.
1801 2010 1887 2116 R.
2066 680 2142 772 919
2222 749 3268 892 Sie habend Sich zu Burgdorff mit ein ander
2198 850 3236 941 underredt, daselbsten der Zimmermann Ihme
2182 910 3262 996 gesagdt, Es seye bym Siechenhauß ein Res so
2194 974 3289 1083 etwann 12. tb. oder mehr, schwär, dar von Jeden
2193 1034 3254 1132 2. thrl. bekommen könne, und seye, weilen kein
2182 1089 3226 1184 thuren daselbst, liecht zu bekommen, darauff
2177 1148 3207 1250 Er am Battag zu Münßigen 3 Predig gsin
2183 1204 3229 1290 und nach der Predig hinab gegen Badhauß
2171 1274 3247 1363 gangen alda Er dem durß Zimmermann, scel
2168 1319 3273 1420 cher von unden herauß kommen, gewahrtet, da dann
2173 1379 3216 1486 in der volgenden Nacht sie das Keßi genommen
2165 1461 3232 1528 ins holtz getragen und nechst bey einem Weg
2177 1500 3232 1586 in einen dicken Busch Versteckt Nachwehrts sey,
2153 1558 3265 1646 Er gen Bätterkinden vnd der ander zu seiner trucken
2461 1631 2580 1668 gederet
2166 1627 3235 1729 gangen, am mitten tag darnach aber vermög ge¬
2168 1684 3220 1791 nomener Abend wider ins holtzlin komen und mit
2146 1743 3217 1853 Einem biel, welches der Schmiedt von urthenen dem
2165 1809 3195 1906 Zimmermann entlehnt das Resti inholtz, theilt
2147 1870 3217 1974 zerhauwen, theils mit einer byß Zangen zurzegen
2164 1935 3217 2047 darvon der Zimmermann 45. tt nach Langen
2997 2023 3134 2110 thal
