<?xml version="1.0" encoding="UTF-8" standalone="yes"?>
<PcGts xmlns="http://schema.primaresearch.org/PAGE/gts/pagecontent/2013-07-15" xmlns:xsi="http://www.w3.org/2001/XMLSchema-instance" xsi:schemaLocation="http://schema.primaresearch.org/PAGE/gts/pagecontent/2013-07-15 http://schema.primaresearch.org/PAGE/gts/pagecontent/2013-07-15/pagecontent.xsd">
    <Metadata>
        <Creator>prov=University of Rostock/Institute of Mathematics/CITlab|PLANET AI GmbH/Gundram Leifert/gundram.leifert@planet-ai.de:name=Transkribus German Kurrent M2(htr_id=29820)::::v=2.6.7
prov=University of Rostock/Institute of Mathematics/CITlab|PLANET AI GmbH/Tobias Gruening/tobias.gruening@planet-ai.de:name=de.uros.citlab.module.baseline2polygon.B2PSeamMultiOriented:v=2.6.7
prov=University of Rostock/Institute of Mathematics/CITlab|PLANET AI GmbH/Tobias Gruening/tobias.gruening@planet-ai.de:name=/net_tf/LA73_249_0mod360.pb:de.uros.citlab.segmentation.CITlab_LA_ML:v=2.6.7
Transkribus</Creator>
        <Created>2022-05-02T16:14:01.680+02:00</Created>
        <LastChange>2023-06-19T09:23:40.205+02:00</LastChange>
        <TranskribusMetadata docId="1336519" pageId="52420937" pageNr="17" tsid="127233554" status="IN_PROGRESS" userId="68497" imgUrl="https://files.transkribus.eu/Get?id=KKKRJNBNETLILJNNDHJSIUSH&amp;fileType=view" xmlUrl="https://files.transkribus.eu/Get?id=YZPLSXPNAXWQAOFORCILOLTA" imageId="30694754"/>
    </Metadata>
    <Page imageFilename="IMG_7219.jpg" imageWidth="4032" imageHeight="3024">
        <ReadingOrder>
            <OrderedGroup id="ro_1687513552489" caption="Regions reading order">
                <RegionRefIndexed index="0" regionRef="r2"/>
                <RegionRefIndexed index="1" regionRef="r5"/>
            </OrderedGroup>
        </ReadingOrder>
        <TextRegion orientation="0.0" type="paragraph" id="r2" custom="readingOrder {index:0;} structure {type:paragraph;}">
            <Coords points="731,568 730,2014 1914,2021 1915,575"/>
            <TextLine id="r2l1" custom="readingOrder {index:0;}">
                <Coords points="868,650 1172,678 1213,648 1311,688 1421,649 1515,700 1673,674 1898,730 1917,639 1788,668 1722,625 1614,647 1508,600 1473,626 1434,584 1248,614 1207,584 872,588"/>
                <Baseline points="876,635 927,636 978,638 1030,639 1081,641 1133,642 1184,644 1236,645 1287,647 1339,648 1390,651 1441,654 1493,656 1544,660 1596,665 1647,669 1699,676 1750,683 1802,691 1853,700 1905,710"/>
                <TextEquiv>
                    <Unicode>Eo habe es wohl dorthen gesechen, Aber mit</Unicode>
                </TextEquiv>
            </TextLine>
            <TextLine id="r2l2" custom="readingOrder {index:1;}">
                <Coords points="856,709 942,743 1004,716 1061,748 1128,714 1247,757 1351,730 1530,770 1622,737 1675,756 1678,687 1310,689 1212,648 1171,678 1065,682 949,644 904,683 858,677"/>
                <Baseline points="864,698 904,698 944,699 984,699 1024,701 1065,701 1105,702 1145,703 1185,705 1225,707 1266,708 1306,710 1346,711 1386,714 1426,717 1467,719 1507,722 1547,726 1587,729 1627,731 1668,735"/>
                <TextEquiv>
                    <Unicode>mit Ihme gerndt, noch zuthun gehabt.</Unicode>
                </TextEquiv>
            </TextLine>
            <TextLine id="r2l3" custom="readingOrder {index:2;} place {offset:25; length:13;}">
                <Coords points="874,818 1049,808 1225,852 1272,812 1482,818 1537,872 1737,842 1920,879 1903,793 1229,768 1115,728 877,769"/>
                <Baseline points="882,807 933,807 985,807 1036,807 1088,807 1140,807 1191,809 1243,810 1294,812 1346,813 1398,816 1449,818 1501,821 1552,825 1604,828 1656,833 1707,837 1759,842 1810,847 1862,852 1914,858"/>
                <TextEquiv>
                    <Unicode>Ob Er nit ohnlangsten im Auggist holtz nit weit</Unicode>
                </TextEquiv>
            </TextLine>
            <TextLine id="r2l4" custom="readingOrder {index:3;}">
                <Coords points="838,891 896,873 973,914 1098,887 1137,911 1247,871 1419,920 1458,885 1545,904 1547,838 1349,817 1263,854 1084,812 1027,835 992,810 937,848 840,812"/>
                <Baseline points="846,872 880,870 915,870 949,869 984,869 1019,869 1053,869 1088,869 1123,869 1157,870 1192,870 1227,871 1261,872 1296,873 1331,875 1365,876 1400,879 1435,880 1469,882 1504,885 1539,887"/>
                <TextEquiv>
                    <Unicode>Vom Rohrbad getruncken habe.</Unicode>
                </TextEquiv>
            </TextLine>
            <TextLine id="r2l5" custom="readingOrder {index:4;}">
                <Coords points="857,978 924,966 1090,999 1221,965 1286,995 1326,973 1503,999 1504,926 1318,924 1294,901 1141,923 1099,887 993,926 930,878 858,883"/>
                <Baseline points="864,962 895,959 927,957 958,956 990,954 1022,953 1053,953 1085,953 1116,953 1148,953 1180,954 1211,955 1243,956 1274,957 1306,958 1338,960 1369,960 1401,962 1432,962 1464,963 1496,963"/>
                <TextEquiv>
                    <Unicode>Nein Er seye es nit gewesen</Unicode>
                </TextEquiv>
            </TextLine>
            <TextLine id="r2l6" custom="readingOrder {index:5;} person {offset:10; length:13;}">
                <Coords points="865,1071 927,1104 1064,1056 1462,1109 1569,1076 1646,1107 1698,1100 1700,1042 1616,1048 1564,1007 1379,983 1300,1016 972,1009 922,982 866,1008"/>
                <Baseline points="872,1062 913,1059 954,1058 995,1056 1036,1055 1077,1055 1118,1055 1159,1056 1200,1056 1241,1058 1282,1059 1323,1061 1364,1064 1405,1065 1446,1067 1487,1069 1528,1071 1569,1072 1610,1074 1651,1074 1692,1076"/>
                <TextEquiv>
                    <Unicode>Ob Er den Nilaus Pfästl kenne</Unicode>
                </TextEquiv>
            </TextLine>
            <TextLine id="r2l7" custom="readingOrder {index:6;}">
                <Coords points="856,1172 903,1161 917,1176 960,1179 1010,1148 1026,1158 1079,1144 1168,1180 1206,1154 1233,1167 1251,1158 1252,1102 1197,1083 1156,1117 1133,1105 1112,1119 1046,1069 1005,1100 961,1088 927,1104 902,1084 857,1086"/>
                <Baseline points="863,1137 888,1136 913,1136 939,1136 964,1136 990,1136 1015,1136 1040,1136 1066,1136 1091,1136 1117,1136 1142,1137 1167,1137 1193,1139 1218,1139 1244,1140"/>
                <TextEquiv>
                    <Unicode>Ja Erkenne Ihn</Unicode>
                </TextEquiv>
            </TextLine>
            <TextLine id="r2l8" custom="readingOrder {index:7;}">
                <Coords points="839,1249 961,1232 1029,1279 1062,1253 1391,1295 1468,1259 1565,1300 1694,1265 1845,1288 1846,1227 1722,1198 1578,1189 1508,1221 1388,1183 841,1191"/>
                <Baseline points="846,1238 895,1236 945,1236 994,1236 1044,1236 1094,1237 1143,1239 1193,1241 1243,1242 1292,1244 1342,1247 1392,1249 1441,1251 1491,1254 1541,1256 1590,1257 1640,1259 1690,1259 1739,1260 1789,1260 1839,1259"/>
                <TextEquiv>
                    <Unicode>Ob Er denselben Sym Loch nit Gholffen an</Unicode>
                </TextEquiv>
            </TextLine>
            <TextLine id="r2l9" custom="readingOrder {index:8;}">
                <Coords points="839,1314 856,1314 872,1303 890,1320 916,1320 959,1299 990,1309 1012,1302 1012,1257 985,1257 957,1233 913,1251 905,1245 875,1270 857,1253 840,1252"/>
                <Baseline points="846,1292 872,1293 899,1293 925,1292 952,1292 978,1293 1005,1295"/>
                <TextEquiv>
                    <Unicode>greifen</Unicode>
                </TextEquiv>
            </TextLine>
            <TextLine id="r2l10" custom="readingOrder {index:9;} place {offset:27; length:7;}">
                <Coords points="835,1381 1003,1374 1121,1422 1219,1386 1287,1424 1356,1385 1439,1433 1587,1392 1900,1418 1902,1355 1857,1332 1728,1367 1618,1328 1264,1353 1140,1308 1091,1339 837,1331"/>
                <Baseline points="843,1374 895,1374 948,1373 1000,1373 1053,1373 1105,1374 1158,1374 1210,1376 1263,1377 1315,1379 1368,1380 1420,1382 1473,1384 1525,1386 1578,1389 1630,1391 1683,1394 1735,1396 1788,1398 1840,1400 1893,1403"/>
                <TextEquiv>
                    <Unicode>Nein, Er seyt, damahlen zu Junigen indes</Unicode>
                </TextEquiv>
            </TextLine>
            <TextLine id="r2l11" custom="readingOrder {index:10;} person {offset:0; length:8;}">
                <Coords points="811,1471 959,1439 1051,1469 1309,1451 1418,1494 1873,1470 1838,1410 1439,1433 1373,1395 1287,1424 1197,1387 1069,1416 1002,1374 814,1382"/>
                <Baseline points="819,1439 871,1437 923,1436 976,1435 1028,1434 1080,1436 1133,1437 1185,1437 1237,1439 1290,1442 1342,1443 1394,1446 1447,1448 1499,1451 1551,1453 1604,1455 1656,1457 1708,1460 1761,1461 1813,1463 1866,1463"/>
                <TextEquiv>
                    <Unicode>Peisters Hauß über nacht ghe, Es werde aber</Unicode>
                </TextEquiv>
            </TextLine>
            <TextLine id="r2l12" custom="readingOrder {index:11;}">
                <Coords points="826,1516 1030,1544 1097,1505 1192,1551 1231,1524 1264,1545 1297,1525 1346,1549 1410,1538 1412,1482 1350,1486 1308,1452 1211,1480 1147,1451 1083,1484 1022,1479 981,1441 875,1472 828,1461"/>
                <Baseline points="834,1502 862,1502 891,1502 919,1502 948,1502 976,1502 1005,1502 1033,1503 1062,1504 1090,1505 1119,1506 1147,1506 1176,1508 1204,1509 1233,1511 1261,1512 1290,1514 1318,1515 1347,1517 1375,1519 1404,1520"/>
                <TextEquiv>
                    <Unicode>deßtwegen Bericht kommen</Unicode>
                </TextEquiv>
            </TextLine>
            <TextLine id="r2l13" custom="readingOrder {index:12;} place {offset:13; length:10;}">
                <Coords points="826,1610 906,1633 1003,1602 1198,1648 1436,1617 1607,1660 1645,1627 1858,1632 1831,1590 1545,1551 1475,1579 828,1532"/>
                <Baseline points="834,1599 884,1599 935,1601 986,1601 1037,1602 1088,1604 1139,1605 1189,1607 1240,1609 1291,1610 1342,1613 1393,1614 1444,1616 1495,1617 1545,1619 1596,1620 1647,1622 1698,1622 1749,1623 1800,1622 1851,1622"/>
                <TextEquiv>
                    <Unicode>Ob Er nit zu Kilchdorff im wührts hauß ge¬</Unicode>
                </TextEquiv>
            </TextLine>
            <TextLine id="r2l14" custom="readingOrder {index:13;}">
                <Coords points="821,1662 869,1686 1059,1662 1317,1716 1497,1693 1569,1724 1751,1700 1754,1630 1594,1664 1434,1656 1370,1617 1308,1648 1268,1617 1197,1647 1008,1603 909,1637 822,1613"/>
                <Baseline points="828,1658 873,1659 919,1659 965,1661 1011,1662 1057,1662 1103,1664 1148,1665 1194,1666 1240,1667 1286,1668 1332,1670 1378,1671 1424,1673 1469,1674 1515,1676 1561,1679 1607,1680 1653,1683 1699,1685 1745,1688"/>
                <TextEquiv>
                    <Unicode>wesen und waß Er dorthen gemacht habe</Unicode>
                </TextEquiv>
            </TextLine>
            <TextLine id="r2l15" custom="readingOrder {index:14;}">
                <Coords points="1767,1752 1776,1748 1784,1753 1790,1747 1808,1759 1823,1745 1830,1749 1840,1738 1851,1740 1870,1755 1892,1746 1887,1693 1863,1686 1849,1690 1828,1682 1820,1687 1793,1677 1786,1681 1778,1678 1773,1684 1760,1681"/>
                <Baseline points="1773,1743 1800,1736 1828,1732 1856,1730 1884,1734"/>
                <TextEquiv>
                    <Unicode>Gasten</Unicode>
                </TextEquiv>
            </TextLine>
            <TextLine id="r2l16" custom="readingOrder {index:15;}">
                <Coords points="810,1770 1081,1741 1143,1787 1250,1749 1435,1755 1475,1789 1587,1758 1643,1792 1901,1788 1903,1740 1753,1752 1626,1700 1557,1738 1495,1692 1432,1726 1255,1691 1155,1714 923,1665 813,1705"/>
                <Baseline points="819,1739 872,1740 926,1740 980,1742 1034,1742 1088,1743 1141,1745 1195,1745 1249,1746 1303,1748 1357,1749 1410,1751 1464,1753 1518,1755 1572,1758 1626,1760 1679,1763 1733,1766 1787,1770 1841,1773 1895,1778"/>
                <TextEquiv>
                    <Unicode>Auß diese frag hat Er die sach mit dem bendcht</Unicode>
                </TextEquiv>
            </TextLine>
            <TextLine id="r2l17" custom="readingOrder {index:16;}">
                <Coords points="820,1810 993,1841 1056,1806 1863,1838 1865,1780 1812,1809 1597,1772 1524,1797 1219,1750 1142,1787 1081,1741 822,1770"/>
                <Baseline points="828,1794 879,1796 930,1797 982,1799 1033,1800 1085,1801 1136,1802 1187,1803 1239,1805 1290,1806 1342,1808 1393,1809 1444,1811 1496,1812 1547,1815 1599,1817 1650,1819 1701,1821 1753,1825 1804,1829 1856,1833"/>
                <TextEquiv>
                    <Unicode>mit gleichen Vmbstanden widrumb angebracht</Unicode>
                </TextEquiv>
            </TextLine>
            <TextLine id="r2l18" custom="readingOrder {index:17;}">
                <Coords points="809,1868 1429,1908 1488,1873 1604,1925 1705,1881 1804,1922 1881,1901 1855,1838 1737,1863 1553,1824 1294,1849 1233,1806 1060,1841 811,1818"/>
                <Baseline points="816,1853 868,1854 921,1856 974,1857 1027,1859 1080,1860 1133,1860 1186,1862 1239,1862 1292,1863 1345,1865 1397,1865 1450,1866 1503,1868 1556,1870 1609,1872 1662,1875 1715,1878 1768,1882 1821,1887 1874,1892"/>
                <TextEquiv>
                    <Unicode>wie in seinem Ersten examen von Ihme besche¬</Unicode>
                </TextEquiv>
            </TextLine>
            <TextLine id="r2l19" custom="readingOrder {index:18;}">
                <Coords points="801,1966 837,1961 851,1947 865,1954 878,1944 892,1946 890,1886 876,1890 857,1875 841,1883 832,1883 823,1893 810,1899 799,1900"/>
                <Baseline points="807,1926 832,1921 858,1922 884,1922"/>
                <TextEquiv>
                    <Unicode>then</Unicode>
                </TextEquiv>
            </TextLine>
            <TextLine id="r2l20" custom="readingOrder {index:19;}">
                <Coords points="1635,2029 1651,2030 1669,2017 1675,2020 1689,2013 1708,2018 1720,2029 1740,2021 1744,1931 1731,1933 1715,1918 1709,1921 1698,1917 1692,1923 1639,1933"/>
                <Baseline points="1644,2000 1673,2003 1703,2004 1733,2004"/>
                <TextEquiv>
                    <Unicode>8.</Unicode>
                </TextEquiv>
            </TextLine>
            <TextEquiv>
                <Unicode>Eo habe es wohl dorthen gesechen, Aber mit
mit Ihme gerndt, noch zuthun gehabt.
Ob Er nit ohnlangsten im Auggist holtz nit weit
Vom Rohrbad getruncken habe.
Nein Er seye es nit gewesen
Ob Er den Nilaus Pfästl kenne
Ja Erkenne Ihn
Ob Er denselben Sym Loch nit Gholffen an
greifen
Nein, Er seyt, damahlen zu Junigen indes
Peisters Hauß über nacht ghe, Es werde aber
deßtwegen Bericht kommen
Ob Er nit zu Kilchdorff im wührts hauß ge¬
wesen und waß Er dorthen gemacht habe
Gasten
Auß diese frag hat Er die sach mit dem bendcht
mit gleichen Vmbstanden widrumb angebracht
wie in seinem Ersten examen von Ihme besche¬
then
8.</Unicode>
            </TextEquiv>
        </TextRegion>
        <TextRegion orientation="0.0" type="paragraph" id="r5" custom="readingOrder {index:1;} structure {type:paragraph;}">
            <Coords points="2048,670 2053,2025 3354,2029 3349,674"/>
            <TextLine id="r5l1" custom="readingOrder {index:0;} person {offset:10; length:11;} person {offset:23; length:6;} place {offset:33; length:10;}">
                <Coords points="2227,782 2468,733 3002,779 3159,749 3289,797 3360,777 3362,718 3127,680 3058,710 2868,675 2440,711 2389,662 2229,690"/>
                <Baseline points="2235,743 2293,739 2352,737 2411,735 2470,734 2529,734 2588,735 2647,736 2706,738 2765,740 2823,741 2882,744 2941,746 3000,749 3059,750 3118,752 3177,753 3236,755 3295,755 3354,755"/>
                <TextEquiv>
                    <Unicode>Ob Er den Ulli Müller, Müller zu Röhtenbach</Unicode>
                </TextEquiv>
            </TextLine>
            <TextLine id="r5l2" custom="readingOrder {index:1;}">
                <Coords points="2207,813 2382,791 2559,836 2750,803 2841,838 2886,805 2991,840 3191,809 3314,859 3315,787 3158,747 2965,784 2866,744 2372,741 2303,781 2208,751"/>
                <Baseline points="2214,798 2268,797 2323,797 2378,795 2432,795 2487,795 2542,797 2596,797 2651,798 2706,800 2761,800 2815,801 2870,804 2925,805 2979,807 3034,809 3089,810 3143,812 3198,813 3253,816 3308,816"/>
                <TextEquiv>
                    <Unicode>kenne? und Ob Er nit das Schangnaunter Trin</Unicode>
                </TextEquiv>
            </TextLine>
            <TextLine id="r5l3" custom="readingOrder {index:2;}">
                <Coords points="2200,886 2467,861 2543,896 2787,907 2837,873 2968,903 3147,890 3185,854 2898,806 2829,850 2746,800 2560,834 2496,801 2386,836 2263,797 2202,814"/>
                <Baseline points="2208,857 2256,855 2304,854 2353,854 2401,854 2450,855 2498,855 2547,857 2595,858 2644,860 2692,861 2740,863 2789,864 2837,866 2886,867 2934,869 2983,870 3031,871 3080,872 3128,872 3177,872"/>
                <TextEquiv>
                    <Unicode>zu demselben geschickt Geldt zu forderen:</Unicode>
                </TextEquiv>
            </TextLine>
            <TextLine id="r5l4" custom="readingOrder {index:3;}">
                <Coords points="2212,955 2300,990 2598,940 2733,994 3343,978 3343,919 3219,891 2213,892"/>
                <Baseline points="2220,950 2275,950 2331,948 2387,948 2443,947 2499,947 2554,947 2610,947 2666,948 2722,948 2778,948 2833,950 2889,950 2945,951 3001,951 3057,953 3112,954 3168,956 3224,957 3280,958 3336,959"/>
                <TextEquiv>
                    <Unicode>Ja. Er habe das Trin zu Ihme Geschickt geldt</Unicode>
                </TextEquiv>
            </TextLine>
            <TextLine id="r5l5" custom="readingOrder {index:4;} person {offset:33; length:6;}">
                <Coords points="2195,1023 3337,1049 3336,968 2736,996 2595,943 2196,989"/>
                <Baseline points="2202,1010 2258,1010 2314,1011 2371,1011 2427,1011 2484,1011 2540,1011 2596,1011 2653,1013 2709,1013 2766,1013 2822,1014 2878,1014 2935,1014 2991,1016 3048,1016 3104,1017 3160,1017 3217,1019 3273,1020 3330,1020"/>
                <TextEquiv>
                    <Unicode>nämblich 20. V. zu hauschen, der Müller aber</Unicode>
                </TextEquiv>
            </TextLine>
            <TextLine id="r5l6" custom="readingOrder {index:5;}">
                <Coords points="2173,1091 2481,1113 2922,1069 3275,1099 3287,1038 2532,1020 2461,1048 2173,1008"/>
                <Baseline points="2180,1071 2237,1072 2295,1073 2353,1074 2411,1074 2469,1074 2527,1074 2584,1074 2642,1074 2700,1074 2758,1074 2816,1073 2874,1073 2931,1073 2989,1073 3047,1073 3105,1074 3163,1074 3221,1076 3279,1077"/>
                <TextEquiv>
                    <Unicode>habe Ihm nichts geben wollen von deßtwegen</Unicode>
                </TextEquiv>
            </TextLine>
            <TextLine id="r5l7" custom="readingOrder {index:6;}">
                <Coords points="2183,1148 2559,1139 2730,1177 3138,1133 3189,1170 3303,1151 3303,1106 3229,1074 3005,1106 2912,1069 2678,1118 2624,1076 2182,1111"/>
                <Baseline points="2189,1134 2244,1134 2299,1134 2355,1134 2410,1134 2465,1134 2521,1134 2576,1134 2631,1134 2687,1134 2742,1134 2797,1134 2853,1134 2908,1134 2963,1134 3019,1133 3074,1133 3129,1132 3185,1131 3240,1130 3296,1128"/>
                <TextEquiv>
                    <Unicode>es Ihme eine Kuht weg getriben, darauff der</Unicode>
                </TextEquiv>
            </TextLine>
            <TextLine id="r5l8" custom="readingOrder {index:7;} person {offset:0; length:6;}">
                <Coords points="2182,1204 2449,1193 2505,1225 2731,1190 2918,1229 3038,1195 3151,1229 3294,1202 3294,1160 3188,1170 3139,1133 3064,1169 2831,1143 2777,1178 2182,1147"/>
                <Baseline points="2189,1197 2243,1197 2298,1196 2353,1196 2408,1196 2463,1196 2518,1194 2573,1194 2628,1194 2683,1194 2738,1194 2792,1194 2847,1194 2902,1196 2957,1196 3012,1196 3067,1196 3122,1196 3177,1196 3232,1196 3287,1196"/>
                <TextEquiv>
                    <Unicode>Müller Ziheen Manner nachen geschickt, welche</Unicode>
                </TextEquiv>
            </TextLine>
            <TextLine id="r5l9" custom="readingOrder {index:8;}">
                <Coords points="2170,1263 2410,1259 2452,1290 2593,1256 2678,1299 2820,1256 3275,1282 3275,1241 3004,1207 2932,1237 2819,1198 2684,1233 2170,1210"/>
                <Baseline points="2177,1260 2231,1258 2286,1257 2340,1254 2395,1254 2449,1253 2504,1253 2558,1253 2613,1253 2667,1253 2722,1253 2776,1254 2831,1254 2885,1256 2940,1256 2994,1257 3049,1258 3103,1259 3158,1260 3212,1260 3267,1260"/>
                <TextEquiv>
                    <Unicode>die Kuhe wider gereicht und dem Trin A. R.</Unicode>
                </TextEquiv>
            </TextLine>
            <TextLine id="r5l10" custom="readingOrder {index:9;}">
                <Coords points="2175,1353 2204,1355 2221,1346 2235,1355 2266,1350 2282,1357 2301,1338 2338,1328 2337,1295 2302,1296 2271,1267 2215,1291 2203,1283 2173,1285"/>
                <Baseline points="2181,1320 2206,1319 2231,1317 2256,1317 2281,1316 2306,1316 2331,1317"/>
                <TextEquiv>
                    <Unicode>geben</Unicode>
                </TextEquiv>
            </TextLine>
            <TextLine id="r5l11" custom="readingOrder {index:10;} person {offset:19; length:17;}">
                <Coords points="2194,1426 2577,1397 2832,1424 2924,1393 3220,1427 3239,1330 3089,1360 2590,1332 2351,1380 2192,1350"/>
                <Baseline points="2201,1406 2252,1404 2304,1403 2355,1401 2407,1400 2459,1399 2510,1398 2562,1397 2613,1395 2665,1395 2717,1394 2768,1394 2820,1392 2871,1392 2923,1391 2975,1391 3026,1389 3078,1389 3129,1389 3181,1388 3233,1388"/>
                <TextEquiv>
                    <Unicode>Ob Er wuße daß das Trinj des Müllers</Unicode>
                </TextEquiv>
            </TextLine>
            <TextLine id="r5l12" custom="readingOrder {index:11;}">
                <Coords points="2158,1478 2271,1513 2380,1463 2407,1486 2454,1494 2533,1454 2559,1462 2557,1414 2532,1430 2485,1418 2408,1426 2370,1402 2339,1414 2289,1399 2156,1430"/>
                <Baseline points="2165,1469 2190,1468 2216,1466 2242,1464 2268,1463 2294,1461 2319,1458 2345,1456 2371,1454 2397,1452 2423,1452 2448,1452 2474,1452 2500,1454 2526,1457 2552,1460"/>
                <TextEquiv>
                    <Unicode>N. R.) fur seyr?</Unicode>
                </TextEquiv>
            </TextLine>
            <TextLine id="r5l13" custom="readingOrder {index:12;}">
                <Coords points="2188,1562 2226,1546 2266,1575 2336,1552 2408,1572 2438,1547 2503,1542 2551,1563 2593,1547 2623,1569 2722,1569 2721,1473 2588,1461 2498,1512 2416,1482 2347,1515 2187,1493"/>
                <Baseline points="2195,1541 2222,1540 2249,1538 2276,1538 2304,1536 2331,1535 2358,1535 2386,1533 2413,1533 2440,1532 2468,1532 2495,1532 2522,1532 2550,1532 2577,1532 2604,1533 2632,1533 2659,1535 2686,1536 2714,1538"/>
                <TextEquiv>
                    <Unicode>Ja Er wüße es wohl.</Unicode>
                </TextEquiv>
            </TextLine>
            <TextLine id="r5l14" custom="readingOrder {index:13;} person {offset:19; length:10;}">
                <Coords points="2180,1677 3238,1669 3196,1615 3093,1599 2859,1620 2749,1584 2454,1636 2410,1603 2180,1597"/>
                <Baseline points="2187,1659 2239,1658 2291,1656 2343,1656 2395,1655 2448,1655 2500,1655 2552,1655 2604,1655 2656,1656 2709,1656 2761,1658 2813,1658 2865,1658 2917,1659 2970,1659 3022,1659 3074,1659 3126,1658 3178,1658 3231,1656"/>
                <TextEquiv>
                    <Unicode>Ob Er nit auch dem Aschlimann befohlen</Unicode>
                </TextEquiv>
            </TextLine>
            <TextLine id="r5l15" custom="readingOrder {index:14;} person {offset:4; length:6;} place {offset:14; length:10;}">
                <Coords points="2171,1722 3182,1764 3253,1753 3254,1698 3130,1660 2745,1700 2669,1665 2171,1680"/>
                <Baseline points="2178,1712 2231,1712 2284,1712 2338,1712 2391,1712 2445,1713 2498,1713 2551,1714 2605,1715 2658,1715 2712,1716 2765,1718 2818,1718 2872,1719 2925,1721 2979,1722 3032,1724 3085,1725 3139,1728 3192,1730 3246,1731"/>
                <TextEquiv>
                    <Unicode>dem Muller zu Röhtenbach geldt zuhäuschen.</Unicode>
                </TextEquiv>
            </TextLine>
            <TextLine id="r5l16" custom="readingOrder {index:15;}">
                <Coords points="2183,1802 2947,1852 3220,1834 3220,1756 2990,1737 2645,1778 2185,1733"/>
                <Baseline points="2190,1796 2241,1797 2292,1798 2343,1799 2394,1799 2445,1800 2496,1801 2548,1802 2599,1802 2650,1803 2701,1803 2752,1805 2803,1805 2854,1806 2906,1808 2957,1808 3008,1811 3059,1812 3110,1814 3161,1815 3213,1818"/>
                <TextEquiv>
                    <Unicode>Es konne wohl seyn daß Ers Ihne Geheißen</Unicode>
                </TextEquiv>
            </TextLine>
            <TextLine id="r5l17" custom="readingOrder {index:16;}">
                <Coords points="2177,1933 2834,1959 3070,1918 3204,1958 3280,1932 3281,1897 2845,1849 2788,1877 2694,1840 2479,1895 2276,1847 2177,1867"/>
                <Baseline points="2184,1917 2238,1916 2292,1914 2347,1914 2401,1913 2456,1913 2510,1913 2565,1913 2619,1913 2674,1913 2728,1914 2782,1914 2837,1915 2891,1916 2946,1916 3000,1917 3055,1918 3109,1919 3164,1919 3218,1920 3273,1920"/>
                <TextEquiv>
                    <Unicode>Ob Er nit auch mit dem Schräpfer bäbi unge¬</Unicode>
                </TextEquiv>
            </TextLine>
            <TextLine id="r5l18" custom="readingOrder {index:17;}">
                <Coords points="3020,2030 3039,2038 3052,2030 3062,2035 3103,2016 3162,2045 3201,2032 3235,2036 3240,1973 3196,1975 3177,1959 3144,1968 3112,1941 3065,1959 3049,1952 3025,1960"/>
                <Baseline points="3030,1997 3055,1998 3080,1999 3105,2001 3130,2003 3155,2005 3180,2007 3205,2010 3230,2013"/>
                <TextEquiv>
                    <Unicode>bührlich</Unicode>
                </TextEquiv>
            </TextLine>
            <TextEquiv>
                <Unicode>Ob Er den Ulli Müller, Müller zu Röhtenbach
kenne? und Ob Er nit das Schangnaunter Trin
zu demselben geschickt Geldt zu forderen:
Ja. Er habe das Trin zu Ihme Geschickt geldt
nämblich 20. V. zu hauschen, der Müller aber
habe Ihm nichts geben wollen von deßtwegen
es Ihme eine Kuht weg getriben, darauff der
Müller Ziheen Manner nachen geschickt, welche
die Kuhe wider gereicht und dem Trin A. R.
geben
Ob Er wuße daß das Trinj des Müllers
N. R.) fur seyr?
Ja Er wüße es wohl.
Ob Er nit auch dem Aschlimann befohlen
dem Muller zu Röhtenbach geldt zuhäuschen.
Es konne wohl seyn daß Ers Ihne Geheißen
Ob Er nit auch mit dem Schräpfer bäbi unge¬
bührlich</Unicode>
            </TextEquiv>
        </TextRegion>
    </Page>
</PcGts>
