4032 3024
741 591 831 691 944
893 674 1940 804 Ob Er nit verwichenen Martini zum Hauß
876 747 1484 851 gangen und geldt begehrt?
861 827 1904 961 Er seye wohl bym Hauß gsin, und mit dem
860 922 1918 1023 Juntherren reden wollen, aber Er habe nie¬
868 984 1939 1082 mahlen kein Geldt zu forderen begehrt, sonde¬
860 1046 1914 1168 ren dem Juntherren anzeigen wollen, das
841 1099 1660 1212 Mensch befinde sich nit schwänger
839 1182 1964 1330 Replicert dieses seye mit die wahrheit dann
829 1300 1928 1384 Er Ja in dem Hauß dem Ihre 2scharnes hier
844 1343 1913 1427 zugegen positive vorgeben und gesagdt das
832 1405 1941 1519 Mensch seye schwanger und Brfinde sich zu Nen¬
845 1468 1899 1569 Wenburg und habe der Junge Junckherr ver¬
823 1532 1941 1624 sprochen selbiges zu versorgen. Intzund aber
834 1583 1927 1694 sage Er, Er habe nur dem Junckheren wollen
844 1653 1924 1764 anzeigen das Mensch befinde sich nit schwan¬
834 1728 1896 1831 ger, überdas so gebe sein brieff mit, daß Er
835 1785 1921 1907 nur zu dem End mit dem Juntherren reden
824 1864 1908 1968 wollen, damit Er möge geldt bekomen: Mit
1396 1963 1906 2074 ernstlichem ermahnen
2032 651 2145 772 145
2160 695 3224 820 iustlichem ermahnen hierüber die Wahrheit
2145 776 2497 870 anzuzeigen.
2126 827 3213 967 Worauf Er bekennt, Er seyn von deßtwegen
2141 944 3229 1023 zu des Gumkherren Hauß gangen, gen schauwen
2137 988 3236 1089 wo es fähle, daß Er weder Geldt noch Bescheidt
2146 1051 3231 1152 schicke über das Schreiben zu Mören, habe aber
2148 1112 2884 1231 den Zumtherren nit angetroffen
2175 1204 3217 1331 So sich dißmahlen sein Maydtlin aufhalte.
2205 1317 2692 1428 daheumb zu Scherl
2185 1412 3211 1553 Ob mit sein Maÿdtlin viel in der Stattherumb
2127 1515 2311 1617 streicht?
2140 1591 3198 1706 Er habe selbiges eine Zeit dahar nit mehr in die
2118 1673 2484 1769 Statt gelaßen.
2149 1764 3168 1874 Ob Er nit noch an anderen Ohrten mehr wegen
2119 1824 3153 1948 dieses seines Mäydtlins gewüßen Leuthen nach
2110 1902 2317 2009 Gefragdt
2844 1970 3154 2089 ohrt, Einmahl.
2125 1969 2827 2095 Mit mehr als an Einem eintzigen
2110 2063 2288 2155 eilen
2934 2053 3089 2141 dieses
