4032 3024
782 633 1897 779 OOb das Ort da Er Ihnen gewahrtet weit
870 722 1812 832 dar von 9sin, da sie die Pfannen genommen
886 807 1740 922 Er habe die Haußer nit mögen sechen
880 886 1837 1002 Ob Er nit wuße wie sie es gemacht haben.
876 989 1360 1075 Nein Erwüße es nit.
882 1080 1846 1191 Ob Sie under wegs nit auch an mehreren
869 1150 1306 1257 Ohrten eingebrochen?
1180 1229 1789 1338 be noch an einem Keller
882 1238 1129 1329 Der Peter
1119 1273 1162 1336 1
875 1298 1870 1402 zu Muri das Schlößlin zerzogen, da seyen
858 1358 1823 1462 sie hineingangen, und habend Milch getrun¬
858 1415 1839 1519 ken, und einstücklin Schmar und ein stücklic
866 1473 1884 1574 Unschlit, so Etwan zusamen d 2tt. wist genomen
880 1552 1909 1685 Warumb sein Bruder hiebevor zu Thun auß
875 1646 1279 1747 geschiungen worden
1029 1698 1368 1779 Intz 1 Jahr daß Er
801 1710 1859 1846 R. Er seye eines Morgends fruhe nach Thun gan
869 1791 1858 1898 gen, da habe Er underwegs die Roß auf der
865 1848 1860 1959 Allmeint gschoren, deßt wegen habe Mann
876 1934 1350 2035 Ihn außgeschiungen.
1992 607 2078 714 135
2158 659 3250 778 Ob Er nit außert oligen beyden zweyen haufen
2130 729 3207 839 zu Nider wichtrach, noch andere diebstahl mehr
2129 779 2944 887 veruben helffen, oder allein verübt
2137 849 3232 980 Mein Er habe dem lebenlang sonst nichts gestohlen
2140 953 2529 1057 noch helfen stehlen.
1974 1018 2234 1118 Peter Müller
2120 1061 3216 1186 Die sem Nach wurde auch Examiniert der
2125 1140 2619 1222 Andere Bruder vnd
2077 1184 3162 1324 Befragdt wie Er hieße und wie alt Er seyn.
2097 1282 3205 1393 Antwort. Er leiße Peter Müller, sey bey 19.
2109 1354 2413 1471 Jahren alt.
2137 1452 2683 1578 Wor mit Er sich erhalte?
2156 1529 3213 1657 Wie Er könne, Er habe bißweilen gewerchet
2606 1613 2796 1660 nachgangen
2131 1613 3207 1689 und seye dem Creutzer, wo Er etwas können ver¬
2122 1677 3183 1763 dienen bißweilen habe Er auch etwas genomen
2112 1732 3209 1815 daß Er nit hätte thun sollen, in seiner Minder
2113 1784 3171 1888 Jährigkeit habe Er gehöuschen und wann Ihn
2115 1864 3193 1969 der Junger getriben, etwas zu Eßen genommen
