4032 3024
780 539 874 636 922
920 600 1962 752 nicht und Weilen selbige vom herabfallen ge¬
899 672 1968 807 palten gewesen vollends zerschlagen vnd die
895 728 1659 855 stücker dar von alhier verkaufft
883 803 1969 965 hierauff ward Ihme von Muhhl. Examinato¬
901 900 1942 1007 ren vorgehalten, daß der diebstahl mit dem
895 948 1988 1089 Reßi Eym Siechen hauß Eine so fräßene that, und
949 1003 1016 1053 uß
902 1010 1917 1145 segt, Er auch mit dem diebs handtwerck schon
887 1082 1983 1200 so wohl umzugehen wüße, daß also nit glaub¬
897 1152 1936 1263 lich, daß dieses das Erste mahl seyn, daß Er
890 1205 1244 1304 zu griffen habe
844 1275 1949 1401 Antw. Er bezeuge höchlich, daß Er sonsten sein
878 1351 1906 1468 Erbtag keinem Menschen nichts entwendet.
853 1434 1898 1560 2 Ob Er dann mit schon hievor alhier in der
889 1511 1920 1621 Gefangenschafft gsin, und waß ursachen Er ein¬
883 1561 1234 1661 gesetzt worden.
844 1644 1964 1761 R. des Jogg Zimmermanns Frauw vnd Schwi¬
886 1720 1891 1813 ger habend die Zimmermannen Verklagdt
883 1776 1924 1882 und als mann selbige gefangen genommen, habe
868 1834 1890 1938 Er sich zu allem unglück auch bey Ihnen in
872 1893 1907 2014 Lößelholtz befunden, deß wegen Mann Ihn auch
1652 2007 1768 2064 mit
2050 667 2156 784 323
2186 699 3272 825 nit genommen und eingesetzt, aber bald hernach
2185 784 2845 877 auch wier umb ledig gelaßen.
2159 848 3258 968 Angeacht nun M Hh. Examinator mit kref¬
2171 919 3235 1041 tigem zusprechen auch betröuw- und zeigung
2159 985 3274 1093 der Marter alles Ernsts an Ihne gesetzt so hatt
2153 1055 3259 1149 Er doch kweder einihen weiteren diebstahl be¬
2167 1132 3194 1222 gangen, noch von einichen Complices etwas
2171 1183 2787 1285 wüßen noch gestehen wollen
2155 1338 3255 1445 Solchem nach Wurde auch vorgelaßen
2737 1642 3235 1761 Durß Ziuermann
