4032 3024
782 458 863 517 62
812 508 1972 694 . Ob Er mit verwichenen Martini Marckt dem
862 589 1966 768 Mtr Laußer bym Zibelen Gästlin ein Tuchenes
850 655 1935 804 kleidt, als Cassaggen, gosen veste und ein paar
858 719 1942 869 Schue, wie auch eine rohte Kappen auß seinem
843 776 1345 882 Hauß entwendt habe?
891 847 1003 951 FA
795 965 1925 1117 Ei Wie Ers gemacht habe, da Er diese sachen ge¬
850 1035 1018 1126 nommen d
774 1070 841 1174 d.
860 1087 1930 1230 Alß Er in die stuben kommen und niemand da
831 1171 1942 1300 rinnen angetroffen habe Er das Kleid, veste Rap¬
825 1217 1908 1358 pen und Schue auß eine m Schafft genomen vnd
821 1272 1236 1386 dar von getragen
778 1354 1902 1509 :Waß Er auß des Mstr Anthon Schars laden
829 1427 1059 1507 genommen?
738 1482 1162 1607 R Einstücke tuch.
704 1580 1668 1734 E. WWie viel Ellen selbiges gehalten habe
722 1671 798 1781 H.
812 1663 1424 1810 Ihngefehrt bey 25. Ellen
703 1771 1860 1932 E. ein Er das Such geben oder Verkauft habe
1639 1929 1746 2054 H.
2061 584 2140 664 53.
2206 666 3318 754 ein Meister der Werthli habe Einlast Ellen
2197 757 3310 813 dar von zu Guchser Versetzt, welche aber von
2190 818 3321 906 der Schwoster Wider gelößt, und dem Vstr Schär¬
2182 862 2762 963 wider zugestellt worden
2204 945 3311 1042 Ob dann sein Meister Gewußt daß Er selbiges
2190 1006 3286 1115 gestohlen, und auß waß ursachen Er solches ver¬
2174 1076 2405 1173 Jetzst habe.
2176 1127 3286 1245 Sein Meister habe Ihme fleich zu verkauffen
2166 1213 3282 1314 geben, dahabe Er das erlößte Geldt Verlieder
2174 1272 3260 1374 lichet, deßt wegen Er dem Mstr anstatt Geldts
2163 1338 3281 1432 das stücke tuch geben, der Meister aber habe nit
2161 1393 2960 1498 gewußt, daß solches gestohlen seye
2154 1470 3279 1566 Wo hr mit dem übrigen tuch, so noch 14. Ellen
2165 1545 2653 1647 gewesen hinkommen.
2173 1638 3256 1752 Selbiges habe Er bey Mtr Hantz dem Gerier
2159 1709 2332 1804 Versetzt
2152 1771 3270 1900 Ob Er nit auch auß Einem Laden (: der Rodiere,
2168 1850 3265 1953 etliche paar strumpf entwendt, und wie Ers ge¬
2160 1911 2414 2007 macht habe.
3004 1954 3133 2093 .
