4032 3024
761 526 829 612 68
853 601 1876 719 Waß dieses Weib eingenommen, daß Ihme
846 678 1302 773 die frucht abgangen
847 746 1167 846 Er wüße mit.
854 852 1937 970 Ob Er Ihra nit Etwann sachen geben, darmit
862 918 1555 1015 ie die frucht abtreiben könne
840 994 1180 1115 Nein gar nit.
851 1093 1894 1215 Ob Er nit auch der Vatter dieses unzeitigen
831 1177 1132 1282 Kindts 9sin
833 1236 1828 1357 Er wuße solches nit zusagen dann dieses
813 1314 1939 1403 Mensch seye bald hier Bald dorth umb hergezogen
825 1375 1869 1474 und etwas auß gelesen, könne also nit sagen
828 1437 1470 1538 Ob Es sein gsin seye oder nit
808 1514 1857 1623 Weilen nun auß diesem Wahll, zugeacht
825 1582 1860 1677 alles Eonstlichen Zusprechens, in der Guethe
823 1640 1879 1736 ein mehrers nicht zu bringen gewesen; als ist
802 1687 1658 1792 Er wider an sein Ohrt geführt worden
810 1776 1561 1901 urde demnach vorgelaßen
1464 1910 1792 2025 Wilhelm
2095 599 2208 729 69
2393 632 3166 760 Wilhelm Bucher von
2414 713 3061 820 Gonoben Ambts Laupen
2252 814 3288 938 Waß sein thun und laßen seye, und wor¬
2206 896 2651 990 mit Er sich erhalte
2233 975 3288 1079 Er handle mit Schwum vnd Geißen, undt
2212 1038 3294 1125 eyt seit 9. Jahren daher bey nach alle Wochen
2204 1093 3252 1189 alhier in der Statt gewesen und habe geißen
2192 1156 2596 1256 zu Marit bracht
2232 1208 3065 1331 Wie Manches Weib Er gehabt?
2203 1341 2949 1457 Err habe zwey Weiber gehabt.
2187 1437 3274 1559 Wie lang es seye daß Er dieses letste weib
2179 1536 2337 1591 kenne
2182 1571 3140 1687 Est wann bey 7. oder 8. Jahren daher
2185 1667 3252 1784 Wie lang Er die letzte gekennt, Ehe die Erste
2167 1735 2414 1836 Gestorben?
2185 1796 3273 1925 Er habe Sie zu vor mit gekennt, sonderen nachden
2183 1897 3263 1978 ein Erstes Weib immerdar mit dem Wahll vmb
2155 1938 3162 2033 her gezogen, ohngracht die Ehrbahrkeit alhier
2154 2012 3210 2086 Ihnen solches verbotten, Ihme auch alles waß Er
3083 2044 3187 2137 auß
