4032 3024
743 473 794 558 12
844 539 1936 722 Nein Er habe nit Gewüßt, daß es so schwehr ge¬
828 614 1038 716 fählt seye
771 686 1955 847 Repliciert Er solle nun bedencken, Waß es für eine
804 779 1935 909 Ichwahre Mißethat seye die hoche Oberkeit vndt
802 844 1941 980 eine Christliche Gemeind mit faltschein vVorgeben
802 903 1946 1037 Also zu betringen, sich für eines anderen Kindts
799 957 1973 1086 Vatten darstellen Zeugen erbätten, und als Vatter
801 1020 1591 1145 taufen und einschreiben laßen sc
812 1102 1925 1244 Es seye Ihme hertzlich leidt, Er seye damahlen
813 1189 1930 1285 och Jungghin und habedamahlen nit gesinnet
784 1251 1427 1350 daß es so übel gefühlt seye
815 1316 1953 1460 Ob Ihme nit auch hertzlich leidt seyt, daß Er auß
795 1399 1916 1500 eigenen Muht willen und hertzen guht duncken
778 1465 1923 1574 sich auff eine solche weis von seinem vorigen Weib
792 1514 1283 1616 wollen scheiden laßen
796 1582 1880 1704 Sein voriges Weib habe niemahlen mit Ihme
793 1652 1864 1734 ausen wollen und alles waß Er auff vnd ange¬
773 1720 1890 1796 bracht, habe sie Ihme entwendt, und Ihren huben
769 1753 1910 1864 angehenkt, und wann Er schon 10000 tt. gehabt, so
745 1807 1547 1918 hätte sie Ihn umb alles gebracht.
2069 583 2122 693 83
2218 648 3382 743 So Er sein dißmahliges Weib zu Erst angetroffen
2082 636 2175 772 L
2221 741 3291 847 Wie Er wider auß dem weltsch landt komen
2122 759 2186 869 d
2209 802 3046 905 habe Er sie zu Riggistern angetroffen
2202 897 3336 1004 Wie bald das Weib, nachdeme Er es angetroffen
2111 900 2176 1008 E
2205 962 2882 1066 seye Kindt bettern worden?
2193 1048 3277 1168 8. tag darnach seye es Kindt betterin worden
2101 1037 2154 1162 d
2114 1135 3267 1276 EOb sein nunmehr verstorbenes Erstebes Weib
2184 1216 3268 1332 deßt wegen niemahls wider Ihn geklagdt vnd
2174 1283 2869 1394 ich begehrt scheiden zu laßen
2193 1355 2961 1472 Nein Es habe mit begehrt zu klagen
2097 1373 2168 1490 H.
2190 1481 3190 1580 Nach dem Er sich als Vatter des unehrlichen
2088 1483 2162 1593 H.
2179 1552 3275 1632 kindts gestellt, und das Mensch wider von Ihm
2177 1612 3253 1684 komen, wie lang es in zwuschen angestanden, biß
2168 1661 3205 1762 Er es alhier wider angetroffen, und zu Ihm ge¬
2179 1726 2348 1797 nomen?
2175 1752 3205 1876 mehr als ein Jahr, schier gar anderthalb Jahr¬
2090 1782 2165 1889 H.
2071 1869 3180 2002 E. Ob Nachwehrts als Er das unehrliche habe
3006 1962 3196 2063 auffen
