4032 3024
796 582 868 673 162
883 679 1949 805 wenigs Gewinnen, darmit er sich erhalten könne
897 769 1810 896 Ob seine Ellteren noch beyleben seyen?
889 843 1957 1022 kein, beydes Vatter und Muter seyen gestorben.
898 992 1899 1131 Ob Er nit unlängsten undenfür Utendorff
856 1040 1846 1197 nit weit von Noßlen, des Nachts in Einen
855 1123 1899 1257 Speicher gebrachen helffen, und wer alles bey
852 1172 1483 1285 ohme gsin und gholffen habe?
861 1252 1904 1405 Ja vor ohngefehrt 14. Tagen.: Es seyen der
846 1335 1862 1482 Hannß Grieß der Christen Eicher Vnd Er
847 1401 1642 1518 Stephan Grieß beyeinanderen gsin
856 1468 1815 1592 sie sie es Gemacht, daß Sie in diesen
839 1519 1212 1628 Speicher kommen.
1433 1613 1640 1701 die thuren
841 1621 1903 1769 Der Hannß Grieß habe denselben mit dreyen
826 1688 1501 1811 Eifernen dingeren auf gethan.
732 1781 1880 1918 D. Waß sie alles auß diesem Speicher genommen
2045 654 2146 764 163
2169 709 3232 828 Ein Lyblin, Ein paar wullene Hosen, Ein
2156 795 3227 882 Weiberrock, 9. oder 10. Magere Käßlin
2116 876 3291 967 deren Gegliches eines tällers groß vnd zuusche
2599 919 2629 950 fe
2509 910 2586 959 wr
2153 935 3289 1022 2. a. 3. tb. gewegen:) item Einen halbenfeißen
2135 975 3212 1089 Käß, Ein hut voll bören, vnd ohngefehrt, ein
2127 1045 2652 1145 Imi Mahl. gemamen
2538 1140 2657 1201 auch
2152 1153 3253 1238 Ob Er nit nohen zu Tlumenstein ein¬
2134 1228 3190 1321 gebrochen, vnd wer Ihme Hholffen daselbsten
2142 1274 2412 1369 ein Brachen
2232 1354 2320 1416 habe
2098 1348 3259 1465 E. Er zege zu Bannenstein im Buhl Eintzig auß
2144 1423 3238 1525 einem Speicher, Einen trog gezogen, vnd denselben
2134 1490 3237 1587 auffgeschlagen, vnd Einen BetthVmbschlag Einen
2123 1549 3229 1647 deckten Korb, 5. vierleig reisten, Ein zwachel
2123 1614 3246 1727 vnd 3. Nasenlumpen genommen. Der Schlußel
2125 1683 3244 1773 seye an der Speicherthuret, dar mit Er aufgethan
2137 1753 3200 1890 Wo und an Welchen Ohrten Er mehr einge¬
2134 1843 2324 1933 prochen.
2054 1922 3215 2047 R. Auß Vogels halten in der Wattenihgl Eilser
2967 2010 3144 2108 habun
