4032 3024
777 520 857 597 66
910 584 1972 735 Ob mit die Ehrbahrkeit Alhier Ihme Verbotten
900 666 1909 776 ich dieses Weibs Verners anzunemmen und
895 721 1552 824 mit Ihra umbher zuziecen
886 813 1871 927 Es seye Ihm und Ihre gebotten worden
867 899 1928 1007 Ein anderen müßig zugehen und nicht mehr
871 941 1402 1040 Also umbher zu ziechen
881 1033 1892 1152 Ob Er nit mit diesem Weib ungebührlich
874 1094 1951 1212 zuschaffen gehabt auch nachdem die alhiesige
852 1157 1915 1263 Ehrbahrkeit Ihnen alle gemeindtschafft mit
853 1222 1588 1322 E in anderen Verbotten gehabt.
860 1312 951 1418 Ja
873 1428 1861 1535 Alß mehr gemelt des Buchers Weib zu
851 1491 1903 1597 Ober burg Kranck gelegen und sterben wollen
844 1560 1900 1654 waß sie mit Ihme vor ihrem todt geredt habe.
850 1644 1896 1734 Sie habe Ihn gefragdt, Ob Er das uneheliche
847 1716 1868 1807 Kindt, so Er bey Ihra gezeuget annemen
850 1763 1216 1843 wolle oder nit1
744 1809 1870 1956 D. Wo daßelbe unehrliche Kindt sich Jetzundt
1615 1951 1825 2044 besinde.
2077 617 2175 713 67
2221 648 2415 753 gefinde
2218 771 3316 872 Eir habe von den Leuthen vernommen, selbiges
2215 811 3295 928 seye in dem Kalten winter drußen in der
2188 876 2623 969 Enzeren gestorben
2215 947 3316 1051 Waß das fur Leuth seyen die Ihme solches gesagdt
2200 1021 2323 1095 haben
2201 1076 3295 1192 Er habe es von des verstorbenen Menschen Schwo¬
2199 1148 2558 1247 ster Vernommen
2206 1224 3288 1331 Ob Er nit auch von einem Kindt wuße, so das
2192 1297 3262 1387 selbige Mensch solle zu Wintzenriedt gebohren
2183 1364 2344 1429 haben.
2112 1403 3283 1524 Hierüber sagdte Er anfängklich, daß Er mit dar
2184 1476 3291 1546 bey gin sonderen des Suchers frauw habe Ihms
2180 1527 3256 1617 gesagdt, daß sie daselbsten umb ein Kindt kommen
2169 1585 3150 1692 so ohngefehrt eines fingers lang gewesen,
2176 1643 3260 1750 Nachwehrts aber bekennte Er auf beschechenes
2169 1706 3230 1804 ernstliches zusprechen; daß Er zwar auch zu
2165 1763 3237 1856 Wintzenriedt aber nit an dem Ohrtgsin, und habe
2806 1817 2888 1858 finde
2164 1824 3184 1904 nit gewußt daß sie vmb Einkommen biß am¬
2162 1882 3271 1968 Morgen da sie das Kindt vergrabt und Ihme solche
2165 1939 2401 2018 angezeigt.
