4032 3024
738 552 835 626 352
873 581 1941 744 Tarch auf inh gefallen, daß er OIhns an der Sythen übel
849 673 1967 825 geschent, Also daß es vermeint, Es zeige ein Rippe enssetzt; Gu¬
843 744 1977 890 zwuschen habe des Alli Engels frauw das andere Mentsch hinauß¬
843 825 1971 982 geführt und die thuren beschloßen, daß wwegen es angefangen zu
846 900 1953 1040 Greyen, darauff der Ir. seinen Rohten Mantelumb hnd ge¬
1135 980 1182 1034 ber
828 976 1973 1124 schwungen; Es seye Damahlen nit imstand, daß es mit Einer Mand¬
855 1056 1478 1178 persohn hätte konnen zu thun haben.
794 1133 1961 1283 Am Morgen darauf sage es dem Ihr, Es wolles) hn Verklagen
832 1234 1963 1366 daß Er solchenschaden ihme zugefüegt, da habe Er gesagdt, Er sol¬
833 1321 1963 1416 nit viel Wasens machen, Er Wolle ihm etwas fur seinen schmertzen
826 1383 1951 1514 geben, Er habe zwahr diß mahlen kein gelt bey ihm, Es solle aber
902 1475 938 1517 e
826 1471 1942 1560 sein bruder oder Gemands zu ihm schuren so wolle er ihm etwaß
1637 1538 1780 1594 wär H
817 1537 1939 1662 Geben, Ihme auch darauff seinen Nahmen und weger seye An¬
824 1608 1935 1720 gezeigt, auf vordeuten Aber daß es nur einen kleinen Bruder
827 1677 1947 1812 und den Vatter habe, Jagdt. Er, Es solle nur den Vatterschiben, de¬
827 1773 1945 1893 rowegen es den Vatter zu ihm geschicket, genschauwen, Waß er ihm
809 1865 1054 1957 Geben Wolle.
817 1899 1473 2046 Wie viel darIhr OIhm Versprochen.
1678 1995 1739 2108 Er
2162 657 3276 829 Er habe ihm etwaß billiches fur seinen schmertzen zu geben Ver¬
2167 766 2819 879 Sprochen, Aber mit gesagdt wie viel¬
2185 850 3095 1006 Viemanchmahl der Vatter zu des Ihr hauß gangen.
2155 966 3267 1107 E Wuße nur von einem mahl daß der Vatter zum Hauß gange
2166 1032 3274 1173 Er habe sollen schauwen Waß er ihm Wegenseines erlittenen schmer¬
2148 1100 2493 1197 tens Geben wolle.
2146 1158 3214 1307 Ob der UlliEugel auch daheimb Ghin, Als es am Abendin
2161 1252 2516 1351 ein Stüblin komen:
2146 1340 2725 1462 Nein Ersege mit zugegen gfin¬
2176 1447 2820 1583 Vie offt es mit deuItzu geredt habe.
2043 1558 3180 1690 B. Äußert dem mall, da des Ull Engels frauw ihn in die
2137 1636 3224 1750 dameran gebracht und nachwahrts bey der Jaxyr Muhli, sonsten
2256 1694 2328 1731 reten
2133 1700 3104 1816 habe eh weder zu vor noch hernach niemahlen mit ihm geradt¬
2150 1789 3195 1896 Ob deuEhr in des Ulli Engels Stüblin mit seinen Willen mit
2143 1855 2980 1965 Ihme getriben und fleischliche Gemeinschafft Gehabt:
2134 1929 3205 2060 Neines seyn damahlen nit imstand Ghin daß es solches hätte
2154 2003 2362 2118 thun können
2995 2054 3135 2163 Ob
