4032 3024
1011 549 1893 711 Hanns Flickinger von Biglen
1063 640 1724 763 sonst Veldis Lahm genant
773 578 851 668 24
886 736 1907 881 Diesem nach wurde auch vorgelaßen Hanns
886 806 1288 904 Elinkinger, und
910 883 1901 1006 Wie viel Matraisse und dirnen Er habe.
917 948 1358 1039 und wie sie heißen?
901 1015 1886 1132 Nit mehr als die so allezeit bey Ihme seye
871 1089 1885 1195 heiße 2athr Stalder sonsten Schangnaunter
868 1153 1194 1248 Thrinj genant.
876 1234 1864 1343 Ob Er nit auch das haßli Elz und seinen
797 1221 860 1335 E.
856 1300 1161 1393 Mann kenne
790 1363 1890 1492 R. Nein Erkenne sie nit Aber wohl ein Mensch
851 1438 1522 1542 so zu Sunns wald daheimb.
793 1510 1869 1638 Wie das seyn könne, Er habe Ja am Marit
851 1601 1817 1700 zu Anderseen dieses JußliEls neben dem
848 1662 1763 1768 Schangnauwer Trinj bey Ihme gehabt?
842 1752 1809 1859 Nein Er habe nit mehr als das Trini bey
832 1818 1804 1923 Ihme gehabt, welches der Gerwer bey deme
826 1873 1867 1976 sie über nacht gsin selbsten werde Zeugen können,
1670 1952 1861 2070 Repli
2069 622 2146 723 15
2161 660 3293 798 Repliciert, wie Er doch laugnen dörfe, daß Er das
2175 753 3309 855 haßli El und seinen Mann nit kenne, Er habe Ja
2185 832 3320 920 selbsten dem Blaser lahm gesagdt des haßlichlsis
2177 875 3274 970 Mann habe ein holtzernes bein, und Es seye eine
2191 932 3311 1030 rechte seuch so daß wann mann es nit abschaffe
2177 994 3308 1098 Es noch manchen Ehrlichen Mann verfuhren werde.
2183 1077 3295 1192 Es könne wohl seyn daß Er solches gesagdt, Er be¬
2170 1132 2920 1241 sinne sich aber deßen nit mehr
2074 1217 3251 1339 Waß Er dann von dem Haßli Els wuße, daß
2165 1315 3252 1396 Er gesagdt es seye so eine seuch, daß mann es solte
2173 1352 2392 1444 Abschaffen?
2086 1393 3289 1519 Es habe das Mensch Ihme allezeit nur von stäh¬
2173 1481 3277 1582 len geredt, und wnder anderem wie es Einem
2156 1528 2754 1627 Metzger Guldt gestohlen habe
2176 1596 3215 1723 Ob Er nit auch das Schwartz Madlen kenne
2167 1678 3268 1790 Er kenne es besonderbahr mit Äußert daß es
2183 1762 3256 1854 elbiges ohnlangst zu Burgdorff einem Sagißen
2158 1810 2658 1907 Mann Geldt genomen
2164 1867 3265 1994 Ib mit das Guggerl auch bey Ihme am Vndersen
2143 1944 2501 2053 Marit gewesen?
