4032 3024
787 548 880 645 27
1124 589 1900 747 Gristen Jost von Langnano
916 699 1961 885 er 12. Octobris 1714: hatt sich
900 780 1934 940 Ihr Gul. diener M. itthl. Großweibel
897 864 1953 1009 Imhooff in die gefangenschafft Verfüegt da
904 916 1948 1071 selbsten den wegen begangenen Diebstahls¬
905 979 1968 1147 eingesetzten Christen Jost gebührtig von Lang
898 1046 1974 1203 namd ein bey der Statt Wohnenden Lagnener
898 1088 1326 1208 zu Examinieren
888 1164 1923 1322 Ward demnach derselbe Hefraget. Von
892 1236 1566 1346 Wannen und wie alt Er seye
850 1305 1955 1468 Antw. Eer seye von Langnauw, und ohngefahr
883 1377 1346 1485 bey 33. Jahren act.
878 1454 1914 1596 : Wie lang Er Albereit von seiner Heymat
885 1528 1087 1628 Weg seye
930 1609 1336 1711 Seit 15: Jahren
910 1688 1583 1803 Wo Er sich seithar auf gehalten
850 1773 1914 1884 . Er habe ohngefahr bey 42: gedienet zu Oster
859 1850 1787 1960 mannigen, Santigen Vnd im Brauchthal
1761 1959 1836 2073 2.
2030 659 2114 748 2
2212 706 2908 821 Von Wannen sein Weis seyn?
2197 788 2446 886 von Biglen
2177 882 2929 993 Seit wie lang Er selbige kenne
2830 961 2876 1026 ß
2185 974 3235 1105 Es seye ohngefahr 3. Jahr dasie zusamen komen
2191 1095 3257 1215 An Welchem ohrt sie Kirchgang gehabt und zu
2175 1169 2635 1248 amen geben worden.
2175 1225 3179 1347 An keinem Ohrt, seyend zwar grad vor dem
2139 1295 3250 1416 Krieg in Ihren Gmwinden verthündet worden Er aber
2142 1356 3233 1454 seye darzwuschen in Krieg gezogen und seithar die
2145 1430 3226 1518 meiste Zeit Kramck gewesen, so daß sie die sach nit
2142 1482 2515 1580 abtreiben können
2073 1549 3250 1665 die Ob Sie mit Ein Kindt bey Ein anderen erzeuget,
2148 1623 2906 1718 und wo sie mit demselben hinkomen
2170 1681 3249 1788 Ja, sie habend Ein Kindt mit Einanderen erzeu¬
2138 1751 2724 1851 get, es seye bey der Muter
2188 1805 3171 1926 Ob Er nit nun vnd dann Obß und Gardten
2127 1864 2183 1920 E
2128 1893 2698 1996 Zeug in die Statt getragen
2051 1969 2289 2094 . Mein
