4032 3024
1119 495 1224 598 194
1223 567 2092 791 Wie Manches Weiberhembe, E
1193 684 1635 814 Veronegen geben
1134 791 1408 898 E. Ains
1291 852 2110 1034 N die Verouegg aber sagdt zwey
1312 949 2114 1117 Ein guhtes vnd Ein böses, Vnd thi
1339 1042 1958 1174 darfür bezahlt 16: 6
1240 1119 1867 1244 Waß es darfür bekommen
1217 1227 2096 1349 Wuße es eigentlich nit mehr, glaube
1236 1287 1528 1384 aber 5. R.
1195 1356 2072 1468 Waß es der Verdungg mehr geben.
1235 1436 1644 1548 2. Zwächelin
1264 1522 2027 1639 N die Verounggsagdt 4. von
1319 1588 2033 1697 denen es 2. Zurück genommen
1198 1635 2002 1759 Wo es diese zwächelin bekomen
1202 1726 1986 1845 Es habe sie mit den Obgedachten
1147 1813 1843 1926 Manns hembderen gekauft
1188 1896 2014 2013 Ob es der Verbnegg nit auch einen
1153 1961 1574 2079 strohwsack geben.
1177 2050 1339 2163 Aa.
1480 2041 2005 2158 Vb die Verbnegg sagdt
1367 2099 2056 2213 daß sie Ihm 10. R. darfür geben
2157 602 2273 707 198
2168 610 3320 801 2. Ob Eb Ihra nit auch 4. Ell blmmleten
2229 713 2929 845 Zung zu verkauffen geben.
2155 806 2362 948 H. Ja
2391 813 3313 942 N die Verouegg sagdt daß 156
2378 899 3229 1017 seyen daraußt geloßt worden
2156 961 3251 1146 E. Ob Es mit dem Ihr Schaffner Ma¬
2259 1060 3215 1194 muel habe geholffen das haußziechen
2159 1117 3048 1291 R. Ja vor ohngefehrt 2. Jahren
2136 1238 3265 1398 R. Ob Es mit des Mstr Glaser Puters
2210 1335 3240 1454 Fraunten einstuck tuch von 150: Ell
2241 1412 2620 1516 entwendt habe
2175 1469 3274 1605 R. Mein, Es habe das such wohl gesachen
2284 1557 2763 1651 aber nit betastet.
