4032 3024
810 552 901 652 288
967 647 1979 830 Sie haben es im Höltzl. Versteckt gelaßen
945 728 1950 917 Ob Ihnen nit noch andere mehr bey dem
964 834 1828 965 diebstahl dieses Reßis behulftlich gsii
974 911 1451 1030 Kein kein Mensch.
956 1018 1985 1162 Ob Er nit auch schon zu anderen Zeithen an¬
955 1093 1983 1243 ers Kupfer oder Ertz alhier Peil getragen.
965 1176 1429 1291 Nein Niemahlen
964 1287 1973 1393 Ob Er dann nit Etwann Inmand anders
925 1362 1537 1463 Wüße, der solches gethan.
938 1456 1439 1550 Er wuße Niemand.
862 1567 1977 1693 E ObEr den Mstr Kuuchel vnd Zollinger kenne
933 1664 1098 1761 Mein.
866 1763 1938 1936 . Wo Ehr die Verbrochnen Ehrigen Stücklin, so E
895 1849 1807 1978 dem Mstr Zollinger zu bracht, genomen.
1761 1957 1897 2081 d.
2088 682 2184 772 189.
2209 760 3152 888 Er habe demselben nie keines Gebracht.
2213 872 3272 1013 Ob Er dann keinem Meister alhier dergleichen
2212 946 2497 1045 achen zu bri
2512 959 2560 1017 cht
2210 1021 3290 1156 Seye etwann ein Jahr, daß Er dem Rohtgießen
2170 1110 3216 1202 Weyß zwey verbrochene Hasen, die Er dem
2162 1159 3263 1262 Pfasten zu Außhausen außem Speycher im Ver¬
2176 1225 2993 1329 schinnen Kring genomen, verkaufft.
2176 1308 3217 1435 o Er die Hafen gehabt biß Er Sie Verkauft:
2195 1407 3235 1533 Nachdeme Er dieselben genomen habe Er sie
2169 1492 3244 1571 in Einem Holtz, Obenfür guttwyl wohl bey Einem
2164 1548 3211 1649 Jahr vergraben gehabt alda Er sie geholt vndt
2149 1606 3191 1713 Verkauft habe sonst niemahlen nichts gestohlen
2148 1677 2995 1777 als leider das Resti untrechenhauß,
