4032 3024
787 561 896 645 292
946 626 1994 810 Ob Er Gewüßt daß sein Camarad sich alhier
952 715 1758 834 in der Gefangenschafft befunden?
964 775 2001 954 Ja Er habe solches zu Urtenen in der Sintten
948 842 1210 930 Vernommen.
844 901 1966 1059 E. Wo Sie den Werckzeng genommen, darmit
919 993 1532 1108 Sie das keß Verhanwen
936 1077 1976 1186 Der Schmidt zu Urtenen habe Ihm das Biel
934 1149 1984 1277 geben, und die Stockschari habe Er zu Burgdorff
923 1201 1636 1316 bey einem Gurdtler entlehnt.
935 1278 1421 1405 3b Er ein Weib habe
933 1377 1805 1512 Ja Er habe ein Weib und ein Kindt.
844 1493 1933 1629 E. Wo sein Weib den Kabis hargenomen, den
898 1570 1487 1676 sie unlängsten Verkauft:
905 1654 1272 1758 Er wüße es mit
886 1764 1910 1897 Dieses ist die Bekandtnuß, so von diesen Kerln
878 1825 1620 1945 erhalten worden actum Vorstaht.
2075 679 2196 786 293
2422 693 2934 814 Derena Grob
2437 789 2797 874 von Gottstatt
2171 871 3264 1026 Den 5. Novemb. 1714: habend Ihr Gnl.
2198 985 3263 1079 dienere Mu Ahl. Großweibel Inchooff vnd der
2188 1033 3239 1145 Grichtschreiber sich abermahlen in die Gefangen
2179 1086 3230 1209 schafft begeben, daselbsten, die wegen begange
2185 1155 3187 1256 nen diebstahls gefengklich eingesetzte dirnen
2177 1207 3273 1340 Namens Verein Grob, zun Hauptmann Christag
2164 1276 3209 1400 Müllers gewesene Köchin, gefärgklich zu¬
2176 1367 3185 1449 examinieren; Wurde demnach befragdt
2160 1407 3253 1549 Wie es heiße, wie alt und von Wannen es seye
2095 1523 3251 1641 R. heiße Verein Grob, gebührtig von Gottstatt, Vnd
2167 1602 2954 1711 Zwuschen 43. Vnd 44. Jahren Alt.
2176 1686 3245 1828 bey wein es gedienet, ehe es zuhrn Hauptmann
2165 1766 2495 1852 Müller kommen
2170 1834 3204 1949 Bey der Frauw von Bierre und zu Reichen
2164 1921 2266 2011 ach
2080 1957 3073 2087 D. Wie es sich an diesen Orthen verhalten
3050 2059 3110 2173 A
