4032 3024
875 648 1874 799 Ob solche einsruch in der Nacht von Ihnen
836 734 1236 828 verbracht worden
878 790 962 879 Ea
878 876 1829 1000 Ob sie underwegs nit auch an anderen
838 960 1876 1082 ohrten mehr eingebrochen, Als an diesen Jetzge¬
848 1014 1156 1087 melten dreyen.
841 1050 1609 1162 kein sonst an keinem Ohrt mehr
792 1146 1896 1284 . Ob Er nit schon hievor zu Thun auch haafen
806 1218 1676 1316 Verkauft und wo Er selbige genomen
847 1299 1820 1419 zu Oberhoffen in zweyen häußeren habe
802 1370 1302 1453 Er selbige genommen
841 1440 1810 1561 Ob Es amtag oder zunachtgeschechen, vnd
829 1514 1336 1598 wie Erb gemacht habe.
958 1560 1159 1621 Er habbin der
775 1568 1849 1661 E. Estegezn nacht gethan, und also gemacht, an
812 1638 1813 1740 dem Einten Hauß seye ein böses Pfensterlin
801 1698 1792 1796 9sin das habe Er hinweg gethan, da seyn der
806 1751 1823 1853 sub hinein geschlofen und habe den hoaßen
808 1813 1836 1910 Ihme hinaußgeben; bey dem anderen hauß
796 1885 1830 1982 habe Er Ein loch durch ein Pfensterlin gemacht
1665 1960 1770 2034 und
1986 613 2081 729 189
2117 616 3225 715 und mit der hand hinein gereckt, und die Thuren
2113 685 3201 780 auf gethan, da seye der Bub hinein gangen vnd
2103 745 2848 855 Einen haufen heraußgebracht.
2115 791 3217 931 zu hilterfingen dann haben die zwey Klei¬
2128 851 3194 959 nen zwuschen tag Vnd nachh auch einen haafen
2124 916 2734 1031 auß einem hauß genommen
2150 982 2660 1083 Bub und das Maidtlin
2121 1026 3183 1167 diese 3. haafen habe Er Einem Burger zu
2114 1101 3154 1220 zu Thun auß offener Gasten zusamen vmb
2122 1141 3157 1258 6. B. Verkaufft, welcher selbige also bald hin
2115 1204 3166 1318 Weg getragen, Er müße aber nit wer der
2106 1260 3155 1368 Bürger seye, dem Er sie verkaufft, dann Er
2112 1319 3160 1425 denselben ohngefehrt auff der Gaßen ange¬
2123 1402 2281 1496 troffen
2132 1424 3220 1559 Warumb Er zu Thun außgeschmeitzt worden
2120 1514 3192 1656 Er habe Etwann 12: oder 13. Roßen auf der
2132 1615 3206 1695 Allmeit die Haar abgeschoren deßtwegen Mann
2105 1680 2602 1776 Ihn außgeschwungen
2139 1735 3216 1869 36 Er sonst keine mehrere diesstähl begangen.
2141 1815 3133 1948 kein Er habe sonst mit weiters genommen.
