4032 3024
746 564 844 655 144
877 610 1932 788 Ob Sie zu Schonenwehrt nit in andere Häußer
857 709 1895 829 mehr eingebrochen, Alß nur in dem Jeiigen, da
844 775 1879 895 seiner vorigen Bekandtnuß nach Sie den Speck
850 814 1060 893 genomen.
844 878 1880 1017 Nein Sie seyen daselbst nur an Einem Ohrt
850 947 1113 1045 engebrochen
834 1045 1882 1162 Er habe in letzt gehaltenem Examen Vorgeben
827 1112 1867 1226 daß Sie zu Schonenwehrt nur Speck der
832 1185 1861 1295 Bericht aber laute, Es seye ein gantzes ein¬
820 1252 1853 1361 gesaltzenes Schwein mit hammen vnd Übriger
826 1295 1272 1393 zugehördt gewesen.
872 1383 1839 1521 Ja es seye ein gantzes Schwein gewesen
799 1452 1204 1549 so sie genommen
823 1534 1841 1661 Wie sie Es daselbsten gemacht, daß Sie hin
820 1596 1043 1689 einkommen:
754 1653 1849 1806 N. Sie haben mit Einem Sparren Einen Eisernen
805 1752 1844 1858 stab außen gewogen, darauf der Lmerner
1454 1820 1483 1863 er
778 1800 1736 1923 hinein gestigen, und die sachen außen geben
1984 619 2069 698 145.
2118 628 3169 775 Es habe der Allenfridlin, under anderem
2104 702 3206 813 in seiner Vergicht auch auß trückelich angezeigt
2103 766 3130 867 daß Er Ich me Geholffen ein Viertel kernen
2100 822 3184 932 und Einhalb Viertel Mühligichtstehlen, dieses
2099 881 3169 1004 solle Er nun nit mehr verhalten, sonderen frey
2103 940 3001 1069 anzeigen, wie sie es gemacht habend:
2107 1048 3187 1162 Der Allenfridlin vnd Er seyen im Freyen
2095 1129 3216 1226 Ambt Oben für Mur nachtlicher wyl bey Einem
2091 1185 3148 1292 Loch daran Sie das Eisen mit Einem Pparren
3107 1248 3140 1291 E
2098 1253 3207 1362 Weggemacht, eingebrachen, und habend Ein 44 Ber¬
2103 1312 3209 1393 nen und Einhalb 1tel Muhli guht genomen; dieses
2103 1368 3162 1481 Gewachs habend Sie zu Merischwand mahlen
2117 1442 2539 1549 aßen, und Geßen.
2104 1500 3186 1616 Wie sie es an denen Anderen ohrten gemacht
2097 1587 2803 1693 an denen sie auch eingebrochen
2106 1653 3189 1772 Irn Zurich gebiet, habe der Allenfridlin mit
2097 1737 3122 1840 Einem Schrottlisen Einloch in die Mauren ge¬
2106 1804 2348 1890 macht, vnd
2090 1834 3192 1966 Im Zuger Gebieth habe derselbe die Thüren mit
2730 1908 3115 2021 Bey der Seißen
2106 1922 2637 2030 den zußen eingestoßen
2973 1963 3115 2070 Brugige
