4032 3024
755 540 840 646 294
863 606 1933 780 die Gefangenschafft verfuegt und in Aber
856 687 1948 836 nahliger Gegenwahrt E. Ghl. dieneren
831 736 1951 919 H. Großweibels und Grichtschreibers Er Gul.
838 802 1946 972 ernstliche intention mit gantz beweglichem
831 870 1949 1031 zusprechen demselben eröffnet und ernstwöhr
850 945 1927 1081 itig vorgestellt. Waß maßen mann biß¬
839 1026 1932 1138 hero durch aller ley Gelinde Mittel und weg ge¬
826 1061 1952 1181 trachtet, seine Arme unsterbliche Seel, auß welche
815 1139 1931 1251 mit banden und stricken des leidigen Sathans ge¬
826 1179 1911 1297 feßlet zu erretten, und Ihne zu einer Auf¬
835 1248 1891 1361 richtigen Behandtnuß der beklagdten leidigen
832 1305 1912 1409 thut zuvermögen deren Er ohne das in seinem
833 1372 1930 1479 gewüßen überzeuget, und der vielfahltigen Vmb¬
827 1419 1891 1538 ständen halben, so hiiter am Tag seye, zu ver¬
841 1508 1922 1600 mögen; mit nochmahligem ermahnen, seinem
806 1552 1880 1652 Leib zu verschonen, und denselben nit, wie Er
833 1621 1927 1717 nun vor augensehe daß es darumb zuthun seyn
833 1658 1853 1766 wolle, elendiglich durch die Marter Verderben
825 1719 1020 1803 zu laßen
797 1784 1924 1907 Es hatt aber dieser Schlup weder auff der Marter
830 1863 1897 1981 Bamk, dahin Ihme zusitzen befohlen worden, noch
1641 1977 1791 2064 bey vor
2074 686 2149 779 185
2163 693 3241 805 bey Vorstellung des Scharpfrichters, gantz vnd
2158 759 3217 854 zur nit bekennen wollen, daß Er die beklagdte
2164 818 3217 903 leidige That Jemahls begangen mit vermelden
2161 876 3210 954 daß wann Er sie verubet, Er es nit so weit hätte
2164 940 3225 1012 komen laßen, sonderen alsobald hätte angezeigt,
2157 981 3230 1082 Bott und eine hocht Oberkeit umb Verzeichung
2142 1039 3211 1146 gebötten; Vnd ob wohlen Er Ein großer undt
2142 1094 3249 1209 schwahrer Sunder, so seye Er doch dieser thathalle
2152 1164 2388 1252 unschuldig
2736 1184 2825 1272 auch
2143 1218 3217 1319 Obwohlen nun darüberhin das Marey Ihme
2139 1286 3231 1363 widrumb vorgestellt, und durch das selbe alle in
2122 1340 3198 1436 vorigem Examen enthaltene Vmbstandt Ihme
2140 1396 3176 1504 eitläufig vorgehalten worden, so hätte Er
2143 1447 3174 1550 Dennoch deßen allesin ohngeacht steist vndt
2145 1511 3208 1610 Vnst beharret, daß die Anklag unwahrhafft
2137 1562 3198 1671 und Er dieser that halben gantz unschuldig seye.
2137 1634 3162 1742 Weiben nun Muhhl. Examinator gesuchen
2135 1733 3250 1829 daß auß diesem Schlup abermahlen mit zu brüngen
2135 1764 3185 1857 wäre, und der Oberkeitliche Befelch nit weitert
2135 1836 3146 1920 sich erstreckte, hatt Er ohn widrumb an sein
2133 1874 2479 1977 orth thun laßen.
