4032 3024
772 556 879 616 290
920 621 1922 788 nkunschheit seyn, aber diese leidige that
926 732 1947 858 nemahlen begangen noch im Sin gehabt zu
901 764 1088 875 begehen
894 839 1909 996 2 daß Er am Montag vnd dinstag weilen
907 922 1911 1058 Er Gewußt daß es noch umb den weg seye,
899 986 1880 1116 nit in Stall kommen, aber am Mittwochen
895 1047 1932 1191 da mann Thigesagdt Eb seye hinweg seye
883 1112 1346 1211 Er in Stall kommen
885 1177 1932 1317 hierüber bekennte Er Ja, daß Er am Mon¬
892 1256 1895 1369 tag und Zinstag nit im Stallgsin, aber am
880 1327 1850 1428 Mittwochen mit and damahlen aber mit
881 1405 1865 1506 anders darum gethan, als gelugdt, waß
881 1432 1249 1528 das Veich mache
1140 1504 1289 1581 damahlen
875 1516 1917 1646 3. daß Er darinnen etwas hin vnd her vnd
874 1585 1835 1700 vernuhtlich mit anders als das Ladlin ge
880 1646 1928 1756 sucht, darauf zustehen, da Er Ihns das Maydt
879 1708 1854 1803 lin gefunden, Ihms gefragdt, Ob wann es
869 1774 1857 1900 etwas schlimmes von Ihme wußte, solches
865 1825 1318 1918 auß bringen wolte
863 1896 1829 2019 dieses hat Er allerdings gelaugnet vnd
1655 1988 1839 2076 darvon
2044 664 2136 771 191
2165 691 2667 809 nichts gestehen wollen
2142 792 3285 895 4. hielte Es Ihm auch vor Waß als Er am frey
2150 860 3226 935 tag abeuos in den Stall kommen, habe Er das
2169 916 3298 1000 haglin genomen, selbiges auff die Bschuli geleget
2181 961 3223 1067 daraufgestanden, sein Männlich glied her vor
2163 1023 3244 1128 gezogen und die leidige That verübet darbey Er
2155 1083 2500 1179 starik gebartet.
2136 1127 3264 1273 Es hat aber der Schlup dieses hart widersprochen
2149 1205 3258 1317 und zum heftigsten gelangnet. Mit vermulden
2138 1264 3202 1352 daß Er niemahlen kein ladlin auff die bschusi¬
2147 1322 3267 1420 Kinder die Kuhe gelegdt, weniger darauf gestand¬
2142 1384 3238 1502 Ebgeegftige oder die Grenntliche that verübet
2133 1438 3217 1562 so Ihme niemahl in Sum kommen, Wahr seyn
2146 1497 3232 1612 es, daß Er bey allen dreyen kühenen Gestande¬
2141 1562 3228 1662 und neben der rohten das waßer abgeschlagen
2134 1652 3211 1758 5. daß wie Er anfangen die That veruben, seye
2133 1708 3176 1803 Er von der Ruht wider abgestanden, da habe die
2142 1773 3225 1871 Ruhe geharnet, darnach Er widrumb an Sie gang
2128 1836 3207 1946 Dieses hat der Schlup abermahlen härtigklich
2134 1913 3204 2001 gelaugnet, und im gringsten nit bekennen wollen
2149 1965 3144 2064 daß Er an der Kuhe gestanden, sagdte aber
3025 2015 3172 2111 ab seie
1999 926 2169 1030 E. linder 4
2009 991 2165 1070 Der rohten
2002 1041 2094 1117 Ruhe
