4032 3024
793 572 889 636 e
910 645 1926 803 sein lebtag nicht das Geringste leid zuge¬
892 727 1904 875 fuegt, seye auch in keiner findtschafft mit
900 791 1883 929 Ihme gestanden, sonderen sein gewüßen
898 869 1911 1000 habe Ihns darzugetriben, daß es diese böse
885 942 1896 1079 that, habe anzeigen mußen, Es habe Zeithar
889 1008 1917 1137 wohl manchen Seustzen und trahen darüber
861 1061 1128 1164 vergoßen
2031 668 2127 776 I11.
2185 661 3216 812 en 23. Juny 1724. sind durch Machs. Rahts erren
2191 763 3133 894 Gyttenbach uns H. Großwerbel Im Hooff Auch Miche
2152 856 3213 986 Stahl,sund sein Ehr weib von Moos affolteren dieser das Thun¬
2173 943 3212 1059 Bnklagtenthathalben, vernomen worden; da dann die Baugen
2164 1023 2676 1157 Volgenden Bericht Abgestattet,
2132 1109 3237 1272 Weyn das Marey Andontag Abends, den 10. brachnonat s
2140 1233 3142 1365 bey Ihnen Gestanden, Als sin die Milch gerichtet, da Jahr
2168 1322 3190 1452 dasselbige von Ihnen hinweg seine S. I.) nohtburfft zu verichten
2167 1406 3213 1544 und Tauffe Anstatt an das Ordinari, ortinstall Dainselben
2159 1479 3182 1634 Abend numhabe dieses Marey AllZeit gesunstget, und sich Hantz
2155 1562 3158 1706 frauwriger zeigt, Und nachwehrts dem Mablen, Ihrer Stinff
2149 1640 3131 1797 Tochter Gesagt, E.s möchte Ihm wohl etwas Anzeigen, daß Ihm
2143 1724 3214 1893 Garschwer Ablige, Abnrfs sorsfemit, Jndoch guletst ihne Verduhet,
2134 1805 3194 1957 daß wie es duchen Abenb in Stall komen seie nochtdurfft zu verrichten
2140 1900 3213 2063 habe ns den Hupz hinder der Khuogefunden, das Wie hnd bekunft
