4032 3024
795 554 873 627 244
951 610 1989 801 Waß das Kindt auff dem Marit goldten sab¬
946 736 2004 902 Es hätte mehr nit als auffs Vielst 10. thr. golte
1460 835 1589 901 weilen
962 821 1949 971 Ob Er nit gesechen daß die Ghellen Ihme er
1879 890 2006 955 das Kindt
923 898 1983 1050 so wohl feil geschatzt, solches gestohlne waar seyn
911 953 1052 1036 muße
910 1029 1961 1156 Weilen Er eine Zeit daher an dem Metzgen
909 1104 1913 1231 mehr eingebußt als gewonnen, so kauffe Er
918 1160 1933 1281 o wohl teil als Er könne, und weilen Er den
908 1217 1902 1330 Jectz gekennt, seye Ihme mit Böses in Sinn
901 1275 1931 1395 kommen, Er habe gemeint der ander Gesoll sey
897 1330 1949 1437 der Jenige Mannvon Nemdnungg oder Jemand
890 1390 1939 1511 von den seinigen und die noht treibe Ihn zum
889 1442 1131 1520 Verkauffen
880 1500 1947 1639 epliciert Er Metzger seye bey seiner Nachbahr¬
901 1576 1945 1702 schafft in einem schlimmen verdacht, und klagend
890 1640 1864 1757 verschiedene Persohnen, daß Ihnen Reich ent¬
881 1690 1184 1786 wendt worden
925 1745 1899 1884 die Metzger von Bern seyend Ihm so auf¬
877 1819 1910 1955 setzig und geschecht mir auß Verbunst Er möchte
870 1881 1946 2015 den sechen der etwas boses auff Ihne Klagen könte
2055 699 2173 787 245
2183 710 3231 847 hierauß wurde auch der Bentz Bürr gegen
2187 799 3230 893 diesem Mustzger confrontiert, und gefragdt, ob
2165 876 3213 956 Er zuvor gesagdt und dem Mutzger vorgeben Er
2186 913 3222 1026 müße ein Kindt so Einem Armen Mann von
2175 978 2673 1074 Keunenegg zugehore
2221 1036 3239 1141 Er wuße mit daß Ers zu vorgesagdt, aber
2176 1139 3250 1223 wohl zu der Zeit als sie dem Metzger das Kindt
2154 1194 2348 1284 Gebracht
2165 1244 3214 1338 Dieses ist also das Jenige so von diesen Gsellen
2160 1316 3241 1419 her außgebracht worden, welches hiemit Er Gul.
