4032 3024
1050 637 1682 779 Senrich Leist
1105 715 1525 818 Von Arwangen
925 804 1905 968 en 22 Junnar14. hat Ihr Gr
874 889 1900 1020 Diener M Ahl. Großweibel Inchooff
885 948 1904 1094 sich in die Gefangenschafft verfuegt, den in
875 1011 1912 1134 oberkeitlichen Banden enthaltenen Hein
874 1074 1883 1190 rich Reist von Arwangen Alß welcher Ver¬
871 1128 1883 1262 wichenen Sontag Nachts Murghhl. Schult
868 1186 1909 1321 heißen von Graffenriedt in sein Haußge¬
865 1265 1926 1387 stiegen, und auß einem Gemach Einen liberey
847 1328 1899 1446 Bock sambt zweyen Leinlachen entwendt
863 1395 1889 1513 zu Examinieren Welcher dann volgende
866 1439 1314 1540 bekandt nuß gethan
889 1506 1881 1658 Wie Er heiße, von wannen, vnd wie alt
858 1592 1031 1688 Er sihe
887 1663 1859 1798 Er heiße Zeinrich Reist, gebührtig von Ar¬
861 1749 1853 1866 Wangen, seines Alters ohngefehrt bey 28.
850 1792 1340 1891 bise oder 30: Jahren.
2043 674 2135 737 201
2186 708 3279 803 Waß sein thun und laßen seye, vnd wormit
2138 781 2460 875 Er sich erhalte
2119 852 3252 980 R. Er habe bey 9. Jahren lang in Flanderen
2139 942 3168 1049 4. Jahr als ein Soldat und 3: Jahr als ein
2122 1017 3214 1107 Knecht gedienet, und seines Verhaltens halbe
2111 1081 3178 1170 Ehrliche Abscheide. Nachwehrts habe Er auch bey
2133 1119 3203 1215 H. Landtrogdten zu Bipp vnd bey Ikrn brat Jacob mäy¬
3122 1168 3235 1222 dienet
2136 1175 3198 1280 Ob Er nit Vergangenen Sontag Nachts in
2119 1255 3228 1340 M18gh. Schultleißen von Graffenriedts hauß
2129 1299 3059 1406 gestingen, und Wie Ers gemacht habe
2100 1393 3155 1510 s seye Ihm wohl hertzlich leid daß Er sich
2837 1471 2911 1521 idigen
2111 1483 3233 1558 Vom Bosen geist so zu dieser Bosen, thatt verfuhren
2128 1535 3178 1610 laßen, Er wolle aber in aller außrichtigkeit
2120 1589 3216 1677 anzeigen wie Erb gemacht habe. Am Verwichenen
2125 1661 3183 1743 Sambstag seyn Er zu Jngistorff gewesen vnd von
2122 1697 3193 1796 dorthen spaht hinweg gangen, Also daß Er bey der
2110 1754 3177 1847 Japyrmühli übernacht sey bleiben müßen, da
2108 1811 3202 1898 Er dann am Sontag widrumb in die Statt kommen
2123 1861 3164 1958 und als Er am Abend zu des Ihr hauptmann
2101 1922 3147 2021 Mays Knecht auff dem Käßmarit (: bey deme
3009 1987 3148 2074 Er sich
