4032 3024
748 560 861 648 232.
858 617 1928 794 Es seye wahr daß wie Er neben der Kuhe ge¬
874 701 1916 828 standen und sein waßer Abgeschlagen gehabt
877 764 1893 894 habe bald darauff die Kuhe auch geharnet.
877 824 1903 969 Endtlichen gestuhnde Er auff vorhalten des
874 910 1937 1039 Mäydtlins, daß Er geredt Ehe müße Sonnen
870 973 1881 1091 und Mohn durch Ihn scheinen, ehe Er könne
875 1016 1357 1118 diese that bekennen
872 1105 1851 1205 Dieses ist also das Jenige So durch die
1687 1185 1787 1236 Kerl
871 1180 1906 1290 gehaltene Examina von diesem Gebracht
867 1225 1849 1350 werden können, welches Er Gul. zu dero
857 1285 1941 1413 hochweisen verneren Erkandtnuß gehorsambst
848 1355 1730 1469 hinder bracht wirdt actum Vorstaht.
2049 688 2147 782 233
2334 636 2475 702 dntes
2497 688 2796 763 Hamen
2235 732 3235 857 Mit Bendicht Schlug von Waldt
2477 809 2637 899 Wyl
2120 934 3262 1049 Aach deme Er Gul. sub 3 huiud
2146 1015 3218 1122 der Verlauf des Mit Bendicht Schlup hie¬
2152 1098 3198 1179 vor verrichteten Exament hinderbracht
2150 1137 3232 1223 worden, und darüber hin deroselben belieben
2151 1194 3225 1297 wollen Muhhl. Exam Rahtsherren undt
2139 1249 3202 1364 Examinatoren Wyttenbach durch einen
2133 1310 3226 1411 fruschen Befelch aufzetragen diesen Schlup
2140 1374 3214 1479 nochmahlen alles Krefftigen Ernsts auch mit
2143 1425 3219 1530 betron- und Zeigung der Marter zu exa¬
2137 1493 3244 1566 minieren, Bevorderst aber durch dero diener
2121 1552 3194 1656 Mu nthl. Großweibel vnd Grichtschreiber, den
2115 1605 3201 1727 Jenigen Stall und ohrt zu Moos assolteren
2137 1668 3216 1779 Allwo derselbe die leidige that solle Verubet
2136 1740 3235 1839 haben, sambt anderen Verdächtigen Vmbständen
2138 1789 3184 1897 in genauwe Erkhündigung nemen zulaßen,
2125 1854 3222 1967 hat zufolg so thanen oeselchs Michtl. Rahts herr
2133 1920 3144 2032 Dinstags den 3ten hujus sich widrumb in
3031 1996 3133 2081 die
