4032 3024
934 613 1960 772 Ob Er sunst zu Aranih nichts entwendt habe
936 725 1968 896 Noch einen stäcken, so bey den Kösflen gewesen
927 803 1934 954 habe Er genommen, sonst weiters nichts mehr
916 877 1966 1049 Ob Er nit auch alhier zu Hern Gradin Ein hauß
912 971 1966 1120 geloßen und gestohlen habt. N. in H. Fuhrers hauß
936 1057 1970 1227 Ja Er habe drey Silberne Kösfel entwendt die
889 1147 1925 1270 Er in der Stuben in Einem beckelin angetroffen
911 1241 1852 1374 Warumb Er also die Haußer durch suche
846 1298 1924 1440 R. Er habe seinen Landtsmann hr danid Schir¬
892 1384 1310 1488 mer suchen wollen
914 1486 1961 1612 Ob Er mit Tags zu vorschon in Ein ander hauß
870 1557 1707 1666 geschlichen und Grad hinauffgangen?
1713 1613 1779 1671 H
1806 1596 1956 1699 holtzeri
930 1641 1908 1751 Ja. Er habe daselbsten seinem Landtsmann
885 1716 1910 1822 nachfragen wollen, aber in selbigem hauß eine
881 1770 1223 1861 frauw gefunden
921 1844 1698 1991 Ob Er daselbst nit auch habe stählen
1699 1902 1870 1987 wollen.
1694 1990 1772 2097 H
2041 657 2146 755 271
2101 705 3280 845 EEr seye nit express von stählens wegen, dahin gan
2154 787 3269 888 gen, Aber Villeicht, ware Er gelegenheit darzu
2149 855 3268 964 gehabt, und etwas angetroffen, wurde Er es wohl
2160 923 2509 1024 genommen haben
2064 997 3220 1108 2 Ob Er sonsten alhier in keine häußer mehr ge¬
2153 1070 2284 1141 laffen
2095 1129 2758 1250 Mein, in kein anders mehr
2184 1224 2895 1360 Ob Er noch seine Elteren habe.
2101 1319 3183 1444 I Er habe noch seinen Vatter zu hauß, so ein be
2143 1415 3231 1502 Tagter Mann, und seines beruffs ein Waber des
2144 1477 2668 1570 reinen Leinwaadts seyt
2119 1549 3229 1667 Dieses ist also das Jenige so mit diesen Gefange
2137 1623 3108 1734 nan verrichtet worden. Actum Vorstaht.
