4032 3024
743 565 827 669 140
1101 553 1516 671 Claus Müller
845 632 1890 782 Diesem nach wurde auch E laus Müller
854 722 1875 845 obiger beyden Bruder ein 14: Jähriger Sub
848 778 1225 868 Examiniert und
764 823 1835 958 Befragdt Wo Er und seine Bruder seyen zu
812 920 1129 991 samen kommen
1686 952 1905 1047 heimatuen
772 968 1892 1100 Antw: Sie seyen alle mit Einanderen von hauf
820 1036 1843 1132 hin abgegen Bern zu gangen als Nämblichen
830 1083 1862 1191 der ulli der Schriften, der Peter, das Trini
820 1139 958 1235 und Er
771 1204 1819 1333 2. Ob sie den Schristen zu Atenbühl nit ge¬
838 1283 1099 1379 nicht haben
763 1362 1675 1470 R N ein Er seye selbsten zu Ihnen kommen
848 1450 1841 1557 Ob Er nit zu Nidernichtrach andem Tag, da
796 1520 1808 1623 sie in der Nacht darauf die häufen genommen
790 1564 1528 1669 bey demselben hauß gebättlet.
836 1642 1866 1772 Andemselben tag nit aber an dem Tag zuvor¬
830 1737 1805 1860 Ob Er mit seinen Bruderen gesagdt, Es seye
781 1820 1786 1916 an demselben hauß Ein ladlin, daß mann
1594 1909 1750 2012 könne
1982 608 2097 725 141
2123 598 3143 739 könne hin weg thun, und daselbst hin einkomen.
2132 725 2847 838 Ja, Er könne Es nit laugnen
2145 811 3043 941 Wer dann Ladlin hinweg gemacht
2138 894 3193 998 das Ladlin seye nur mit Roßnäglen ange¬
2112 946 3207 1089 Schlagen gsin, Welche der Peter außgezogen vnd
2110 1008 3213 1121 das Ladlin hin weg gemacht, weilen aber das
2096 1077 3219 1194 Lochklein Gewesen und der Peter nit hinein mög¬
2114 1130 3174 1250 habe Er Ihn hinein gebührt, da habe Er denen
2108 1181 3223 1300 anderen zuern häufen hinaußgeben, so der Petor
2108 1259 3217 1375 und Ehristen genommen. Der Ulli habe mit wolle
2109 1312 3186 1407 darmit zu thun haben derselbe habe allzeit Er
2108 1372 2677 1482 und schon Ehrlich gedienet.
2081 1410 3155 1575 2. Waß sie underwegen weiters gemacht:
2129 1502 3177 1636 zu hintzigen habend der Peter und Christen an
2113 1590 3175 1693 Einem Keller ein Maletschlößlin zerzogen da
2110 1645 3217 1757 seyen sie hin eingangen und haben Milch getrunken
2128 1703 3222 1791 und eine Ppannen vnd einbitzlin Schnitz genomen
2112 1757 3120 1856 des Peter und Christen haben im Keller ein
2109 1801 3197 1927 Liecht angezundtet. Der Ulli vnd das Mäidtlin
2852 1865 2964 1920 hernach
2116 1874 3162 1983 aber seyen in der Gaßen oben bliben, zu Muri
