4032 3024
777 578 886 682 936
892 641 1965 831 hraun von Bierre Ihme für seinen Lohn ge¬
898 748 989 839 ben
898 819 1938 948 Ob wohlen nun diesem Verein alles Ernsts
898 891 1952 1001 zugesprochen, auch mit Betronwung ermahnt
907 966 1938 1070 worden die wahrheit zu bekennen; hatt es
901 1027 1934 1140 doch einmehrers begangen zehaben mit ge¬
886 1084 1405 1186 ständig seyn wollen.
902 1201 1939 1323 Solchem nach wurde auch das Margrithe
886 1274 1881 1382 Berlinionst vorgelaßen und befragdt.
880 1348 1938 1472 Ob es nit darbey ghin, wie das Verein die
892 1453 1824 1564 assette und den Schreibtisch gröfnet.
927 1547 1891 1653 Nein Es seye nit darbey sonderen in
898 1626 1922 1726 der Nebendstuben gsin und habe dem Kindt
889 1690 1917 1794 zu Eßen geben, dahin das Verein Ihme auch
891 1767 1416 1859 die 3ten thrl. gebracht
871 1827 1913 1949 Weilen nun das Vereng und dieses Margrithe
1639 1937 1831 2021 hierun
2050 678 2193 789 187.
2194 724 3212 853 hierun underscheiden waren Als sindt selbige
2198 814 3253 923 gegen Ein anderen Confrontiert, da dann daß
2194 882 3261 1001 Verein nochmahlen beharret, daß das Margeithe
2194 943 3245 1039 in der Stüben darbey gsin und das Kindt auf den
2174 1016 3232 1132 Arm gehabt, als Es die Cassette vnd Schreibtisch
2167 1066 3207 1178 gröffnet und das Geldt darauß genomen, mit
2165 1147 3213 1249 hinzusetzen, Als es das Geldt in den händen ge¬
2161 1204 3211 1304 habt seye Ihm gar angst worden, und darauf
2165 1274 3205 1364 solches wider hineinlegen wollen, da habe das
2158 1332 3247 1436 Margrithe gesagdt du Narr Warumb forchtestu
2158 1406 2256 1495 Dir
2328 1396 3220 1503 Dieses nun hatt das Margrirhe gan
2836 1464 2918 1519 Vd
2171 1459 3162 1576 nit gestündig seyn wollen, sondere Verdeute
3060 1532 3088 1584 r
2147 1528 3166 1638 das Verei Ihne ihm unrecht, dann ob mit in
2165 1601 3223 1696 der Stuben gsin als das Veren das geldt genomen
2069 1658 3194 1749 noch weniger diese wohrt geredt, vnd thue Ihme solches
2155 1710 2692 1821 auff sein gewußen schlagen.
2126 1806 3142 1932 Weilen nun kein mehrers von diesen beyden
2139 1878 3118 1979 Menschen hervorgebracht werden können; als
2141 1942 3128 2019 hattes Muhll. Examinator selbige wider an
2121 1996 2998 2094 Ihr orth führen laßen. Actum Vorstahl¬
