4032 3024
800 561 886 639 216
947 593 1908 778 Den 224 Jury 1744. Hal is. Rahsohir
965 684 1904 861 Wittenbach zu volg Oberheitl. befelcht d0. J. dilto mit
960 788 1942 937 zuzuugung Mswos Großrübel in Hhofft, und ih igt
952 871 1938 1032 schreiber Mitenbacht, dan son hen LansSogten Hl. Auch¬
960 960 1917 1124 zu oberheitlichen banden, Gwahrsamblich llhar Gnhant¬
946 1043 1910 1186 Dnndicht Shlurp von Gattwel wegen Perdächtiger tat den
953 1114 1924 1247 bestialitet erstlichen und mit bedropwung der Marter
958 1182 1872 1320 xcanart bevordrit Aber dasjunge Munsch Mar
954 1237 1872 1379 Ienant, so Ihne diese Lidige that Vnerben Gesahen zuhabe
937 1300 1101 1418 Vorgibet
2021 651 2141 752 217
2310 660 3001 818 Bendicht Schlup
2141 790 2936 946 Nachsothaner des Maria
3071 834 3253 959 Antlag
2162 899 3172 1013 und darüberhin surd erhaltenen bericht
2141 957 3250 1094 Wurde auch dieser Bendicht Schlup vorgelaßen
2158 1017 2734 1125 und demnach befragdt;
2121 1095 3248 1207 Wie Er heiße von wannen, und wie alt Er sey
2178 1196 3231 1332 Sein Name seye bendicht Schlup von Waldt
2149 1288 3208 1378 wyl der Kilchor Wenge, seines alters zwu
2155 1343 2781 1444 schen 28. vnd 30. Jahren.
2159 1436 2652 1559 Ob Er verheurahtet?
2156 1524 3193 1629 Ja Er habe weib und Kindt, die sich diß mahl
2134 1594 2710 1684 bym Schwächer befinden.
2032 1652 3202 1771 E. Wo und an welchem orth Er sich auffgehalten.
2053 1769 3220 1879 R. Er habe Jntz bey 5. Jahren daher, zu Moos assolten
2124 1857 3131 1952 ren bym Muhel Stahli als Knecht gedienet
2078 1904 3133 2051 E Ob Er nit Vergangenen Sontag 14. Jag, des
2966 2031 3166 2103 Abends
