4032 3024
792 576 885 645 912
950 649 1940 805 Ob Er mit ein Gewußes Mensch Namens
931 746 1956 887 Anna Riß kenne, so von Zutzweyl gebührtig
925 802 1946 957 und diß mahlen bey hen Sammel fanckhaußer
925 864 1247 962 in dienst seye
911 946 1969 1082 Er habe vor diesem, als der Trummen Schlager
901 1024 1943 1150 Riß zu Jegistorst gewührtet, dieses Mensch
898 1085 1951 1193 so seine Tochter seye, und damahlen, wie auch
894 1146 1898 1265 Er noch kleine Kinder gsin, wohl gekennt
911 1208 1952 1332 wuße aber nit, ob Er selbiges dißmahl noch
896 1278 1972 1404 kennte dann Er seit vielen Jahren daher Ihns
916 1345 1321 1460 nit mehr gesuchen.
935 1428 1936 1514 Ob Er niemahlen imvergangenen Weinmo¬
910 1500 1927 1617 net bey einer Apotect nach gifft gefragt.
905 1599 1932 1694 kein Niemahlen, wuße darvon weder viel
902 1667 1958 1761 noch wenig, habe auch eines wüßens Niemahlen
890 1717 1296 1831 kein gifft gesechen
895 1835 1926 1948 Alß sein Weib so gählingen gestorben Waß
901 1904 1900 2011 nann hin vnd wider im dorff dar von gesagdt
878 1948 1021 2047 habe?
1736 2002 1843 2114 H.
879 649 929 738 E.
2057 691 2137 778 913
2185 727 3240 861 Er wolle die sach anzeigen, wie mann Sae
2154 821 3285 944 Ihm vorgebracht der Jenige Mann bentz Glau¬
2150 878 3287 1009 der Genant, so den Todten baum für seine Frauw
2140 939 3243 1051 hab helffen machen, seye zu Ihme kommen undt
2164 1010 3284 1118 Gesagdt, Er wolle mit am Todtenbaum machen
2170 1072 3274 1191 auff befragen, waß deßen die ursach seye, gab
2144 1150 3263 1260 Er zur Antwort, sein Bruder Hannß Glauser
2141 1244 3262 1333 (: so ein Grihtssaß:) werde Ichm die ursachsagen
2141 1308 3238 1391 Nachdeme Er nun zu dem Hanns Glauser gan¬
2153 1367 3235 1454 gen genfragen, habe derselbe Ihme angezeigt
2150 1417 3223 1516 mann sage, daß mann das Mensch visitieren
2152 1475 3244 1555 werde, und Ihme befohlen zum Amann zugehen
2144 1537 3193 1648 Worauff Er Kohler Geantwortet in Gottes
2758 1599 2878 1653 Hobali
2131 1623 3171 1683 Namen, und sey darmit zu dem Amann
2148 1674 3178 1779 gangen, derselbe habe Ihm gesagdt mann rede
2149 1743 3182 1838 anderschiedeliches, Einer sage dieses, der Ander
2138 1812 3168 1904 ein anders, des darüberhin Er den Amann
2132 1868 3127 1975 gefragdt, wie Er sich nun zuverhalten habe
2137 1933 3172 2040 Ob Er solle mit der begrebt vorthfahren oder
2919 2013 3130 2107 inhalten
