4032 3024
778 516 845 634 92
862 567 1965 725 Manns Schwöster am Eggen bey des Nachrichter
859 667 1928 807 Gäßlin bey Ein anderen gewesen, Alda Sie hegg¬
872 716 1941 842 nen selbsten Ihme den Brieff sambt dem Lant¬
849 790 1911 909 tarulig terulin in die hand geben und gesagdt, Es
843 840 1921 964 solle diesen brieß zu hen N. Hauß tragen vndt
850 905 1905 1028 sagen, Ein Herr mit einer Gählen perrnque¬
847 973 1925 1090 bym Wyttenbach außen habe ihme selbigen
843 1040 1901 1151 zugestellt, so wolle sie Ihm einen Creutzer geben
833 1111 1902 1236 Nachdeme nun es den Brieff bey H. N. Hauß
840 1176 1892 1276 abgelegdt, habe es Ihra die Lanternen wider
1325 1236 1370 1291 un
835 1237 1886 1352 gebracht, und von Ihra den Ereutzer empfangen
826 1347 1872 1460 Alß nun dieser zeggenen hierüber krefftig
829 1407 1919 1517 zu gesprochen worden: Bekennte Sie, daß zuer
828 1492 1908 1595 sie darbey 9sin wie Ihre Geschweyen den Brief
829 1547 1920 1658 diesem Maydtlin geben Sie aber habe nit gewüß,
833 1600 1488 1714 waß darinnen enthalten seye
822 1679 1880 1808 Wolte aber darbey Gantz und gar nit gestehen
819 1739 1872 1851 daß sie selbsten den brieff dem Mäydtlin über¬
1297 1807 1328 1838 E
825 1802 957 1871 geben
1081 1799 1856 1926 den Frentzer dann habe sie Ichrer
810 1845 1379 1965 Geschweyen nur entlehnt
1543 1920 1780 2022 bekennte
2169 619 3252 767 bekennte auch Endtlichen, daß Sie am Sontag
2178 708 3234 841 während der Abenfredigk bey Hen N. Hauß
2163 769 2847 881 gsin, habe aber nit geklopfet
2062 605 2140 697 33
2206 895 3229 1031 Solchem nach wurde auch vor gelaßen
2230 972 2928 1081 der Mann dincentz Hegg
2141 1055 3222 1181 Welcher aber olngnacht alles Ernstlichen Zu¬
2160 1156 3229 1234 prechens von keinem Brieff das Wenigste nit
2159 1196 3107 1305 wußen wollen, dar demnnach vidter be
3125 1205 3199 1291 igl
2916 1081 2925 1083 der Mann dincentz Hegg
2053 1288 3210 1424 E. Ob Er sich nit bey Hrn N. Hauß angemeldet
2163 1372 2451 1449 und wie offt
2062 1450 2741 1563 1. Ja aber nur Einmahl.
2071 1531 3271 1664 Eu zu waß Zeit und an welchem Tag solches beschechen
2067 1636 2974 1771 R. Vor 14. Tagen an Einem Morgen
2070 1755 3152 1875 E. Waß Er bey des Hrn H. Hauß thun wollen
2072 1845 3228 1974 R. Er zuggi seye einem Bandkrey schuldig welcher
2130 1929 3233 2038 Ihm umb die schuld hefftig treibe, Vnd weilen
2974 2007 3148 2123 H. R.
