4032 3024
809 580 877 669 154
925 640 1620 777 Wie oft Er zu Zurich gsin¬
923 758 1306 866 Ein Eintzig mahl
938 882 1926 1029 Ob Er nit im Wuhrts hauß zu Wallit Ellen
913 961 1885 1088 ohnweit zurich mit Etlichen gesellen sich auf¬
907 1020 1892 1142 gehalten und waß sie daselbst mit Einan¬
887 1086 1297 1188 deren abgerahten.
899 1160 1899 1297 Er seye Niemahlen dorth ghin, wuße auch
891 1240 1441 1340 nit wo dieser Orth seye
896 1340 1883 1462 Ob Er nit an Einem Orth in dem Zeltweg
886 1395 1882 1518 genant, nach bey zurich gelegen geholffen
893 1459 1121 1558 inbrechen.
893 1535 1212 1648 kein gar nit
889 1683 1874 1790 Ob Er nit vor ohugefehrt Dritthalben Mo
862 1748 1863 1856 nathen in Einem Keller zu Reiben, so nach
856 1807 1911 1926 Sym wührts hauß daselbsten lige, eingebrochen.
862 1869 1862 2011 Mein, Er seye zu Reiben Niemahl ein-
1687 1981 1867 2068 gebrochen
2033 630 2114 753 155
2145 661 2467 775 eingebrochen
2144 748 3215 876 Ob Er nit vor etwas Zeits zu zurzach in der
2140 830 2641 939 gegangenschafft gsin
2154 945 2324 1017 Nein.
2157 1034 3240 1155 Ob Er niemahlen keine Stieren oder anders
2128 1118 2510 1225 Reich entwendt.
2132 1227 2293 1324 Mein.
2081 1274 3177 1412 Repliciert, waß Er dann dem Meßerschmidt
2129 1371 2765 1478 zu Oberwyl zugebracht:
2148 1469 3127 1584 Nichts anders als zwey hembder die Er
2123 1541 3225 1637 einem Weib ab den leib genommen und selbige
2093 1618 3108 1711 zu vor von des Spring Castars erhandlet.
2280 1663 2511 1742 äußert Ihme
2132 1688 3197 1805 Ob dann noch Ein Anderer Spring Tastar seye.
2137 1790 3159 1897 Seines Vatters Bruders Sohnen Einer heiße
2125 1860 2330 1947 auch also
2483 1919 2571 1966 dam
2129 1932 3169 2032 Wie viel Sohn seines Vatters bruder habe.
2111 1998 2735 2093 und wo sich selbige aufhalten
2923 2038 3032 2149 H.
