4032 3024
760 526 850 611 256
929 647 1990 803 Ob es nit wie eine allgeneine dirnen in Landt
892 702 1293 807 herumb gezogen.
934 789 1096 878 Nein
844 908 1952 1070 E. Ob Es nit auch ohnlängsten zu Signauw gefan¬
879 993 1946 1143 gen geseßen, und daselbst des Landts verwiesen
882 1048 1073 1123 worden?
837 1104 1705 1269 L. Ja Es habe sollen das Landmeiden
897 1245 1730 1377 Ob Es nit einen Laden diener kenne
898 1356 1921 1487 Ja des hr Schirmers Ladendiener derselbe sey
887 1433 1956 1563 herwichenen Ostermarit bey Ihme, bey der hindern
875 1495 1865 1609 ronen ghin allwohin es sambt noch zweyen
859 1536 1956 1682 Maydtleuen deren Eines von Kuders wel, von einem
850 1592 1653 1718 Kerl abder Gaßen bescheiden worden
861 1684 1952 1826 Ob Es diesem Laden diener nit brieffen geschriben.
846 1770 1949 1903 .Es habe dem Peter Aschbacher der Ihme zu Langen
849 1866 1950 1987 bruge daselgebiets begegnet von dieser sach gesagdt
1787 1977 1882 2036 und
2031 663 2113 767 157
2149 668 3250 776 und befohlen, daß Er diesem diener einen Brief
2150 754 3246 848 zu schreiben und darinnen verdenten solle, daß es
2140 812 3267 918 schwanger seye von Ihm; deßtwegen es mit Ihme
2136 893 3231 982 reden möchte; sonsten habe es Ihm nichts anders
2148 940 2578 1036 befohlen zu schreiben
2145 999 3235 1111 aß es dann mit diesem Laden diener reden
2143 1079 3273 1188 Wollen Zweiffels ohn habe Er Ihme Geldt geben sollen.
2610 1160 2705 1220 geben
2134 1168 3250 1284 Es habe kein befelch Ihme Geldt zuforderen, habe
2121 1247 3235 1326 auch selbsten keines von Ihme forderen, sonderen
2128 1300 3253 1395 Ihme anzeigen wollen, daß es von Ihm schnlanger
2128 1364 2236 1438 eye.
2133 1411 3203 1538 O6 El mit mehr als nur ein brieff schreiben laßen?
2140 1534 2538 1609 Hein, mir Einen
2107 1628 3198 1752 Ver diesen brießf geschrieben, ohnzweiffel werde
2125 1707 2752 1795 es der Aschbacher gethan haben
2125 1763 3189 1865 Es wüße es nicht, der Aschbacher habe gesagdt Er
2122 1851 3195 1938 könne nicht schreiben, aber Er gehe Jntzunder nach
2125 1895 3209 1987 Hern, sein weib könne schreiben, und sie müße dann
2109 1952 3144 2049 den briefmachen; habe also den brieff nit gesuchen
2105 1999 2872 2106 schreiben vnd seye nicht darbey Ihin.
