4032 3024
791 541 905 658 290
1143 575 1827 737 Durß Zimmermann
923 680 1999 854 Deri 27. Octobris 1714: ist auch durch vor¬
1550 769 1628 821 Amf
929 758 1992 898 gemelte Ihr Gnl. dienere Examiniert wor¬
925 820 1986 957 den durß Ziermann von Atzistorff der
917 864 1777 994 Vogthey Landtohnet. Vnd demnach
807 930 2000 1112 Befragdt Wo Er den Castar Wynmann gelehrt
903 1004 1090 1113 kennen
784 1058 917 1171 Anteg
916 1083 1321 1201 tort. Im Eljaß.
937 1183 1755 1317 Ob Sie offt bey Einanderen gsin.
958 1283 1018 1359 fa
938 1361 1853 1489 Ob Er auch den durs Salomon kenne
920 1460 1929 1587 derselbe heiße nit Salomon sonder frantz.
849 1559 1909 1689 L: Wo dieser Frantz dich gmeinlich aufhalte
902 1634 1472 1733 und wie Er gestaltet seyt
915 1705 1937 1815 Garviel zu Hern derselbe seye etwas län¬
895 1772 1724 1885 ger als Er, und habe schwarte haar
831 1850 1927 1973 E. Ob Er nit nun Vnd dann mit diesem seinem
1639 1958 1908 2090 Camaraden
2083 680 2185 771 291
2188 738 2745 844 amaraden gestohlen
2216 850 2609 968 Nein gar nichts
2223 973 3245 1093 Wie es mit dem Keß Eym Siechenhauß her¬
2173 1040 3258 1160 gangen, vnd zu welcher Zeit Sie selbiges gefohlen.
2176 1145 3218 1277 AmHSattag Abends umb Mitternacht, vnd
2157 1224 3232 1321 habend es in das höltzin getragen, und etwann
2166 1282 3205 1379 zudeen Tag dorthen gelaßen, hernach selbiges ver¬
2162 1341 3202 1439 Ichnitten und einen theil darvon nach Langen
2158 1403 3184 1503 thal getragen und dorthen das Pfundt a 6. b.
2153 1469 3226 1568 verkaufft; Erzehlte im übrigen alles mit den
2155 1523 3203 1631 Aubständen, wie in Weynmanns Examen
2151 1574 2684 1683 von Sollothurn enthalten
2189 1652 3187 1769 Wie viel Bruder Er habe vnd wor mit selbige
2157 1729 2437 1819 dich erhalten.
2155 1792 3232 1918 Er habe zween Bruder so sich mit bättlen erhalten
2139 1875 3193 1963 dem Elterer Bruder Jogg habe zu Hindelbauck in
2143 1925 3160 2015 des Michael Rups hauß Kohrn gestohlen, so sie
2138 1968 2567 2061 aber wider bekommen.
