4032 3024
794 537 897 625 128
1113 610 1184 692 nit
851 643 1905 784 E. Ob Er am Mittwochen Abends etwas
909 702 1682 844 hin und her im Stall Gesucht?
931 805 1692 933 Nein Er habe nichts gesuchte
868 892 1896 1042 . WWie Er dann habe das Mäydtlin an
913 974 1898 1100 getroffen, so in dem Stall Versteckt gewe¬
900 1043 991 1128 sey
918 1115 1906 1257 Er seye im her außgehen mit der Handt
893 1183 1367 1273 an dasselbige komen
874 1276 1860 1392 E. Ob Er damahls dem Mäydtlin nit ge¬
880 1336 1875 1455 sagdt, wann es die angenuchtete unken
883 1400 1886 1517 sche That mit Ihme verbringen wolle, daß
880 1464 1483 1566 Er mit Ihme forth wolle.
933 1550 1834 1663 Er habe nie im Sinn gehabt mit dem
875 1613 1887 1726 Maydtlin etwas zu begehen, sonderen nur
870 1676 1896 1790 zu probieren Ob Es eine solche dirnen seye
877 1735 1639 1849 wie Er von Ihme gehördt sagen
845 1858 901 1927 E.
901 1839 1874 1969 Ob Ehr dann dem Mäydtlin nit gesagdt Er
877 1906 1385 2012 wolle mit Ihm forth.
1680 1966 1773 2083 d
2052 661 2155 755 129
2206 712 3270 816 pa Er habe solches gesaget, aber wie verdeutet
2166 785 2994 883 daßelbige nur darmit zu probiaren.
2199 860 3256 974 Ob Er nit Wüße daß die rohte Kuhe eine Zeit
2152 931 3210 1044 daher wann gemandt in Stall kome, sich also
2148 988 2965 1105 bald hinder sich an die bschusi stelle
2163 1076 3247 1198 Er wuße solches nit, Er habe das nit beobachtet.
2118 1188 3248 1317 ach deme nun dieser Schlup der Verdächtigen
2149 1293 3237 1379 abscheinlichen That gantz und gar nit gestendi
2142 1336 3213 1436 seyn wollen, auch eint und andere vmbständt
2145 1406 3188 1514 die Er vormahls bekennt, dißmahligem exa
2137 1478 3169 1567 men retractiert, Alß ist Ihme das Maria
2129 1531 3247 1651 Vor Augen gestellt und Gegen Ihme Confrontiert
2137 1593 3214 1688 worden. Welches Ihme mit unerschroknen,
2131 1663 2749 1766 Genuht vorgehalten umb
2121 1713 3175 1796 Erstlichen daß wie Es am Sontag abends in
2131 1778 3189 1880 Stallkomen, Er so hart an dem Rohten Kuhelin ge¬
2122 1842 2874 1929 standen als immer möglich gewesen,
2116 1894 3193 1989 Welches aber der Schlup gelaugnet, dennoch
2132 1955 3098 2053 aber bekannt daß Er faulen gung zur
2981 2011 3215 2121 vnkunschhei
