<?xml version="1.0" encoding="UTF-8" standalone="yes"?>
<PcGts xmlns="http://schema.primaresearch.org/PAGE/gts/pagecontent/2013-07-15" xmlns:xsi="http://www.w3.org/2001/XMLSchema-instance" xsi:schemaLocation="http://schema.primaresearch.org/PAGE/gts/pagecontent/2013-07-15 http://schema.primaresearch.org/PAGE/gts/pagecontent/2013-07-15/pagecontent.xsd">
    <Metadata>
        <Creator>prov=University of Rostock/Institute of Mathematics/CITlab|PLANET AI GmbH/Gundram Leifert/gundram.leifert@planet-ai.de:name=Transkribus German Kurrent M2(htr_id=29820)::::v=2.6.7
prov=University of Rostock/Institute of Mathematics/CITlab|PLANET AI GmbH/Tobias Gruening/tobias.gruening@planet-ai.de:name=de.uros.citlab.module.baseline2polygon.B2PSeamMultiOriented:v=2.6.7
prov=University of Rostock/Institute of Mathematics/CITlab|PLANET AI GmbH/Tobias Gruening/tobias.gruening@planet-ai.de:name=/net_tf/LA73_249_0mod360.pb:de.uros.citlab.segmentation.CITlab_LA_ML:v=2.6.7
Transkribus</Creator>
        <Created>2022-05-02T16:14:02.969+02:00</Created>
        <LastChange>2023-05-09T22:39:35.078+02:00</LastChange>
        <TranskribusMetadata docId="1336519" pageId="52421363" pageNr="97" tsid="121359133" status="IN_PROGRESS" userId="68497" imgUrl="https://files.transkribus.eu/Get?id=NKPZYQTKXXLYJLDZLMWKPBNS&amp;fileType=view" xmlUrl="https://files.transkribus.eu/Get?id=EZYFZSWBYKEKEFOZBTGWNERA" imageId="30694963"/>
    </Metadata>
    <Page imageFilename="IMG_7299.jpg" imageWidth="4032" imageHeight="3024">
        <ReadingOrder>
            <OrderedGroup id="ro_1687513558011" caption="Regions reading order">
                <RegionRefIndexed index="0" regionRef="r1"/>
                <RegionRefIndexed index="1" regionRef="r3"/>
                <RegionRefIndexed index="2" regionRef="r4"/>
                <RegionRefIndexed index="3" regionRef="region_1673941716178_335"/>
                <RegionRefIndexed index="4" regionRef="r5"/>
            </OrderedGroup>
        </ReadingOrder>
        <TextRegion orientation="0.0" type="page-number" id="r1" custom="readingOrder {index:0;} structure {type:page-number;}">
            <Coords points="782,548 782,707 867,704 867,545"/>
            <TextLine id="r1l1" custom="readingOrder {index:0;}">
                <Coords points="800,675 811,676 833,692 841,680 847,682 858,675 867,681 878,678 863,571 850,570 844,574 837,571 819,584 806,581 788,589"/>
                <Baseline points="804,654 835,645 867,645"/>
                <TextEquiv>
                    <Unicode>186.</Unicode>
                </TextEquiv>
            </TextLine>
            <TextEquiv>
                <Unicode>186.</Unicode>
            </TextEquiv>
        </TextRegion>
        <TextRegion orientation="0.0" type="paragraph" id="r3" custom="readingOrder {index:1;} structure {type:paragraph;}">
            <Coords points="890,654 890,1412 1958,1412 1958,654"/>
            <TextLine id="r3l1" custom="readingOrder {index:0;}">
                <Coords points="915,711 1444,714 1580,771 1679,733 1878,800 1964,772 1967,732 1850,687 1662,702 1572,659 1406,687 1291,644 920,644"/>
                <Baseline points="924,683 975,687 1027,690 1079,693 1130,696 1182,699 1234,702 1285,705 1337,708 1389,711 1441,714 1492,717 1544,721 1596,725 1647,729 1699,734 1751,740 1802,747 1854,755 1906,763 1958,771"/>
                <TextEquiv>
                    <Unicode>zu verderben, Sittemahl es noch in der Gebührt</Unicode>
                </TextEquiv>
            </TextLine>
            <TextLine id="r3l2" custom="readingOrder {index:1;}">
                <Coords points="911,751 1066,791 1188,765 1241,810 1400,779 1448,811 1700,819 1699,741 1629,772 1444,714 1302,733 1257,710 1205,730 1079,702 1042,725 913,712"/>
                <Baseline points="918,749 956,751 995,752 1034,755 1073,756 1112,759 1151,760 1189,762 1228,764 1267,766 1306,768 1345,770 1384,772 1423,774 1461,777 1500,780 1539,782 1578,786 1617,788 1656,792 1695,795"/>
                <TextEquiv>
                    <Unicode>seine Schwängerschafft gelangnet:</Unicode>
                </TextEquiv>
            </TextLine>
            <TextLine id="r3l3" custom="readingOrder {index:2;}">
                <Coords points="922,849 978,876 1249,845 1410,890 1609,870 1759,926 1932,918 1938,831 1838,854 1638,811 1478,834 925,796"/>
                <Baseline points="929,840 978,840 1028,842 1078,843 1128,845 1178,846 1228,849 1277,851 1327,854 1377,857 1427,860 1477,864 1527,868 1577,872 1626,876 1676,881 1726,885 1776,890 1826,894 1876,899 1926,905"/>
                <TextEquiv>
                    <Unicode>Es habe es nit beßer gewußt und seyt Ihme</Unicode>
                </TextEquiv>
            </TextLine>
            <TextLine id="r3l4" custom="readingOrder {index:3;} person {offset:39; length:4;}">
                <Coords points="910,907 1137,902 1259,947 1328,918 1411,947 1501,921 1894,953 1870,912 1677,916 1608,869 1529,905 1456,863 1397,893 1356,860 1043,846 977,876 913,847"/>
                <Baseline points="917,903 965,902 1014,902 1062,902 1111,903 1159,905 1208,907 1256,909 1305,912 1353,914 1402,918 1450,922 1499,926 1547,929 1596,933 1644,938 1693,942 1741,947 1790,951 1838,956 1887,959"/>
                <TextEquiv>
                    <Unicode>leidt daß es solches gethan bätte aber Gott</Unicode>
                </TextEquiv>
            </TextLine>
            <TextLine id="r3l5" custom="readingOrder {index:4;}">
                <Coords points="904,980 1451,977 1742,1037 1789,1020 1792,969 1563,931 1483,953 1325,919 1259,947 908,908"/>
                <Baseline points="912,953 955,954 999,955 1042,957 1086,959 1130,960 1173,962 1217,964 1260,966 1304,969 1348,971 1391,974 1435,975 1478,979 1522,981 1566,985 1609,987 1653,991 1696,995 1740,998 1784,1002"/>
                <TextEquiv>
                    <Unicode>und Eine hoche Oberkeit umb Verzeichung</Unicode>
                </TextEquiv>
            </TextLine>
            <TextLine id="r3l6" custom="readingOrder {index:5;}">
                <Coords points="887,1070 1122,1070 1268,1117 1590,1106 1785,1154 1946,1150 1950,1099 891,1014"/>
                <Baseline points="894,1055 946,1059 998,1064 1051,1068 1103,1071 1155,1076 1208,1079 1260,1083 1312,1087 1365,1090 1417,1094 1469,1097 1522,1100 1574,1103 1626,1107 1679,1111 1731,1113 1783,1118 1836,1121 1888,1124 1941,1128"/>
                <TextEquiv>
                    <Unicode>Weilen nun Mihhl. Examinator gesachen, daß</Unicode>
                </TextEquiv>
            </TextLine>
            <TextLine id="r3l7" custom="readingOrder {index:6;}">
                <Coords points="902,1119 1045,1160 1128,1132 1263,1180 1333,1151 1708,1198 1907,1189 1910,1148 905,1074"/>
                <Baseline points="909,1115 958,1118 1008,1123 1057,1126 1107,1131 1157,1134 1206,1139 1256,1142 1305,1145 1355,1149 1405,1152 1454,1156 1504,1160 1553,1163 1603,1166 1653,1167 1702,1171 1752,1173 1801,1176 1851,1178 1901,1179"/>
                <TextEquiv>
                    <Unicode>in der Güetho nichts Weiters auß diesem Men</Unicode>
                </TextEquiv>
            </TextLine>
            <TextLine id="r3l8" custom="readingOrder {index:7;}">
                <Coords points="900,1211 1117,1201 1160,1232 1254,1194 1318,1246 1451,1215 1754,1261 1883,1253 1886,1200 1658,1206 1579,1175 1504,1198 1334,1151 1258,1186 1183,1151 985,1165 904,1138"/>
                <Baseline points="909,1179 957,1183 1005,1187 1054,1190 1102,1193 1151,1196 1199,1199 1248,1202 1296,1205 1345,1209 1393,1211 1441,1214 1490,1217 1538,1220 1587,1223 1635,1226 1684,1227 1732,1230 1781,1233 1829,1235 1878,1238"/>
                <TextEquiv>
                    <Unicode>schen zu bringen auch keinen ferneren befelch</Unicode>
                </TextEquiv>
            </TextLine>
            <TextLine id="r3l9" custom="readingOrder {index:8;}">
                <Coords points="891,1277 1003,1253 1106,1261 1152,1302 1275,1270 1361,1307 1693,1300 1728,1332 1893,1312 1896,1262 1805,1239 1703,1266 1643,1223 1541,1253 1466,1220 1327,1248 1115,1201 1037,1237 972,1202 895,1213"/>
                <Baseline points="899,1251 948,1252 997,1253 1047,1256 1096,1257 1146,1259 1195,1262 1244,1264 1294,1267 1343,1270 1393,1273 1442,1275 1491,1278 1541,1281 1590,1285 1640,1287 1689,1290 1738,1293 1788,1296 1837,1299 1887,1301"/>
                <TextEquiv>
                    <Unicode>hatte mit mehrerem Ernst an selbiges zusetzen</Unicode>
                </TextEquiv>
            </TextLine>
            <TextLine id="r3l10" custom="readingOrder {index:9;}">
                <Coords points="884,1326 1315,1373 1374,1352 1471,1388 1776,1366 1857,1402 1874,1313 886,1278"/>
                <Baseline points="890,1320 938,1322 987,1322 1036,1323 1085,1325 1133,1326 1182,1328 1231,1330 1280,1332 1328,1334 1377,1337 1426,1340 1475,1341 1523,1344 1572,1347 1621,1350 1670,1353 1718,1355 1767,1358 1816,1360 1865,1362"/>
                <TextEquiv>
                    <Unicode>hat Ers für diß mahl hierbey bewenden laßen</Unicode>
                </TextEquiv>
            </TextLine>
            <TextLine id="r3l11" custom="readingOrder {index:10;}">
                <Coords points="890,1393 1023,1416 1046,1397 1094,1402 1171,1437 1241,1420 1243,1343 1162,1334 1109,1346 1063,1333 1041,1351 992,1324 954,1358 891,1361"/>
                <Baseline points="897,1391 923,1391 949,1391 975,1391 1001,1392 1027,1392 1053,1394 1079,1394 1105,1395 1131,1395 1157,1397 1183,1397 1209,1397 1235,1398"/>
                <TextEquiv>
                    <Unicode>Actum Vorstahl.</Unicode>
                </TextEquiv>
            </TextLine>
            <TextEquiv>
                <Unicode>zu verderben, Sittemahl es noch in der Gebührt
seine Schwängerschafft gelangnet:
Es habe es nit beßer gewußt und seyt Ihme
leidt daß es solches gethan bätte aber Gott
und Eine hoche Oberkeit umb Verzeichung
Weilen nun Mihhl. Examinator gesachen, daß
in der Güetho nichts Weiters auß diesem Men
schen zu bringen auch keinen ferneren befelch
hatte mit mehrerem Ernst an selbiges zusetzen
hat Ers für diß mahl hierbey bewenden laßen
Actum Vorstahl.</Unicode>
            </TextEquiv>
        </TextRegion>
        <TextRegion orientation="0.0" type="page-number" id="r4" custom="readingOrder {index:2;} structure {type:page-number;}">
            <Coords points="2094,641 2094,791 2184,791 2184,641"/>
            <TextLine id="r4l1" custom="readingOrder {index:0;}">
                <Coords points="2087,772 2097,776 2118,762 2137,758 2160,760 2180,743 2190,744 2190,651 2175,652 2168,659 2150,652 2138,663 2121,665 2110,675 2101,669 2087,671"/>
                <Baseline points="2094,741 2124,741 2154,741 2184,741"/>
                <TextEquiv>
                    <Unicode>187</Unicode>
                </TextEquiv>
            </TextLine>
            <TextEquiv>
                <Unicode>187</Unicode>
            </TextEquiv>
        </TextRegion>
        <TextRegion type="heading" id="region_1673941716178_335" custom="readingOrder {index:3;} structure {type:heading;}">
            <Coords points="2889,852 2362,852 2362,651 2889,651"/>
            <TextLine id="r5l1" custom="readingOrder {index:0;} person {offset:0; length:11;}">
                <Coords points="2432,752 2494,769 2515,756 2590,764 2651,805 2699,794 2738,764 2798,781 2842,769 2845,706 2816,689 2794,701 2757,679 2688,727 2635,689 2563,706 2489,661 2436,673"/>
                <Baseline points="2439,746 2465,748 2491,750 2518,750 2544,752 2571,754 2597,755 2623,757 2650,758 2676,759 2703,761 2729,762 2755,762 2782,765 2808,766 2835,767"/>
                <TextEquiv>
                    <Unicode>Bentzl Horr</Unicode>
                </TextEquiv>
            </TextLine>
            <TextLine id="r5l2" custom="readingOrder {index:1;} place {offset:4; length:11;}">
                <Coords points="2414,859 2477,838 2546,870 2586,850 2613,868 2640,849 2725,837 2795,861 2807,793 2747,804 2711,788 2622,813 2605,794 2522,794 2481,765 2452,784 2417,768"/>
                <Baseline points="2421,824 2446,824 2471,825 2496,825 2521,827 2547,827 2572,829 2597,830 2622,831 2647,832 2673,833 2698,834 2723,834 2748,834 2773,834 2799,833"/>
                <TextEquiv>
                    <Unicode>Von Ziegelriedt</Unicode>
                </TextEquiv>
            </TextLine>
            <TextEquiv>
                <Unicode>Bentzl Horr&#13;
Von Ziegelriedt</Unicode>
            </TextEquiv>
        </TextRegion>
        <TextRegion orientation="0.0" type="paragraph" id="r5" custom="readingOrder {index:4;} structure {type:paragraph;}">
            <Coords points="2210,856 2208,2135 3239,2135 3241,856"/>
            <TextLine id="r5l3" custom="readingOrder {index:0;}">
                <Coords points="2201,999 2341,983 2448,1025 2577,975 2764,1027 2878,989 3061,1028 3121,993 3202,1007 3203,909 3054,943 2523,896 2460,932 2202,938"/>
                <Baseline points="2208,978 2257,978 2306,978 2356,978 2405,978 2454,980 2504,980 2553,981 2602,981 2652,983 2701,984 2750,984 2800,986 2849,986 2898,987 2948,987 2997,987 3046,987 3096,987 3145,986 3195,986"/>
                <TextEquiv>
                    <Unicode>Den 83. Juni 1744. habend Ihr Gel.</Unicode>
                </TextEquiv>
            </TextLine>
            <TextLine id="r5l4" custom="readingOrder {index:1;}">
                <Coords points="2277,1044 2565,1044 2699,1090 2778,1047 2968,1051 3061,1086 3246,1055 3247,1013 3121,993 3066,1029 2918,999 2763,1027 2575,978 2445,1025 2277,998"/>
                <Baseline points="2283,1041 2330,1041 2378,1041 2426,1041 2474,1041 2522,1043 2569,1044 2617,1044 2665,1046 2713,1046 2761,1047 2808,1049 2856,1049 2904,1050 2952,1050 3000,1052 3047,1052 3095,1052 3143,1052 3191,1050 3239,1050"/>
                <TextEquiv>
                    <Unicode>dienere Mn Athl. Großweibel Imhoß vnd</Unicode>
                </TextEquiv>
            </TextLine>
            <TextLine id="r5l5" custom="readingOrder {index:2;}">
                <Coords points="2262,1101 2365,1097 2480,1145 2622,1103 2863,1132 3171,1113 3224,1140 3237,1062 3060,1087 2967,1051 2262,1058"/>
                <Baseline points="2268,1097 2316,1098 2364,1098 2412,1098 2460,1100 2508,1100 2556,1100 2604,1100 2652,1101 2700,1101 2749,1101 2797,1103 2845,1103 2893,1103 2941,1104 2989,1104 3037,1104 3085,1106 3133,1106 3181,1107 3230,1107"/>
                <TextEquiv>
                    <Unicode>der Grichtschreiber in die Gefangenschafft</Unicode>
                </TextEquiv>
            </TextLine>
            <TextLine id="r5l6" custom="readingOrder {index:3;} person {offset:26; length:10;}">
                <Coords points="2242,1186 2898,1177 2962,1208 3100,1171 3214,1207 3214,1144 3158,1118 2401,1144 2242,1101"/>
                <Baseline points="2249,1167 2296,1167 2344,1167 2392,1167 2440,1166 2488,1166 2536,1166 2584,1166 2632,1166 2680,1166 2728,1166 2775,1166 2823,1166 2871,1166 2919,1166 2967,1167 3015,1167 3063,1169 3111,1170 3159,1172 3207,1173"/>
                <TextEquiv>
                    <Unicode>verfuegdt, daselbsten den Bentz horn von</Unicode>
                </TextEquiv>
            </TextLine>
            <TextLine id="r5l7" custom="readingOrder {index:4;} place {offset:0; length:11;}">
                <Coords points="2248,1268 2379,1229 2873,1261 2998,1229 3079,1262 3213,1238 3213,1202 3104,1178 2962,1208 2872,1181 2842,1208 2740,1177 2648,1214 2531,1177 2453,1211 2248,1182"/>
                <Baseline points="2255,1226 2302,1227 2350,1227 2397,1227 2445,1227 2492,1227 2540,1229 2587,1229 2635,1229 2682,1229 2730,1229 2778,1229 2825,1229 2873,1229 2920,1229 2968,1229 3015,1229 3063,1229 3110,1229 3158,1227 3206,1227"/>
                <TextEquiv>
                    <Unicode>Ziegelriedt einen Buben von 12. biß in</Unicode>
                </TextEquiv>
            </TextLine>
            <TextLine id="r5l8" custom="readingOrder {index:5;}">
                <Coords points="2246,1316 2344,1340 2462,1291 2833,1291 3163,1332 3243,1302 3243,1254 3126,1274 3037,1232 2930,1270 2379,1230 2246,1268"/>
                <Baseline points="2252,1295 2301,1293 2350,1292 2399,1292 2448,1290 2498,1290 2547,1290 2596,1290 2645,1289 2694,1289 2744,1289 2793,1289 2842,1290 2891,1290 2940,1290 2990,1290 3039,1290 3088,1290 3137,1290 3186,1290 3236,1290"/>
                <TextEquiv>
                    <Unicode>13. Jahren Act, so verwichener Tagen alhie</Unicode>
                </TextEquiv>
            </TextLine>
            <TextLine id="r5l9" custom="readingOrder {index:6;}">
                <Coords points="2240,1364 2669,1350 2762,1378 2836,1351 2863,1377 2929,1351 3105,1385 3241,1358 3241,1303 3179,1331 2983,1296 2755,1320 2462,1291 2240,1338"/>
                <Baseline points="2247,1356 2296,1355 2345,1353 2395,1353 2444,1352 2493,1352 2543,1350 2592,1350 2641,1349 2691,1349 2740,1349 2789,1347 2839,1347 2888,1347 2937,1347 2987,1347 3036,1347 3085,1347 3135,1347 3184,1347 3234,1347"/>
                <TextEquiv>
                    <Unicode>in der Statt ob einem diebstahl ergriffen</Unicode>
                </TextEquiv>
            </TextLine>
            <TextLine id="r5l10" custom="readingOrder {index:7;}">
                <Coords points="2246,1442 2300,1420 2450,1465 2499,1426 2565,1457 2702,1422 2763,1461 2875,1454 3196,1412 3219,1380 3028,1389 2932,1354 2742,1392 2520,1347 2385,1402 2245,1375"/>
                <Baseline points="2253,1421 2301,1418 2349,1417 2397,1415 2445,1415 2493,1413 2541,1412 2589,1412 2637,1410 2685,1410 2733,1409 2781,1409 2829,1407 2877,1407 2925,1407 2973,1407 3021,1407 3069,1407 3117,1407 3165,1407 3213,1407"/>
                <TextEquiv>
                    <Unicode>und eingesetzt worden, zu Examinieren</Unicode>
                </TextEquiv>
            </TextLine>
            <TextLine id="r5l11" custom="readingOrder {index:8;}">
                <Coords points="2222,1543 2336,1566 2386,1533 2434,1558 2647,1515 2855,1548 3010,1513 3080,1545 3178,1521 3177,1484 2923,1449 2859,1481 2802,1446 2371,1493 2219,1455"/>
                <Baseline points="2228,1529 2275,1527 2322,1526 2369,1526 2416,1524 2463,1524 2510,1523 2557,1521 2604,1521 2651,1520 2699,1518 2746,1517 2793,1515 2840,1514 2887,1512 2934,1511 2981,1509 3028,1508 3075,1505 3122,1503 3170,1500"/>
                <TextEquiv>
                    <Unicode>Welcher Bekemnt daß Er fehrndrigen</Unicode>
                </TextEquiv>
            </TextLine>
            <TextLine id="r5l12" custom="readingOrder {index:9;}">
                <Coords points="2221,1612 2467,1576 2608,1609 2685,1577 2759,1611 2876,1578 3024,1604 3202,1557 3160,1512 3122,1546 3004,1512 2855,1548 2748,1517 2648,1552 2532,1525 2331,1566 2219,1544"/>
                <Baseline points="2226,1590 2274,1587 2322,1583 2371,1581 2419,1580 2468,1578 2516,1577 2565,1575 2613,1575 2662,1575 2710,1574 2758,1574 2807,1574 2855,1572 2904,1572 2952,1571 3001,1569 3049,1567 3098,1564 3146,1561 3195,1557"/>
                <TextEquiv>
                    <Unicode>Jahrs in des Mstr Jinschmidts sel. Raden</Unicode>
                </TextEquiv>
            </TextLine>
            <TextLine id="r5l13" custom="readingOrder {index:10;} place {offset:7; length:11;}">
                <Coords points="2223,1675 2329,1646 2594,1673 2636,1640 2711,1665 2883,1636 2916,1665 2969,1633 3058,1657 3216,1634 3206,1577 3060,1608 2698,1582 2642,1615 2469,1587 2382,1626 2222,1612"/>
                <Baseline points="2229,1650 2278,1647 2327,1644 2376,1642 2425,1640 2474,1639 2523,1638 2572,1637 2621,1637 2670,1637 2719,1635 2768,1635 2817,1635 2866,1634 2915,1634 2964,1632 3013,1629 3062,1628 3111,1624 3160,1620 3209,1614"/>
                <TextEquiv>
                    <Unicode>an der Krahingaßen, hinein gangen vndt</Unicode>
                </TextEquiv>
            </TextLine>
            <TextLine id="r5l14" custom="readingOrder {index:11;}">
                <Coords points="2223,1754 2354,1705 2574,1734 2659,1693 2799,1735 2874,1693 2969,1721 3179,1684 3228,1706 3227,1663 3142,1639 2917,1666 2882,1635 2710,1665 2636,1640 2430,1686 2221,1666"/>
                <Baseline points="2229,1709 2278,1707 2328,1704 2377,1703 2427,1701 2477,1700 2526,1698 2576,1697 2625,1696 2675,1695 2725,1694 2774,1694 2824,1692 2873,1692 2923,1691 2973,1691 3022,1691 3072,1690 3121,1689 3171,1689 3221,1688"/>
                <TextEquiv>
                    <Unicode>auß der Losungbrucken etwas geldts ge¬</Unicode>
                </TextEquiv>
            </TextLine>
            <TextLine id="r5l15" custom="readingOrder {index:12;}">
                <Coords points="2238,1780 2688,1762 2765,1794 2844,1766 2987,1800 3072,1755 3216,1760 3215,1696 3078,1735 2873,1696 2806,1735 2700,1709 2237,1746"/>
                <Baseline points="2244,1770 2292,1768 2340,1767 2388,1766 2437,1764 2485,1763 2533,1763 2582,1761 2630,1761 2678,1760 2727,1760 2775,1759 2823,1758 2871,1757 2920,1757 2968,1755 3016,1754 3065,1752 3113,1750 3161,1749 3210,1746"/>
                <TextEquiv>
                    <Unicode>nommen, aber dar ob ergriffen, Ihme das</Unicode>
                </TextEquiv>
            </TextLine>
            <TextLine id="r5l16" custom="readingOrder {index:13;}">
                <Coords points="2227,1864 2507,1819 2779,1858 2958,1819 3003,1851 3043,1818 3182,1847 3234,1836 3234,1775 2976,1803 2842,1767 2639,1802 2428,1770 2227,1802"/>
                <Baseline points="2234,1832 2283,1829 2333,1827 2382,1826 2432,1824 2482,1823 2531,1823 2581,1821 2631,1821 2680,1821 2730,1821 2780,1821 2829,1820 2879,1820 2929,1820 2978,1820 3028,1820 3078,1818 3127,1818 3177,1817 3227,1815"/>
                <TextEquiv>
                    <Unicode>Geldt wider abgenommen, vnd auch darumb</Unicode>
                </TextEquiv>
            </TextLine>
            <TextLine id="r5l17" custom="readingOrder {index:14;} place {offset:36; length:3;}">
                <Coords points="2218,1902 2260,1926 2479,1885 2598,1916 2666,1880 2771,1909 2820,1882 2978,1924 3127,1912 3165,1851 3005,1854 2957,1819 2756,1867 2507,1819 2218,1877"/>
                <Baseline points="2225,1896 2271,1893 2318,1891 2364,1889 2411,1887 2458,1886 2504,1886 2551,1884 2598,1884 2644,1884 2691,1884 2738,1884 2784,1884 2831,1884 2878,1884 2924,1884 2971,1884 3018,1884 3064,1884 3111,1883 3158,1883"/>
                <TextEquiv>
                    <Unicode>abgestrafft und in sein heimath gen Zie</Unicode>
                </TextEquiv>
            </TextLine>
            <TextLine id="r5l18" custom="readingOrder {index:15;}">
                <Coords points="2213,1987 2263,1955 2384,1947 2563,1985 2641,1947 2787,1975 2820,1961 2819,1923 2667,1879 2599,1915 2546,1895 2481,1923 2427,1893 2213,1932"/>
                <Baseline points="2219,1956 2248,1955 2278,1953 2308,1952 2337,1951 2367,1950 2397,1950 2426,1950 2456,1949 2486,1949 2516,1949 2545,1949 2575,1949 2605,1949 2634,1949 2664,1949 2694,1949 2723,1949 2753,1948 2783,1947 2813,1947"/>
                <TextEquiv>
                    <Unicode>gelriedt geführt worden</Unicode>
                </TextEquiv>
            </TextLine>
            <TextLine id="r5l19" custom="readingOrder {index:16;}">
                <Coords points="2213,2057 2289,2029 2384,2066 2623,2044 2722,2079 2975,2032 3044,2072 3169,2052 3169,1992 2913,1978 2835,2005 2703,1950 2563,1985 2263,1955 2213,1988"/>
                <Baseline points="2220,2027 2267,2027 2314,2027 2361,2027 2408,2027 2455,2027 2502,2028 2549,2028 2596,2030 2643,2030 2691,2031 2738,2031 2785,2032 2832,2033 2879,2033 2926,2033 2973,2034 3020,2034 3067,2033 3114,2033 3162,2031"/>
                <TextEquiv>
                    <Unicode>vor ohngefehrt a4: Tagen habe Er sich</Unicode>
                </TextEquiv>
            </TextLine>
            <TextLine id="r5l20" custom="readingOrder {index:17;}">
                <Coords points="2913,2124 2930,2119 2946,2129 2986,2120 3006,2135 3019,2129 3062,2149 3102,2128 3117,2133 3146,2120 3178,2127 3178,2077 3149,2085 3124,2063 3087,2077 3058,2068 3035,2077 2999,2053 2971,2060 2913,2048"/>
                <Baseline points="2919,2121 2944,2119 2969,2116 2994,2115 3019,2115 3045,2115 3070,2117 3095,2118 3120,2118 3145,2118 3171,2117"/>
                <TextEquiv>
                    <Unicode>widrumb</Unicode>
                </TextEquiv>
            </TextLine>
            <TextEquiv>
                <Unicode>Den 83. Juni 1744. habend Ihr Gel.&#13;
dienere Mn Athl. Großweibel Imhoß vnd&#13;
der Grichtschreiber in die Gefangenschafft&#13;
verfuegdt, daselbsten den Bentz horn von&#13;
Ziegelriedt einen Buben von 12. biß in&#13;
13. Jahren Act, so verwichener Tagen alhie&#13;
in der Statt ob einem diebstahl ergriffen&#13;
und eingesetzt worden, zu Examinieren&#13;
Welcher Bekemnt daß Er fehrndrigen&#13;
Jahrs in des Mstr Jinschmidts sel. Raden&#13;
an der Krahingaßen, hinein gangen vndt&#13;
auß der Losungbrucken etwas geldts ge¬&#13;
nommen, aber dar ob ergriffen, Ihme das&#13;
Geldt wider abgenommen, vnd auch darumb&#13;
abgestrafft und in sein heimath gen Zie&#13;
gelriedt geführt worden&#13;
vor ohngefehrt a4: Tagen habe Er sich&#13;
widrumb</Unicode>
            </TextEquiv>
        </TextRegion>
    </Page>
</PcGts>
