4032 3024
773 513 802 598 4
844 569 1941 716 tauffen laßen, Er widrumb mit seinem Ersten
826 644 1280 744 Weib gehaufet habe?
827 722 1903 877 Nein, Sie habe nie mehr mit Ihme gehaußet
843 840 1881 981 Er habe auch in vorigem Examine bekennt,
831 909 1897 1016 daß als Er sein dißmahliges weib zu Ihme ge
832 976 1919 1075 nomen, habe Er mit Ihra gelebt, wie Mann vnd
802 1025 1905 1149 Weib; Warumb Er aber sich im Landt mit
815 1095 1680 1207 Ihra nit habe laßen zusammen geben:
809 1176 1940 1318 Weilen Er keinen heimath schein erhalten, können
817 1251 1928 1375 so habe mann sie an keinem ohrt im Landt wollen
805 1321 1903 1432 zusamen geben dann sie sich an drey oder Vier
816 1379 1909 1472 Ohrten und under anderen auch zu Lüßligen Eiym
815 1421 1922 1553 hen Prednanten angemeldet, aber nichts erhalten
820 1485 972 1553 könner.
960 1556 1075 1617 dan
820 1544 1601 1682 Wo Sie zusamen geben worden.
820 1649 1621 1764 zu dornach eine Stundt ob Haßel.
778 1732 1923 1870 Repliciert. Sie Müßen hiemit ohn allen Zweiffel
806 1840 1918 1927 von Vnßer Selig machenden Religion abgefallen seyn
808 1881 1872 1995 dann sonsten Mann Sie daselbsten, als an Einen
1715 1967 1921 2054 Papistischen
2087 614 2167 704 85
2206 627 3320 789 Papistischen ohrt nit wurde zu samen geben haben.
2218 758 3047 863 Nein gar nit, Er wüße mit dar von
2226 865 3326 985 Ob Er Wüße und sagen könne, daß der Wahlli¬
2224 947 3329 1043 darbey 9sin, Als seinem vorigen Weib die frucht
2213 1007 3314 1090 abgangen, und auch als sie selbige begraben habe
2200 1072 3317 1179 Er könne mit sagen daß der Wahlli seye darbey
2200 1140 3287 1232 gsin, und Wuße hier von mit anders weder waß
2185 1205 3280 1289 Er von dem Galandie zu Oberburg darvon Ge¬
2195 1248 3288 1344 hordt, welcher Ihme gesagdt, sein weib seynit
2189 1309 3255 1393 viel nitzgsin, Es habe auch ein Kindt droben
2180 1368 3289 1472 zwuschen Wintzenriedt und ulistahl vergrobt
2193 1438 3269 1519 und das Grab mit Einem Meschenen Meßer ge
2189 1477 3008 1575 macht, welches sie darbey ligen laßen
2202 1553 3293 1655 Ob Er mit dann nit gesagdt auch vor der Ehrbahr
2180 1633 3294 1704 keit zu Zuuerwaldt gestanden, daß der Wahlli
2183 1670 3278 1769 seinem weib habe die frucht abgetriben, und daß
2183 1732 2964 1829 selbige eines Arms großghin sey
2193 1804 3253 1916 Es könne wohl seyn, daß Er im Zorn als der
2935 1883 3061 1929 solches
2170 1859 3220 1978 Wahtli Ihme sein Veib geschlagen Heredt habe
2157 1930 3221 2030 allein Er wuße mit anders zu sagen weder, waß
2164 1984 2786 2075 Er vom Galandre gehördt.
