4032 3024
746 522 817 649 0
854 553 1935 694 Auf und Anbracht so gar auch seine Eigene
856 631 1943 766 Fleider genomen und anderen angehenckt, seye
870 705 1932 823 Er ins weltschland gangen, da Er under wegs
876 755 1934 884 dieses andere weib, so großschwanger gewesen,
856 815 1933 922 angetroffen und selbiges getragdt: Wo Es
850 876 1899 966 seinen Mann habe; darauff Es Ihme ange¬
844 936 1936 1048 zeigt, Eh habe ein Kerli Ihme die Ehe verspro¬
847 991 1906 1096 hen, und darüberhin ihns geschwüngeret der
844 1059 1838 1152 aber nachwehrts zu Nerwenburg Kriegs
845 1114 1906 1218 dienst genomen und hinweggezogen da habe
826 1172 1936 1278 Er gesagdt. Ja wann Er könte ein Kindt bekommen
825 1247 1873 1343 Wanns schon von Einem Pnd härkämt, Er
841 1296 1943 1396 wolte es nemen, nur damit Er durch solches Mit
829 1352 1936 1466 tel von seinem schlimmen weib loob kommen könte
820 1411 1903 1523 Wie nun darauff das Mensch Kindtbetterin
829 1485 1900 1567 worden, habe Er Gezeugen erbatten und das
832 1543 1870 1626 Kindt zu Berggisterg Tauffen laßen, vnd sich
835 1606 1567 1694 als Vatter deßelben dargestellt.
1585 1616 1863 1689 darauff
826 1659 1798 1754 seye dieses Mensch wider von Ihm komen
831 1717 1894 1800 um Ob wohlen sein Weib, so damahlen noch ge¬
824 1783 1865 1885 läbt, solches erfahren, habe sie es doch nit
823 1846 1924 1955 grandet; Etwas Zeits hernach habe Er dieses
1652 1933 1826 2033 Mansch
692 709 831 787 ff en her
694 772 845 841 außkomme.
2098 610 2180 705 71
2213 651 3356 780 Mensch alhier auff dem Märit alda es Schuuer
2203 736 3356 838 teil gehabt, wider angetroffen, da habe Erb erst
2202 795 3319 891 zu Ihme genommen, und ein Kindt bey Ihme Ge¬
2202 854 3289 953 zeuget, und weilen Er keinet Heimathschei
2190 919 3294 1005 bekommen können, sie auch im landt niemand
2196 978 3270 1083 Ehelich zusamen geben wollen, habend Sie
2197 1030 3283 1132 eine sund ob Basel. zu dornach Kilchgang
2190 1085 3282 1201 gehabt, sein Erstes Weib gber seye damahlen
2202 1143 3273 1246 als sie zu Kilchen gangen schon gestorben Isin
2083 1220 3283 1363 R. WSie lang der Wahlli mit seinem Ersten
2169 1310 2737 1412 Weib umbher gezogen.
2117 1358 3274 1510 R. zwey gantze Jahrlang haben sie Einandere
2169 1440 3270 1554 geschleppft. Vnd habe in deßen mit Ihre einun¬
2183 1487 3312 1608 eheliches Kindt gezeuget, so zu Wynigen getauft
2185 1552 3281 1640 worden und nachwehrts in dem Kalten winter ge¬
2168 1629 2362 1722 storben.
2180 1679 3275 1792 3b der Wahlli bey seinem Weib nit auch noch
2175 1759 2967 1858 ein anders uneheliches gezeuget
2181 1828 3248 1922 Waß das andere Kindt betrete so haben der
2746 1905 2917 1954 amahfigen
2161 1912 3238 1990 Wahtl und sein Büchers Erster Weis noch eine
2169 1966 3205 2062 uneheliche frucht zwischen Wintenriedt undt
2161 2030 2608 2129 ulistahl vergraben
