4032 3024
279 565 908 684 Canzley gelegt worden sollte.
272 642 1349 761 Denne auch ob nicht der actuarius bey demen zel
298 708 1332 784 ligen rnaminibus aller Crimiorats, personen
301 768 1350 895 dero vergichten alsobald nicht und mit Reyßbley son
297 836 1366 946 derin mit der feder concipieren und verfaßen sollte
303 928 1333 1008 ohne nachtwerts solche weder zu catendieren, zu
308 968 1324 1082 anderen noch zu verminderen. Da volgenos
298 1036 1335 1150 ihr klaghe d ein getachten wie hierimn fahle
296 1108 1313 1226 in eint und anderem zu verfahren abfaßen und
298 1183 1331 1302 Haczermellt ihr aal zu Gut frindender verordnung
867 1244 1084 1308 Coram 200 r
818 1245 866 1288 0.
308 1254 1311 1374 vortragen werdet. Actum den N. novembris 1737
