4032 3024
334 3145 397 3209 A
439 421 1479 595 Sontags den 10ten ovembris 1732 habend
436 545 1499 715 Naghl und oberen raht und burger mlorgens
437 633 1507 830 umb 10 ihren an dem raht hauß in der großen
424 729 1488 904 Stuben zu haltung das erkennten erst und anderen
429 797 1480 1009 Landtags wider G abeigl Beunes Birgen
428 906 1495 1095 dieser statt berr wegen vernebten todtschlage
425 991 1493 1185 an Maurir Bioctiono einem gewesenen Ceßlern
438 1091 1485 1269 anß sapog sich versammlet, da dann des enlleibten
423 1144 1407 1347 Rleider auch hinein gebracht und volgends durch
413 1258 1470 1431 Mugs  amts schuldtheyß en die ursach dieser
406 1354 1471 1547 hohen versammlung angezeigt, sachwartd durch
417 1447 1482 1637 den gricht scheibere neben dem thron stehend sor
417 1549 1483 1720 beschriebene aufgenommene information abgelesen
417 1622 805 1737 worden
803 1654 1495 1807 und  solchen nach Mhosl Wur
414 1710 1455 1864 von Lubernautz als der jüngste herr kennes diser
393 1808 1455 1949 Statt berr in die mitte der Großen stuben getretten.
418 1887 1425 2028 und wieder den tazter das racht begehrt, gst
417 1968 1469 2108 darüberhin die tuhr gräßnet und durch Christaßel
409 2053 1453 2195 Roserhaldt 2 Sedelsels Weybel mit erhabner
419 2141 1443 2261 Stimm außanher ober an der raht hauß stegen den
412 2215 1429 2332 stähler Babriel Brüner auff Hienach beschriebene
413 2304 1418 2449 wüse geruben und nach beschehenen abentlichen
399 2382 1400 2529 Rüeffen und zwar drry für den ersten und
411 2477 1474 2604 drrymahl für den anderen landtag und also der erste
411 2562 1450 2693 und Staÿte Landtag Condecitive vollführt, und
397 2642 1449 2767 wegen nicht eescheinung das getaltern daberl
408 2724 1450 2866 Bruned wnder des Erst noch anderen kandtage
406 2813 1470 2941 Darüberhin von mughl und oberen raht und burgen
399 2888 1440 3043 erkennt und durch gesagten weybel an obigen ort
405 2976 1456 3127 stehind nachgefezlet offentlich ihro kanwer midt auß,
403 3051 762 3165 geruffen worden.
412 3132 1475 3261 da dann anß jlr gal befelch der herr Groß wegbel die großen
394 3199 1468 3321 Stubentuhr auff getahnn und daselbsten mit lauter stim zum
415 3251 1475 3380 2 mahl gerußen hat. Ist jemand zugegen, so wieder Ba-
397 3333 1469 3431 Beiel Grumer wegen an mannries Bio cions begangenen todt,
383 3377 1484 3490 schlagt zu Clagen begehrt. Er trette hervor: als nun
411 3439 944 3551 Niemands ich herfor getahr
2696 308 2808 417 131
1773 331 2694 531 Jorn dar Ruht zum d andtag
1623 451 2812 672 Eß Belert Banmr Bürger dieser statt bran
1651 545 2789 748 kargends hier Er tattte herbar und solbe stich
1654 641 2791 816 alhirr vor recht zur verantwortung wegen das am
1630 728 2818 909 Maurices Bisctions einem getasenen ußlo von
1645 812 2801 1002 sr Magtano auß savori begangenen Aldtschlags,
1649 889 2783 1079 dißen trautrige wahrzeichen gegenwärtig bey dard
1920 1006 2744 1157 Zum Ersin Rufel zum Easten Mahl
1657 1046 1919 1161 stollstind.
1928 1099 2789 1244 Zum Ersten Ruß zum anteren Mahl
1946 1181 2772 1333 zum ersten Ruff zum daitten mahl
1947 1299 2824 1487 Landtag ist gleiches Innhalt auß lbig
1656 1333 1948 1488 zum ztachten
1664 1419 2663 1560 weise außgeruffen und gesprochen worden.
1933 1498 2782 1670 zumr zwogten ryld zum d lahl.
1917 1598 2794 1724 zum zwystenn Ruß zum Anderen nahl
1929 1696 2793 1825 zum Pwyten Ruß zum dritten mahl
1805 1799 2679 1946 Goren der Proclamirten Urbil
1639 1935 2782 2088 War den tuhten  Haberl Grünsehen und
1666 2059 2840 2166 Antresfen wird in stätten oder dörfferen in holzern
1671 2138 2816 2272 oder felderen zu Waßßer oder zu Land oderd sl
1654 2231 2829 2369 wo es immer seye, der solle ihme verkunden, daß der
1656 2297 2812 2448 erst und andere Landtag umb den todtschlag, de er
1678 2398 2808 2544 in mauriae Gioctions begangen, aufh heüt formlich
1664 2474 2836 2629 gehalten worden und der dritte landtag ob vierzehen
1642 2573 2846 2741 tag und unders dreyen wuchen zu halten angesehet seyn
1668 2656 2835 2816 damit er sich darzu verfüegen wund sich zu versprechen
1671 2747 2807 2895 damn so Er auch danzumahlen an alener Rechten nicht
1667 2854 2827 2978 erscheinen und nicht begegnen wurde, mann als danne
1681 2940 2822 3097 in einem wag mit der urtaill wieder ihne fürfahren
1665 2995 1820 3102 werde.
1653 3102 2797 3301 Zinstags den 25.ten novembris 1732 als auff dem zu
1669 3174 2821 3367 verführung des dritt mnd lezten landtags hierord e
1660 3259 2799 3437 presse angesezten tag sind meghln und oberen rucht
1672 3316 2825 3488 und burgere abermahl zu gewohnter stundt ams danren
2507 3465 2736 3600 rachthauß
