<?xml version="1.0" encoding="UTF-8" standalone="yes"?>
<PcGts xmlns="http://schema.primaresearch.org/PAGE/gts/pagecontent/2013-07-15" xmlns:xsi="http://www.w3.org/2001/XMLSchema-instance" xsi:schemaLocation="http://schema.primaresearch.org/PAGE/gts/pagecontent/2013-07-15 http://schema.primaresearch.org/PAGE/gts/pagecontent/2013-07-15/pagecontent.xsd">
    <Metadata>
        <Creator>prov=University of Rostock/Institute of Mathematics/CITlab|PLANET AI GmbH/Gundram Leifert/gundram.leifert@planet-ai.de:name=German_Kurrent_XVI-XVIII_M1(htr_id=19584)::::v=2.6.7
prov=University of Rostock/Institute of Mathematics/CITlab|PLANET AI GmbH/Tobias Gruening/tobias.gruening@planet-ai.de:name=de.uros.citlab.module.baseline2polygon.B2PSeamMultiOriented:v=2.6.7
prov=University of Rostock/Institute of Mathematics/CITlab|PLANET AI GmbH/Tobias Gruening/tobias.gruening@planet-ai.de:name=/net_tf/LA73_249_0mod360.pb:de.uros.citlab.segmentation.CITlab_LA_ML:v=2.6.7
Transkribus</Creator>
        <Created>2021-03-11T14:21:28.270+01:00</Created>
        <LastChange>2022-09-12T15:17:45.038+02:00</LastChange>
        <TranskribusMetadata docId="1334847" pageId="52362549" pageNr="72" tsid="114644358" status="IN_PROGRESS" userId="9570" imgUrl="https://files.transkribus.eu/Get?id=ONCQIVRNTNUDXXBLOUPZAVES&amp;fileType=view" xmlUrl="https://files.transkribus.eu/Get?id=WDJFZBFBRUDQVNXPUTAEBWAS" imageId="19931648"/>
    </Metadata>
    <Page imageFilename="IMG_8943.jpg" imageWidth="4032" imageHeight="3024">
        <ReadingOrder>
            <OrderedGroup id="ro_1687513652907" caption="Regions reading order">
                <RegionRefIndexed index="0" regionRef="r1"/>
                <RegionRefIndexed index="1" regionRef="r2"/>
            </OrderedGroup>
        </ReadingOrder>
        <TextRegion orientation="0.0" id="r1" custom="readingOrder {index:0;}">
            <Coords points="366,458 366,3372 1491,3372 1491,458"/>
            <TextLine id="r1l1" custom="readingOrder {index:0;}">
                <Coords points="438,516 754,522 941,579 1009,545 1083,592 1188,567 1245,616 1359,603 1421,657 1481,637 1489,567 1388,520 1243,530 987,473 603,483 549,423 450,405"/>
                <Baseline points="447,497 498,501 549,504 601,509 652,512 704,516 755,519 807,524 858,528 910,533 961,537 1012,544 1064,549 1115,555 1167,563 1218,571 1270,580 1321,589 1373,598 1424,610 1476,621"/>
                <TextEquiv>
                    <Unicode>rahthauß in die große stuben getrotten, daselbsten</Unicode>
                </TextEquiv>
            </TextLine>
            <TextLine id="r1l2" custom="readingOrder {index:1;}">
                <Coords points="426,628 705,619 828,677 998,640 1087,684 1138,657 1223,697 1298,677 1454,744 1473,650 1416,657 1347,601 1118,607 1038,566 956,605 690,527 540,581 439,513"/>
                <Baseline points="438,585 489,592 540,600 591,605 642,609 693,614 744,618 795,622 846,626 897,630 948,635 999,640 1050,645 1101,651 1152,658 1203,664 1254,673 1305,682 1356,693 1407,704 1458,717"/>
                <TextEquiv>
                    <Unicode>ihnen durch sleghel n amtv schulst heyß die sach</Unicode>
                </TextEquiv>
            </TextLine>
            <TextLine id="r1l3" custom="readingOrder {index:2;}">
                <Coords points="430,674 744,717 797,757 956,731 1495,825 1501,772 1403,768 1285,677 1179,726 1141,681 939,643 759,693 681,622 433,650"/>
                <Baseline points="438,668 490,677 543,687 595,693 648,699 701,705 753,710 806,714 858,719 911,723 964,726 1016,731 1069,736 1121,742 1174,748 1227,755 1279,764 1332,773 1384,783 1437,796 1490,810"/>
                <TextEquiv>
                    <Unicode>umb die ab dermahl zu tuhnn vordentet worden, alle</Unicode>
                </TextEquiv>
            </TextLine>
            <TextLine id="r1l4" custom="readingOrder {index:3;} person {offset:13; length:11;} place {offset:29; length:9;}">
                <Coords points="436,765 664,820 775,807 927,871 1087,826 1129,873 1257,844 1426,906 1496,851 1345,780 1252,810 1174,771 838,741 743,772 587,746 536,698 443,704"/>
                <Baseline points="444,752 496,763 548,773 600,781 652,788 704,795 756,800 808,804 860,809 912,814 964,817 1016,822 1068,825 1120,830 1172,835 1224,840 1276,847 1328,854 1380,863 1432,872 1485,884"/>
                <TextEquiv>
                    <Unicode>wiedermahlen nhghl Vnmer von Lutzenaut</Unicode>
                </TextEquiv>
            </TextLine>
            <TextLine id="r1l5" custom="readingOrder {index:4;} person {offset:17; length:6;}">
                <Coords points="424,846 580,920 648,878 765,926 816,890 1474,987 1479,933 1369,888 1193,864 1129,897 1094,858 968,887 803,816 698,797 596,837 432,770"/>
                <Baseline points="432,839 486,847 541,856 596,864 650,871 705,877 760,884 813,889 868,894 923,899 977,903 1032,908 1087,913 1141,919 1196,924 1251,930 1305,937 1360,943 1415,951 1470,960"/>
                <TextEquiv>
                    <Unicode>als jüngste herr wenner in die wbitte der großen</Unicode>
                </TextEquiv>
            </TextLine>
            <TextLine id="r1l6" custom="readingOrder {index:5;} place {offset:40; length:4;}">
                <Coords points="436,939 539,956 593,1006 671,964 937,988 997,1042 1120,1006 1481,1027 1392,957 1285,976 1131,934 992,973 880,903 795,936 665,884 596,922 441,885"/>
                <Baseline points="444,930 495,939 546,946 598,953 649,958 701,964 752,968 804,973 855,976 907,980 958,984 1009,987 1061,991 1112,995 1164,999 1215,1003 1267,1009 1318,1016 1370,1022 1421,1030 1473,1038"/>
                <TextEquiv>
                    <Unicode>stuben getretten, und innamen der Statt Bern</Unicode>
                </TextEquiv>
            </TextLine>
            <TextLine id="r1l7" custom="readingOrder {index:6;} person {offset:7; length:13;}">
                <Coords points="430,1030 1295,1137 1422,1115 1478,1153 1483,1097 1419,1062 1206,1044 1151,1006 1008,1047 944,990 863,1030 793,1027 735,966 616,1014 535,970 435,975"/>
                <Baseline points="438,1017 489,1025 541,1033 593,1039 645,1046 696,1051 748,1056 800,1060 852,1063 903,1067 955,1070 1007,1074 1059,1078 1110,1081 1162,1085 1214,1091 1266,1095 1317,1101 1369,1109 1421,1116 1473,1125"/>
                <TextEquiv>
                    <Unicode>wieder Babral Bruner das sacht angerüßen,</Unicode>
                </TextEquiv>
            </TextLine>
            <TextLine id="r1l8" custom="readingOrder {index:7;}">
                <Coords points="437,1117 826,1200 880,1166 1039,1171 1494,1224 1473,1166 1332,1121 1174,1143 1029,1091 948,1139 705,1083 629,1119 526,1055 442,1054"/>
                <Baseline points="444,1106 496,1115 548,1124 600,1132 652,1138 705,1143 757,1149 809,1152 861,1156 913,1160 966,1163 1018,1167 1070,1169 1122,1173 1174,1177 1227,1180 1279,1185 1331,1191 1383,1196 1435,1203 1488,1211"/>
                <TextEquiv>
                    <Unicode>da dann nach beschehene gbentlichen buesen wie</Unicode>
                </TextEquiv>
            </TextLine>
            <TextLine id="r1l9" custom="readingOrder {index:8;}">
                <Coords points="416,1246 483,1214 742,1283 1138,1265 1496,1315 1499,1267 1399,1219 1147,1224 990,1170 812,1205 747,1163 494,1170 425,1132"/>
                <Baseline points="426,1200 479,1209 532,1215 585,1223 639,1227 692,1233 745,1237 798,1241 852,1245 905,1249 958,1252 1011,1254 1065,1258 1118,1260 1171,1265 1224,1268 1278,1271 1331,1277 1384,1282 1437,1287 1491,1293"/>
                <TextEquiv>
                    <Unicode>hier oben stehet) der dätte und autste landtag</Unicode>
                </TextEquiv>
            </TextLine>
            <TextLine id="r1l10" custom="readingOrder {index:9;} person {offset:39; length:6; continued:true;}">
                <Coords points="426,1324 528,1317 611,1359 1083,1353 1127,1393 1183,1360 1238,1391 1477,1390 1491,1344 1380,1280 1137,1323 1076,1286 965,1328 864,1260 812,1296 688,1248 429,1274"/>
                <Baseline points="435,1296 487,1304 539,1311 592,1317 644,1323 696,1328 749,1331 801,1335 853,1338 906,1341 958,1344 1010,1346 1063,1349 1115,1351 1167,1353 1220,1356 1272,1359 1324,1362 1377,1367 1429,1371 1482,1376"/>
                <TextEquiv>
                    <Unicode>auch vollführt, und weden der getähter Babeil</Unicode>
                </TextEquiv>
            </TextLine>
            <TextLine id="r1l11" custom="readingOrder {index:10;} person {offset:0; length:6; continued:true;}">
                <Coords points="418,1411 631,1409 740,1466 809,1433 913,1474 1078,1438 1210,1446 1251,1489 1464,1459 1419,1398 1351,1416 1289,1368 1232,1390 1206,1363 1130,1411 1060,1373 1011,1401 732,1353 592,1371 528,1317 422,1349"/>
                <Baseline points="426,1391 477,1397 529,1401 580,1407 632,1412 684,1415 735,1419 787,1421 838,1424 890,1427 942,1428 993,1431 1045,1433 1096,1434 1148,1436 1200,1438 1251,1439 1303,1442 1354,1443 1406,1446 1458,1448"/>
                <TextEquiv>
                    <Unicode>Brnner auch dißmahl zur verantwortung sich</Unicode>
                </TextEquiv>
            </TextLine>
            <TextLine id="r1l12" custom="readingOrder {index:11;}">
                <Coords points="411,1504 689,1535 740,1507 806,1552 972,1523 1021,1563 1296,1530 1482,1555 1468,1468 740,1467 642,1411 416,1412"/>
                <Baseline points="420,1476 472,1484 525,1491 578,1497 631,1503 684,1507 736,1511 789,1514 842,1517 895,1520 948,1521 1000,1523 1053,1526 1106,1527 1159,1529 1212,1530 1264,1532 1317,1533 1370,1535 1423,1537 1476,1539"/>
                <TextEquiv>
                    <Unicode>nicht gestallt, habend mlegth und oberen salf</Unicode>
                </TextEquiv>
            </TextLine>
            <TextLine id="r1l13" custom="readingOrder {index:12;}">
                <Coords points="406,1572 567,1625 741,1604 869,1645 1041,1615 1283,1666 1455,1646 1459,1584 1316,1558 1261,1586 1183,1538 1012,1568 963,1530 761,1534 686,1584 556,1520 410,1507"/>
                <Baseline points="414,1565 465,1574 517,1582 569,1589 621,1595 672,1599 724,1601 776,1604 828,1607 879,1608 931,1610 983,1611 1035,1612 1086,1613 1138,1614 1190,1616 1242,1619 1293,1622 1345,1626 1397,1632 1449,1637"/>
                <TextEquiv>
                    <Unicode>und burgert mit Urtill und recht bich enden e</Unicode>
                </TextEquiv>
            </TextLine>
            <TextLine id="r1l14" custom="readingOrder {index:13;}">
                <Coords points="414,1669 509,1689 574,1674 677,1713 751,1677 790,1714 874,1739 923,1704 1012,1710 1016,1618 855,1650 795,1630 748,1653 618,1606 571,1626 485,1600 416,1612"/>
                <Baseline points="420,1668 449,1672 478,1674 507,1678 537,1681 566,1683 595,1686 624,1686 654,1689 683,1689 712,1691 741,1692 771,1692 800,1694 829,1694 858,1695 888,1695 917,1697 946,1697 975,1698 1005,1698"/>
                <TextEquiv>
                    <Unicode>kent. Wie volget.</Unicode>
                </TextEquiv>
            </TextLine>
            <TextLine id="r1l15" custom="readingOrder {index:14;}">
                <Coords points="359,1905 557,1900 609,1943 744,1928 883,1977 1076,1920 1255,1965 1436,1924 1437,1895 1246,1853 1196,1893 1077,1833 971,1858 592,1789 503,1836 362,1765"/>
                <Baseline points="366,1890 419,1895 472,1899 525,1902 578,1907 632,1910 685,1912 738,1914 791,1916 844,1917 898,1917 951,1919 1004,1919 1057,1919 1110,1919 1164,1919 1217,1919 1270,1919 1323,1917 1376,1917 1430,1917"/>
                <TextEquiv>
                    <Unicode>Wir schultthiyß klin und goße</Unicode>
                </TextEquiv>
            </TextLine>
            <TextLine id="r1l16" custom="readingOrder {index:15;}">
                <Coords points="398,2002 475,2047 542,1997 1146,2053 1262,2015 1381,2049 1479,2028 1481,1971 1158,1934 846,1980 750,1942 665,1966 557,1898 493,1933 400,1902"/>
                <Baseline points="405,1982 458,1986 511,1991 565,1994 618,1997 672,2000 725,2003 778,2004 832,2006 885,2007 939,2007 992,2009 1045,2009 1099,2009 1152,2009 1206,2009 1259,2009 1312,2009 1366,2009 1419,2009 1473,2009"/>
                <TextEquiv>
                    <Unicode>rähte der statt octr brkundend hiermit, dem</Unicode>
                </TextEquiv>
            </TextLine>
            <TextLine id="r1l17" custom="readingOrder {index:16;} person {offset:37; length:7; continued:true;}">
                <Coords points="407,2113 486,2091 642,2134 784,2094 911,2128 1170,2090 1290,2121 1429,2085 1396,2043 1279,2018 1182,2066 884,2030 768,2056 635,2005 408,2048"/>
                <Baseline points="414,2066 464,2072 514,2076 565,2081 615,2084 666,2086 716,2088 766,2090 817,2091 867,2091 918,2092 968,2092 1018,2091 1069,2091 1119,2091 1170,2090 1220,2090 1270,2088 1321,2088 1371,2088 1422,2088"/>
                <TextEquiv>
                    <Unicode>nach zinstags den 23 septembris 1732 dabriel</Unicode>
                </TextEquiv>
            </TextLine>
            <TextLine id="r1l18" custom="readingOrder {index:17;} person {offset:0; length:13; continued:true;}">
                <Coords points="392,2201 466,2176 580,2222 683,2187 960,2230 1095,2180 1315,2218 1470,2188 1469,2147 1337,2107 1040,2153 969,2125 909,2161 848,2134 749,2159 696,2110 617,2142 486,2092 393,2120"/>
                <Baseline points="399,2160 452,2166 505,2170 558,2174 612,2177 665,2178 718,2180 771,2181 825,2181 878,2181 931,2181 984,2181 1038,2180 1091,2180 1144,2178 1197,2178 1251,2177 1304,2177 1357,2177 1410,2177 1464,2177"/>
                <TextEquiv>
                    <Unicode>Bruner Burger von Allhier seined alters von</Unicode>
                </TextEquiv>
            </TextLine>
            <TextLine id="r1l19" custom="readingOrder {index:18;}">
                <Coords points="407,2263 564,2266 648,2316 934,2269 1112,2281 1147,2314 1297,2275 1434,2295 1434,2211 1383,2196 1210,2225 1096,2179 987,2241 799,2243 662,2204 549,2232 466,2175 407,2197"/>
                <Baseline points="414,2241 464,2247 515,2252 565,2256 616,2260 667,2262 717,2264 768,2265 819,2265 869,2265 920,2265 971,2265 1021,2264 1072,2264 1123,2262 1173,2261 1224,2259 1275,2259 1325,2258 1376,2256 1427,2256"/>
                <TextEquiv>
                    <Unicode>Mann 33 jahren in seiner behausung drunten zu</Unicode>
                </TextEquiv>
            </TextLine>
            <TextLine id="r1l20" custom="readingOrder {index:19;} place {offset:0; length:7;} person {offset:28; length:17;}">
                <Coords points="379,2373 1018,2382 1064,2351 1467,2340 1466,2291 1385,2277 1153,2317 1026,2273 979,2312 904,2287 826,2325 746,2285 669,2315 463,2269 378,2297"/>
                <Baseline points="386,2336 439,2341 493,2345 547,2349 600,2351 654,2353 708,2354 761,2354 815,2354 869,2352 923,2352 976,2349 1030,2347 1084,2345 1137,2342 1191,2339 1245,2336 1298,2334 1352,2331 1406,2328 1460,2325"/>
                <TextEquiv>
                    <Unicode>Marzili einen Keßler namens Maurice Gisctions</Unicode>
                </TextEquiv>
            </TextLine>
            <TextLine id="r1l21" custom="readingOrder {index:20;} place {offset:30; length:6;}">
                <Coords points="400,2481 797,2464 1002,2497 1473,2399 1471,2353 1395,2343 1028,2417 919,2365 397,2375"/>
                <Baseline points="405,2432 458,2435 511,2439 564,2441 617,2442 670,2444 723,2445 776,2445 829,2444 882,2443 935,2441 988,2439 1041,2436 1094,2433 1147,2429 1200,2426 1253,2421 1306,2417 1359,2413 1412,2407 1466,2402"/>
                <TextEquiv>
                    <Unicode>gebürtig von hten magtans auß savors ( deß ein trau</Unicode>
                </TextEquiv>
            </TextLine>
            <TextLine id="r1l22" custom="readingOrder {index:21;}">
                <Coords points="395,2565 773,2574 947,2536 1098,2581 1197,2517 1374,2536 1476,2495 1475,2436 1418,2465 1303,2427 1015,2510 906,2478 860,2516 599,2472 393,2496"/>
                <Baseline points="401,2519 454,2522 507,2526 561,2529 614,2532 668,2534 721,2535 774,2536 828,2537 881,2535 935,2535 988,2534 1041,2531 1095,2529 1148,2525 1202,2521 1255,2515 1308,2510 1362,2503 1415,2494 1469,2486"/>
                <TextEquiv>
                    <Unicode>wrige wahrzeichen gegenwärtig beyh der stellstind mit</Unicode>
                </TextEquiv>
            </TextLine>
            <TextLine id="r1l23" custom="readingOrder {index:22;}">
                <Coords points="401,2616 1066,2645 1332,2616 1460,2567 1459,2522 1314,2514 1174,2591 844,2596 790,2557 705,2587 624,2545 401,2587"/>
                <Baseline points="408,2604 460,2606 512,2608 564,2610 617,2613 669,2615 721,2615 774,2616 826,2616 878,2616 931,2616 983,2615 1035,2613 1087,2612 1140,2608 1192,2605 1244,2600 1297,2596 1349,2590 1401,2584 1454,2574"/>
                <TextEquiv>
                    <Unicode>einem vlaßer dergestalten in leb verkundt</Unicode>
                </TextEquiv>
            </TextLine>
            <TextLine id="r1l24" custom="readingOrder {index:23;}">
                <Coords points="395,2707 598,2756 673,2706 838,2726 967,2687 1248,2749 1385,2671 1489,2681 1487,2610 1407,2589 1350,2641 1115,2624 928,2669 815,2641 776,2677 392,2616"/>
                <Baseline points="401,2690 455,2695 509,2699 563,2702 617,2704 671,2706 725,2706 779,2708 833,2706 887,2706 941,2705 995,2702 1049,2699 1103,2696 1157,2693 1211,2689 1265,2683 1319,2678 1373,2673 1427,2666 1481,2660"/>
                <TextEquiv>
                    <Unicode>so daß er darfan den 30.en oitbr hernach verstorben,</Unicode>
                </TextEquiv>
            </TextLine>
            <TextLine id="r1l25" custom="readingOrder {index:24;}">
                <Coords points="389,2816 789,2790 1016,2838 1063,2797 1117,2832 1213,2827 1274,2776 1465,2783 1463,2718 1413,2714 1162,2749 1075,2718 1005,2766 950,2729 737,2755 672,2708 593,2756 387,2726"/>
                <Baseline points="395,2781 448,2783 501,2784 554,2786 607,2787 660,2789 713,2790 766,2792 819,2793 872,2793 926,2793 979,2793 1032,2792 1085,2790 1138,2787 1191,2783 1244,2778 1297,2772 1350,2765 1403,2757 1457,2747"/>
                <TextEquiv>
                    <Unicode>dahero er Bruner flüchstigen fuß gesezet. Inmaßen</Unicode>
                </TextEquiv>
            </TextLine>
            <TextLine id="r1l26" custom="readingOrder {index:25;}">
                <Coords points="388,2857 722,2874 799,2930 936,2872 1201,2900 1279,2854 1474,2864 1473,2808 1390,2820 1334,2781 1154,2853 1036,2820 936,2849 818,2805 776,2847 714,2808 647,2840 537,2786 458,2827 387,2813"/>
                <Baseline points="395,2856 448,2858 502,2861 555,2863 609,2865 662,2868 716,2870 769,2871 823,2873 876,2874 930,2874 984,2874 1037,2874 1091,2873 1144,2870 1198,2866 1251,2862 1305,2855 1358,2849 1412,2841 1466,2831"/>
                <TextEquiv>
                    <Unicode>Er weder an dem erßten, anderen nach deitig ange</Unicode>
                </TextEquiv>
            </TextLine>
            <TextLine id="r1l27" custom="readingOrder {index:26;}">
                <Coords points="383,2983 505,2946 748,2991 784,2960 966,2986 1069,2956 1219,3008 1303,2938 1470,2948 1469,2869 867,2887 813,2937 381,2857"/>
                <Baseline points="389,2939 442,2942 496,2945 550,2946 603,2949 657,2951 711,2952 764,2953 818,2954 872,2954 926,2954 979,2954 1033,2952 1087,2949 1140,2948 1194,2944 1248,2940 1301,2936 1355,2930 1409,2924 1463,2916"/>
                <TextEquiv>
                    <Unicode>stellten landtag auf die offentlich besshee kormb,</Unicode>
                </TextEquiv>
            </TextLine>
            <TextLine id="r1l28" custom="readingOrder {index:27;}">
                <Coords points="383,3042 612,3073 983,3045 1057,3077 1141,3036 1386,3026 1445,2968 1308,2964 1221,3006 1002,2955 907,3012 841,2978 795,3015 570,2969 508,3008 381,2983"/>
                <Baseline points="389,3030 441,3033 494,3035 546,3036 599,3039 651,3040 704,3041 756,3042 809,3042 861,3041 914,3041 966,3039 1019,3037 1071,3035 1124,3032 1176,3027 1229,3023 1281,3018 1334,3011 1386,3005 1439,2996"/>
                <TextEquiv>
                    <Unicode>liche rueff sich nicht vor recht gestellt und über</Unicode>
                </TextEquiv>
            </TextLine>
            <TextLine id="r1l29" custom="readingOrder {index:28;}">
                <Coords points="387,3140 1189,3144 1468,3070 1455,2997 1356,3009 1271,3073 1193,3036 1084,3093 990,3050 943,3081 656,3049 563,3083 383,3043"/>
                <Baseline points="392,3117 445,3119 498,3120 552,3122 605,3123 659,3125 712,3125 765,3126 819,3126 872,3125 926,3125 979,3122 1032,3120 1086,3117 1139,3113 1193,3107 1246,3101 1299,3094 1353,3084 1406,3074 1460,3062"/>
                <TextEquiv>
                    <Unicode>die verubte tahf sich versprochen und vorentorbt</Unicode>
                </TextEquiv>
            </TextLine>
            <TextLine id="r1l30" custom="readingOrder {index:29;}">
                <Coords points="636,3220 741,3233 769,3204 870,3196 989,3201 1041,3236 1102,3211 1220,3235 1290,3187 1458,3168 1454,3086 1389,3135 1309,3099 1019,3178 876,3136 634,3161"/>
                <Baseline points="642,3201 682,3200 722,3200 763,3198 803,3198 844,3198 884,3198 925,3198 965,3198 1006,3198 1046,3197 1086,3197 1127,3194 1167,3192 1208,3190 1248,3186 1289,3181 1329,3176 1370,3170 1410,3162 1451,3153"/>
                <TextEquiv>
                    <Unicode>Als habend wird nach anhörung deßent,</Unicode>
                </TextEquiv>
            </TextLine>
            <TextLine id="r1l31" custom="readingOrder {index:30;}">
                <Coords points="396,3226 409,3228 426,3212 432,3214 443,3208 455,3212 465,3204 485,3201 504,3206 507,3134 499,3134 491,3125 472,3125 447,3140 439,3135 400,3136"/>
                <Baseline points="404,3195 435,3194 466,3197 497,3198"/>
                <TextEquiv>
                    <Unicode>hat.</Unicode>
                </TextEquiv>
            </TextLine>
            <TextLine id="r1l32" custom="readingOrder {index:31;}">
                <Coords points="506,3211 514,3212 517,3209 521,3211 535,3205 541,3207 549,3201 562,3199 567,3145 557,3144 553,3148 540,3150 532,3157 510,3154"/>
                <Baseline points="513,3200 555,3203"/>
                <TextEquiv>
                    <Unicode></Unicode>
                </TextEquiv>
            </TextLine>
            <TextLine id="r1l33" custom="readingOrder {index:32;}">
                <Coords points="379,3281 612,3333 770,3280 893,3338 1077,3277 1480,3302 1478,3187 1064,3247 928,3198 786,3261 632,3212 543,3250 432,3212 378,3250"/>
                <Baseline points="386,3272 440,3272 494,3272 548,3273 603,3273 657,3275 711,3275 766,3276 820,3276 874,3276 929,3276 983,3276 1037,3275 1091,3275 1146,3272 1200,3270 1254,3267 1309,3262 1363,3258 1417,3252 1472,3245"/>
                <TextEquiv>
                    <Unicode>targen auß genommner Information und Lundtschafft</Unicode>
                </TextEquiv>
            </TextLine>
            <TextLine id="r1l34" custom="readingOrder {index:33;}">
                <Coords points="1136,3373 1163,3365 1213,3385 1231,3387 1247,3374 1288,3382 1322,3376 1369,3348 1366,3283 1340,3287 1302,3272 1235,3293 1219,3286 1187,3297 1133,3293"/>
                <Baseline points="1142,3353 1169,3352 1197,3351 1224,3350 1252,3347 1279,3345 1307,3345 1334,3344 1362,3345"/>
                <TextEquiv>
                    <Unicode>Außaagen</Unicode>
                </TextEquiv>
            </TextLine>
            <TextEquiv>
                <Unicode>rahthauß in die große stuben getrotten, daselbsten
ihnen durch sleghel n amtv schulst heyß die sach
umb die ab dermahl zu tuhnn vordentet worden, alle
wiedermahlen nhghl Vnmer von Lutzenaut
als jüngste herr wenner in die wbitte der großen
stuben getretten, und innamen der Statt Bern
wieder Babral Bruner das sacht angerüßen,
da dann nach beschehene gbentlichen buesen wie
hier oben stehet) der dätte und autste landtag
auch vollführt, und weden der getähter Babeil
Brnner auch dißmahl zur verantwortung sich
nicht gestallt, habend mlegth und oberen salf
und burgert mit Urtill und recht bich enden e
kent. Wie volget.
Wir schultthiyß klin und goße
rähte der statt octr brkundend hiermit, dem
nach zinstags den 23 septembris 1732 dabriel
Bruner Burger von Allhier seined alters von
Mann 33 jahren in seiner behausung drunten zu
Marzili einen Keßler namens Maurice Gisctions
gebürtig von hten magtans auß savors ( deß ein trau
wrige wahrzeichen gegenwärtig beyh der stellstind mit
einem vlaßer dergestalten in leb verkundt
so daß er darfan den 30.en oitbr hernach verstorben,
dahero er Bruner flüchstigen fuß gesezet. Inmaßen
Er weder an dem erßten, anderen nach deitig ange
stellten landtag auf die offentlich besshee kormb,
liche rueff sich nicht vor recht gestellt und über
die verubte tahf sich versprochen und vorentorbt
Als habend wird nach anhörung deßent,
hat.

targen auß genommner Information und Lundtschafft
Außaagen</Unicode>
            </TextEquiv>
        </TextRegion>
        <TextRegion orientation="0.0" id="r2" custom="readingOrder {index:1;}">
            <Coords points="1667,508 1667,3296 2748,3296 2748,508"/>
            <TextLine id="r2l1" custom="readingOrder {index:0;}">
                <Coords points="2625,548 2638,549 2660,563 2681,551 2701,556 2711,551 2730,555 2732,524 2720,526 2705,522 2685,507 2678,512 2662,510 2653,501 2646,506 2628,506"/>
                <Baseline points="2633,543 2663,546 2693,548 2723,549"/>
                <TextEquiv>
                    <Unicode>133</Unicode>
                </TextEquiv>
            </TextLine>
            <TextLine id="r2l2" custom="readingOrder {index:1;}">
                <Coords points="1673,631 2005,625 2053,659 2181,627 2293,689 2358,647 2481,698 2599,663 2678,700 2736,678 2739,613 2652,625 2519,552 2380,538 2188,583 2050,523 1881,591 1678,523"/>
                <Baseline points="1680,620 1732,618 1784,618 1837,618 1889,618 1942,618 1994,618 2047,620 2099,621 2152,622 2204,624 2256,626 2309,630 2361,633 2414,636 2466,642 2519,648 2571,654 2624,660 2676,668 2729,677"/>
                <TextEquiv>
                    <Unicode>Ausßaagen auff getahnen nachtsatz bey un seren ey</Unicode>
                </TextEquiv>
            </TextLine>
            <TextLine id="r2l3" custom="readingOrder {index:2;}">
                <Coords points="1673,719 1807,729 1848,705 1895,728 1948,693 2068,748 2219,706 2276,749 2439,747 2440,666 2367,648 2306,683 2183,630 2152,655 2114,633 2073,672 1946,629 1846,658 1804,637 1674,650"/>
                <Baseline points="1680,698 1717,698 1755,698 1792,698 1830,698 1868,698 1905,698 1943,698 1981,698 2018,698 2056,698 2094,699 2131,699 2169,700 2207,701 2244,702 2282,703 2320,705 2357,706 2395,708 2433,710"/>
                <TextEquiv>
                    <Unicode>dan zu recht erkennt und gesprochen.</Unicode>
                </TextEquiv>
            </TextLine>
            <TextLine id="r2l4" custom="readingOrder {index:3;}">
                <Coords points="2567,726 2582,726 2592,720 2617,736 2636,756 2657,743 2673,747 2674,689 2668,689 2655,676 2644,676 2634,666 2620,662 2612,670 2600,663 2579,676 2568,676"/>
                <Baseline points="2574,719 2605,720 2636,719 2667,722"/>
                <TextEquiv>
                    <Unicode>daß</Unicode>
                </TextEquiv>
            </TextLine>
            <TextLine id="r2l5" custom="readingOrder {index:4;}">
                <Coords points="2674,716 2684,717 2701,733 2713,727 2720,734 2731,735 2729,675 2720,675 2713,670 2706,679 2701,677 2691,685 2680,678 2673,678"/>
                <Baseline points="2681,726 2724,725"/>
                <TextEquiv>
                    <Unicode></Unicode>
                </TextEquiv>
            </TextLine>
            <TextLine id="r2l6" custom="readingOrder {index:5;} person {offset:10; length:14;}">
                <Coords points="1678,810 1874,777 2037,826 2150,782 2431,824 2627,795 2751,836 2753,736 2599,758 2510,703 2403,768 2217,705 2068,748 1947,694 1893,742 1838,710 1679,744"/>
                <Baseline points="1686,776 1741,774 1797,774 1853,774 1908,776 1964,776 2020,777 2076,779 2131,779 2187,781 2243,782 2299,783 2354,785 2410,786 2466,788 2522,788 2577,789 2633,789 2689,791 2745,791"/>
                <TextEquiv>
                    <Unicode>Gedachter Babriel Briner von Haildrin Unfrid</Unicode>
                </TextEquiv>
            </TextLine>
            <TextLine id="r2l7" custom="readingOrder {index:6;}">
                <Coords points="1679,880 2084,873 2404,927 2492,886 2748,906 2749,851 2544,796 2289,839 2131,825 2094,789 2043,836 1939,802 1680,822"/>
                <Baseline points="1686,861 1738,863 1791,864 1844,866 1897,867 1950,869 2002,870 2055,870 2108,872 2161,872 2214,873 2266,875 2319,875 2372,876 2425,878 2478,878 2530,879 2583,879 2636,881 2689,882 2742,882"/>
                <TextEquiv>
                    <Unicode>dem von sicherheit in insticherheit erkannt und allsin</Unicode>
                </TextEquiv>
            </TextLine>
            <TextLine id="r2l8" custom="readingOrder {index:7;}">
                <Coords points="1673,996 1774,959 1821,1005 1971,968 2496,1003 2579,962 2737,975 2738,906 2539,943 2135,886 2026,928 1845,882 1674,906"/>
                <Baseline points="1680,942 1732,945 1785,947 1837,948 1890,950 1942,951 1995,951 2047,953 2100,954 2152,956 2205,956 2257,957 2310,957 2362,959 2415,959 2467,959 2520,959 2572,959 2625,957 2677,957 2730,956"/>
                <TextEquiv>
                    <Unicode>gutd zu unserne handen verfallen seyn, Anbey der</Unicode>
                </TextEquiv>
            </TextLine>
            <TextLine id="r2l9" custom="readingOrder {index:8;} person {offset:8; length:14;}">
                <Coords points="1682,1077 1743,1041 1776,1070 2625,1055 2736,1036 2736,978 2644,958 2574,1001 2404,1012 2286,984 2229,1020 2172,976 1843,1000 1768,958 1681,1002"/>
                <Baseline points="1688,1035 1740,1038 1792,1039 1844,1040 1896,1041 1948,1043 2000,1043 2052,1043 2104,1043 2156,1043 2208,1043 2260,1043 2312,1041 2364,1040 2416,1040 2468,1037 2520,1036 2572,1034 2624,1032 2676,1029 2729,1028"/>
                <TextEquiv>
                    <Unicode>Gtäster Babriel Bruner unsere statt landt um</Unicode>
                </TextEquiv>
            </TextLine>
            <TextLine id="r2l10" custom="readingOrder {index:9;}">
                <Coords points="1685,1174 1926,1128 2007,1166 2070,1133 2302,1171 2492,1124 2613,1152 2748,1128 2747,1066 2441,1055 2262,1090 2184,1049 1979,1091 1820,1055 1683,1090"/>
                <Baseline points="1691,1127 1743,1128 1796,1128 1848,1130 1901,1130 1953,1130 2006,1130 2058,1128 2111,1128 2163,1127 2216,1125 2268,1124 2321,1122 2373,1121 2426,1118 2478,1116 2531,1115 2583,1113 2636,1112 2688,1109 2741,1107"/>
                <TextEquiv>
                    <Unicode>gebirt für ein hundert und ein jahr verlahren haben</Unicode>
                </TextEquiv>
            </TextLine>
            <TextLine id="r2l11" custom="readingOrder {index:10;}">
                <Coords points="1685,1236 2298,1255 2433,1203 2614,1228 2743,1196 2715,1138 2454,1136 2264,1177 2188,1148 2115,1203 2049,1170 1944,1206 1847,1160 1684,1200"/>
                <Baseline points="1691,1220 1743,1221 1795,1223 1847,1223 1900,1223 1952,1223 2004,1221 2056,1221 2109,1218 2161,1217 2213,1215 2265,1212 2318,1209 2370,1206 2422,1204 2474,1201 2527,1197 2579,1195 2631,1192 2683,1190 2736,1187"/>
                <TextEquiv>
                    <Unicode>und selbige fürohin nicht vlehr betretten, auch ( wo</Unicode>
                </TextEquiv>
            </TextLine>
            <TextLine id="r2l12" custom="readingOrder {index:11;}">
                <Coords points="1677,1351 1890,1318 1954,1353 2131,1342 2235,1304 2443,1338 2512,1288 2720,1285 2753,1219 2431,1234 2363,1277 2229,1239 2111,1279 1673,1263"/>
                <Baseline points="1682,1304 1735,1305 1788,1307 1841,1307 1895,1307 1948,1307 2001,1307 2054,1305 2108,1304 2161,1302 2214,1301 2267,1299 2321,1296 2374,1293 2427,1290 2480,1287 2534,1282 2587,1278 2640,1274 2693,1269 2747,1263"/>
                <TextEquiv>
                    <Unicode>Ern darung ergriffen wurde nach dieser unser statt</Unicode>
                </TextEquiv>
            </TextLine>
            <TextLine id="r2l13" custom="readingOrder {index:12;}">
                <Coords points="1682,1396 1985,1435 2085,1400 2376,1415 2736,1374 2735,1337 2662,1300 2586,1350 2498,1300 2321,1359 2258,1316 2092,1379 1911,1319 1681,1344"/>
                <Baseline points="1688,1380 1740,1385 1792,1387 1844,1390 1896,1392 1948,1394 2000,1394 2052,1395 2104,1394 2156,1393 2208,1391 2260,1389 2312,1388 2364,1384 2416,1381 2468,1378 2520,1374 2572,1370 2624,1366 2676,1361 2729,1356"/>
                <TextEquiv>
                    <Unicode>sern recht und sazung mit dem schwert vom Leber</Unicode>
                </TextEquiv>
            </TextLine>
            <TextLine id="r2l14" custom="readingOrder {index:13;}">
                <Coords points="2478,1511 2559,1520 2605,1503 2644,1466 2668,1470 2675,1461 2756,1447 2751,1401 2730,1412 2710,1400 2698,1406 2620,1373 2471,1439"/>
                <Baseline points="2481,1467 2507,1466 2534,1465 2561,1463 2587,1459 2614,1456 2641,1451 2667,1449 2694,1446 2721,1444 2748,1443"/>
                <TextEquiv>
                    <Unicode>Octum</Unicode>
                </TextEquiv>
            </TextLine>
            <TextLine id="r2l15" custom="readingOrder {index:14;}">
                <Coords points="1669,1498 1764,1464 1887,1517 2105,1514 2157,1481 2290,1498 2423,1469 2388,1411 2301,1439 2241,1398 2186,1432 2084,1401 2046,1434 1957,1447 1846,1397 1729,1443 1669,1397"/>
                <Baseline points="1676,1464 1713,1466 1750,1466 1787,1466 1824,1467 1861,1467 1898,1469 1935,1469 1972,1470 2009,1470 2046,1472 2083,1472 2120,1472 2157,1472 2194,1470 2231,1470 2268,1469 2305,1467 2342,1465 2379,1462 2417,1460"/>
                <TextEquiv>
                    <Unicode>zum todt hingerichtet worden solle.</Unicode>
                </TextEquiv>
            </TextLine>
            <TextLine id="r2l16" custom="readingOrder {index:15;}">
                <Coords points="1678,1581 1927,1596 2037,1567 2279,1593 2471,1541 2470,1467 2355,1504 2210,1508 2160,1481 2043,1525 2002,1499 1968,1529 1677,1499"/>
                <Baseline points="1685,1547 1724,1548 1763,1548 1802,1550 1841,1551 1880,1551 1919,1551 1958,1553 1997,1553 2036,1553 2075,1553 2114,1553 2153,1551 2192,1550 2231,1549 2270,1547 2309,1544 2348,1541 2387,1538 2426,1535 2465,1530"/>
                <TextEquiv>
                    <Unicode>Coram 200. den 25 novembris 1732</Unicode>
                </TextEquiv>
            </TextLine>
            <TextLine id="r2l17" custom="readingOrder {index:16;}">
                <Coords points="1679,1808 1849,1855 2163,1801 2450,1837 2536,1775 2715,1768 2714,1719 2344,1718 2222,1751 1677,1732"/>
                <Baseline points="1686,1794 1737,1796 1788,1796 1839,1794 1890,1794 1941,1794 1992,1793 2043,1793 2094,1791 2145,1791 2197,1789 2248,1788 2299,1786 2350,1785 2401,1782 2452,1781 2503,1779 2554,1776 2605,1774 2656,1772 2708,1769"/>
                <TextEquiv>
                    <Unicode>teg vorlesung der fasrmotion es myl kenen </Unicode>
                </TextEquiv>
            </TextLine>
            <TextLine id="r2l18" custom="readingOrder {index:17;} person {offset:0; length:10;}">
                <Coords points="1661,1900 1723,1871 1852,1905 1930,1870 2516,1902 2709,1857 2709,1819 1660,1836"/>
                <Baseline points="1667,1872 1718,1872 1770,1872 1822,1872 1874,1872 1925,1871 1977,1871 2029,1871 2081,1871 2132,1869 2184,1869 2236,1868 2288,1866 2339,1865 2391,1863 2443,1861 2495,1859 2546,1856 2598,1853 2650,1850 2702,1847"/>
                <TextEquiv>
                    <Unicode>haubermeul in der shaus getrafften, sß glan</Unicode>
                </TextEquiv>
            </TextLine>
            <TextLine id="r2l19" custom="readingOrder {index:18;}">
                <Coords points="1680,1966 1737,1924 2104,1992 2211,1929 2333,1959 2418,1928 2485,1990 2620,1945 2740,1977 2740,1853 2438,1910 1680,1890"/>
                <Baseline points="1686,1932 1738,1935 1790,1937 1843,1938 1895,1938 1947,1938 2000,1938 2052,1937 2104,1935 2157,1935 2209,1934 2261,1932 2314,1931 2366,1931 2418,1931 2471,1932 2523,1932 2575,1934 2628,1938 2680,1942 2733,1947"/>
                <TextEquiv>
                    <Unicode>ehr gnommen befohlen, da� demm geliner kahf grug</Unicode>
                </TextEquiv>
            </TextLine>
            <TextLine id="r2l20" custom="readingOrder {index:19;}">
                <Coords points="1680,2033 1788,2011 1891,2044 1955,2003 2084,2070 2187,2026 2293,2068 2373,2024 2418,2048 2459,2028 2460,1951 2419,1929 2333,1959 2110,1943 2029,1984 1852,1949 1818,1976 1681,1986"/>
                <Baseline points="1688,2007 1726,2004 1764,2004 1802,2004 1841,2004 1879,2006 1917,2007 1955,2008 1994,2010 2032,2013 2070,2015 2108,2016 2147,2017 2185,2018 2223,2018 2261,2016 2300,2015 2338,2012 2376,2007 2414,2001 2453,1994"/>
                <TextEquiv>
                    <Unicode>eden. Nach demn er  herr etos</Unicode>
                </TextEquiv>
            </TextLine>
            <TextLine id="r2l21" custom="readingOrder {index:20;}">
                <Coords points="1671,2137 1757,2132 1828,2084 1852,2100 1870,2085 1912,2088 1932,2103 1957,2083 1986,2092 1987,2055 1967,2048 1917,2063 1841,2026 1804,2028 1790,2012 1707,2016 1675,2035"/>
                <Baseline points="1680,2078 1707,2076 1734,2076 1761,2076 1788,2078 1815,2079 1843,2081 1870,2082 1897,2084 1924,2084 1951,2084 1979,2082"/>
                <TextEquiv>
                    <Unicode>Mehte Rachties</Unicode>
                </TextEquiv>
            </TextLine>
            <TextLine id="r2l22" custom="readingOrder {index:21;}">
                <Coords points="1904,2161 1950,2167 1972,2147 2012,2167 2042,2144 2082,2162 2142,2149 2207,2161 2247,2135 2336,2122 2330,2060 2273,2063 2229,2032 2160,2027 2085,2072 2023,2080 1994,2064 1936,2098 1897,2092"/>
                <Baseline points="1908,2130 1934,2122 1960,2116 1986,2109 2012,2106 2038,2102 2064,2098 2090,2096 2116,2094 2142,2092 2168,2091 2194,2090 2220,2088 2246,2087 2272,2085 2298,2085 2325,2084"/>
                <TextEquiv>
                    <Unicode>  itt en</Unicode>
                </TextEquiv>
            </TextLine>
            <TextLine id="r2l23" custom="readingOrder {index:22;}">
                <Coords points="1803,2157 1811,2155 1818,2150 1829,2148 1816,2091 1809,2092 1808,2094 1802,2091 1801,2093 1798,2091 1789,2093"/>
                <Baseline points="1803,2126 1817,2123"/>
                <TextEquiv>
                    <Unicode></Unicode>
                </TextEquiv>
            </TextLine>
            <TextLine id="r2l24" custom="readingOrder {index:23;}">
                <Coords points="2394,2168 2403,2166 2420,2171 2431,2162 2449,2160 2435,2063 2428,2064 2413,2055 2405,2064 2394,2060 2379,2065"/>
                <Baseline points="2396,2138 2438,2132"/>
                <TextEquiv>
                    <Unicode></Unicode>
                </TextEquiv>
            </TextLine>
            <TextLine id="r2l25" custom="readingOrder {index:24;}">
                <Coords points="2206,3338 2229,3327 2315,3331 2338,3318 2398,3337 2489,3321 2559,3336 2559,3196 2498,3191 2437,3220 2411,3198 2391,3213 2352,3206 2273,3165 2236,3186 2206,3183"/>
                <Baseline points="2213,3278 2239,3277 2265,3276 2291,3276 2317,3276 2343,3276 2369,3277 2395,3278 2421,3278 2447,3279 2473,3279 2499,3278 2525,3276 2552,3272"/>
                <TextEquiv>
                    <Unicode>Bekanntauß</Unicode>
                </TextEquiv>
            </TextLine>
            <TextEquiv>
                <Unicode>133
Ausßaagen auff getahnen nachtsatz bey un seren ey
dan zu recht erkennt und gesprochen.
daß

Gedachter Babriel Briner von Haildrin Unfrid
dem von sicherheit in insticherheit erkannt und allsin
gutd zu unserne handen verfallen seyn, Anbey der
Gtäster Babriel Bruner unsere statt landt um
gebirt für ein hundert und ein jahr verlahren haben
und selbige fürohin nicht vlehr betretten, auch ( wo
Ern darung ergriffen wurde nach dieser unser statt
sern recht und sazung mit dem schwert vom Leber
Octum
zum todt hingerichtet worden solle.
Coram 200. den 25 novembris 1732
teg vorlesung der fasrmotion es myl kenen 
haubermeul in der shaus getrafften, sß glan
ehr gnommen befohlen, da� demm geliner kahf grug
eden. Nach demn er  herr etos
Mehte Rachties
  itt en


Bekanntauß</Unicode>
            </TextEquiv>
        </TextRegion>
    </Page>
</PcGts>
