4032 3024
313 422 1451 656 Dieser alles seye in einer solchen geschwindigkeit
345 587 1441 699 hergegangen, und habe bey Ihro einen solchen
340 638 1446 765 entsezlichen schrecken verursachet, so daß sie
347 705 1446 824 mehrere umbständt nicht erzeigen könne. als
331 770 1457 912 Sie eine Zeit lang allso auff dem betth sich befan¬
329 837 1425 971 ode kamen Etliche herren und auch nachwerts
338 910 1449 1071 Chijrurgi daher, von welchen dann sie besor,
332 982 1430 1116 iget worden. Fande sich daß ihre schwester
338 1060 1205 1185 Paar Todt auff dem Boden Lage¬
302 1200 1439 1341 2. Magdalena Vogt von Sigriswyl die
336 1294 1437 1419 Dienst magd von etwann 50 jahren alters
333 1357 1439 1494 in der Innsull Kranck Liegend. zeügete.
304 1443 1459 1589 Kurtznach 6 uhren klopffete jemand zweÿmal
306 1536 1442 1673 hefftig an ihrer haußfuhr; Sie gienge hinnn
321 1622 1423 1743 ter zuschauwen wer es seyn mochte; offnete
318 1696 1467 1788 die mit dem Riegel verschloßen gewesene hauß
309 1766 1459 1872 Tühr, fragte wer geklopffet habe; Da fragte
310 1860 1434 1995 derselbe, ob die Tochter Zechender von Erlach
315 1931 1444 2069 bey hauß wären. Demme sie mit jageant
310 2004 1435 2148 wortet, Darauff sagte er, er verlaggte
315 2092 1399 2238 Etwas mit ihnen zu Reden, Sie fragte
289 2198 1459 2326 Ihne umb seinen Namen, dann Sie Ihne zwar
308 2262 1454 2408 vorhinwohl gesehen, dennoch bey dem Namen
313 2333 1438 2477 nicht erkannte; Da antwortete selbiger
314 2395 1446 2563 Er seye in he wagner. hierauff Sagte Sie
288 2524 1457 2645 Sie wolle gehen denselben anmelden, meinen
311 2591 1457 2733 er werde vor dem hauß warten. sie grnde
308 2668 1440 2805 hierauff, meldete in der taht solchen bey
308 2740 1451 2880 denen töchteren an, so beyde in der vorderen
305 2810 1453 2949 stuben waren. Und als sie die vorhor
295 2889 1436 3070 zugesagt, sie gezeügen darauff die Stuben
312 2962 1442 3105 fuhr aufftahte und ihne hinauff holen wollte,
305 3042 1452 3176 befande er sich albereit obeiher der stegen
320 3124 1443 3254 im gang:. Die Tochteren Ließen Ihne in
324 3174 1469 3358 die stuben tretten mit früntlichem empfang
307 3248 1436 3384 Sie gezeugin begabe sich in die Kuchi umb etwas
321 3313 1438 3462 uber das Feucr zu sezen; ohnlang hörte Sie
1259 3446 1362 3522 ein
2615 96 2762 214 989.
1577 279 2763 709 g
1551 372 2752 783 gewrde
1561 440 2729 841 o
1568 492 2760 899 ges
1552 637 2723 1019 eteealte
1557 685 2746 1048 en en e
1566 799 2747 1117 vilen, als sie bey der tuhr im gang ware
1566 881 2710 1203 kaur der bößwicht mit ungestüeiigkeit
1572 974 2727 1295 auff sie zu gabe ihra viel grausamme streichen
1584 1069 2720 1369 und stihen, so daß das blutt hänßig herunder
1565 1185 2701 1476 floße: Sie verhüllete den Kopff in Ihr auff¬
1571 1309 2711 1556 genommens shürtuch, könnte die stegen hing
1581 1406 2732 1625 ab entweichen, da begegneten ihra zwey in¬
1566 1507 2737 1696 bekannte herren miten im haußgang, denen
1561 1596 2737 1775 Sie die morderey so gutt müglich klagte, mit bitt
1564 1668 2744 1863 sie sollten zu verhüetung mehreren ungluks
1562 1786 2720 1954 hinauff gehen, Da wurde sie von dem einten
1579 1894 2752 2036 in die schar-stuken geführt, als sie auff ober
1564 1983 2749 2114 zehlte weise angefallen worden, habe sie ihres
1564 2094 2721 2210 Bedunckens die bey de tochteren nach in der
1558 2166 2707 2312 stuben herumb Schwapplen gesehen Actum
1695 2229 1891 2301 tn gembris
1570 2248 2049 2353 den 5: a. 1736.
1653 2415 2336 2603 Relatio Bledica
1569 2639 2751 2866 Hochgeachte etc. Gnädige Herren.
1558 2773 2802 3102 uff Eree Gnaden hochen defelch haben wir
1587 2921 2813 3200 endts underzeichnete ansehend den in der bereits
1590 2966 2791 3278 Todt gefundenen tungfrl Zechender sich ereignete
1571 3028 2790 3388 lasiones nach folgende Relation in Andertha¬
1578 3120 2324 3379 De dersen achisten
1571 3242 2783 3594 eg
1606 3372 1789 3499 Vorden
1589 3336 2695 3616 seinen schlag empfangene wunden gefunden
2404 3605 2770 3771 E. befande
