4032 3024
431 476 1441 655 bey diesem bendicht munger zugesprochen und
427 574 1450 712 ihme angezeigt habe, sein bruder Peter mun
440 647 1463 781 iger habe als Knecht im Neuwenburgischen ge¬
445 703 1437 868 edinget und gewünischt, daß er auch dorthin
432 776 1428 897 kamme, der Hanns Niggeler habe Ihne biß
439 828 1461 989 zum dorff begleitet und das hauß gewiesen
274 986 488 1085 1. apt.
344 972 1451 1153 4. Daß über obiges vorgeben gedenter bendicht
413 1076 1468 1203 Munger mit ihme Mooser dorthin nach motier
426 1173 1447 1284 fravers gegangen, den herrn capit Lieut. Roii
429 1236 1436 1349 dißeits underwegs angetroffen, mit dem
419 1304 1429 1419 selben geredt und von ihme nacher Covetin
393 1385 1414 1488 sein Hauß gewiesen worden, allda Sie über
420 1437 1442 1574 nachtet, da dann bendicht munger deß volgen
418 1509 1432 1653 den morgens frühe hinweggeführt worden
424 1618 545 1724 seye
425 1640 1464 1785 Diesers wirt von Nilaus und Hanns Niggeler
431 1756 1426 1872 Vatter und Sohn allso gezeuget; daß diesel
405 1837 1399 1949 übigen zu Motier pravers anlangen und
421 1892 1447 2026 ins wihrtshauß gehen gesehen, dahin herr cap
415 1982 1432 2093 Lient. Roi dem bericht nach sich auch begen
414 2049 1451 2162 eben und den bendicht Munger angedinget
415 2130 1440 2243 und in seinem hauß so wohl verwahrt ge
408 2190 1456 2310 halten habe, Inmaßen Sie, als Sie selbigen
411 2262 1437 2390 abends denselben heimsuchen wollten
397 2341 1278 2459 ihne zu sehen nicht bekommen könnten
382 2413 1442 2582 Hingegen sagte er mooser beharrlich, er habe
402 2528 1420 2645 dem bendicht munger dorthin geführt in
400 2597 1463 2714 meinung herr koii werde ihne als knechtdingen
418 2667 1449 2780 und als es mit demselben zu sovet angelan
419 2721 1440 2831 iget und allda übernachtet, habe derselbige
434 2797 1455 2920 vordentet er möchte seinen bruderPeter sehen
391 2861 1451 3006 Ihne maoser ersuchend mit ihme dorthin zu
412 2957 1440 3068 gehen, weilen er aber sagte, daß er solches
416 3011 1430 3139 nicht an der zeit habe, so habe deß Mezgers
390 3100 1419 3211 sohn aus dem dorff ihne dahin zu führen
416 3159 1456 3280 angebotten, Worauff selbige mit einanderen
396 3209 1415 3347 fort, er maaher und sein weib aber nacher
393 3290 1419 3420 hauß gegangen eherbevor der herr Rog zu
411 3356 1433 3484 rnk gewesen: seithero habe er weder den
2589 349 2699 426 191
1563 402 2744 587 den einten noch den anderen nicht gesehen, auch
1557 500 2320 666 deßtwegen nichts empfangen
1540 598 2738 785 Hans dem von diesen beyden bruederen mungen
1560 682 2669 863 von Stenari ans Löttringen geschriebenen
1562 747 2714 942 siff erhallet, daß sie under herren griga-
1564 828 2746 1036 dier wiedeiners regiment darinnen herren dogi
1544 891 2707 1082 sonitur ieut seye in französische diensten
1555 971 2738 1173 gekommen und sich beklagen mit gefehrd übel
1561 1062 2723 1226 angeführt worden zu seyn, in maßen sie mit
1560 1123 2720 1299 wang in diesen kriegsdienst gerahten und
1552 1195 2732 1404 ihnen das versprochene nicht gehalten werde.
1547 1313 2711 1482 Dannethin ward er mooser geständig, er habe
1569 1403 2703 1589 nachwerts im hingehen nacher cspendeo zu
1572 1488 2690 1654 mude bey gedachter Mungeren schwäger als
2357 1561 2523 1631 f
1568 1551 2760 1712 deß herrn Shormanns lechenleüten zugesprochen
1556 1636 2779 1803 daselbsten habe er dem Knecht Andreas Papst
1575 1729 2785 1877 ben grad seinen abscheid bekommen, auff befragen
1578 1839 2750 1924 verdentet, daß die beyde gebrüedere muager
1570 1898 2747 2001 hinder neüwenburg als knechten in guten
1576 1981 2721 2109 dienst getretten. Worauff hin er Papst
1559 2068 2772 2190 sagte, Er wolle auch in diesen dienst dingen
1581 2147 2790 2277 Er solle ihne dorthin führen, all sobald habe
1569 2216 2748 2363 erselbigen auch nacher covet zu herrn Roii ge-
1566 2324 2775 2471 führt, allwo er ebenfahls gleich sich dingen
1571 2389 2562 2537 laßen, alles in meinung als knecht.
1537 2458 2802 2646 So habe er auch den Nuelaus bart von Radelfin,
1571 2580 2803 2742 igen zur selbigen zeit, da er wie gedacht, über
1566 2636 2765 2813 Dättlingen nacher Hauß gegangen, allhier
1575 2712 2806 2909 in der bym bären angetroffen und befragt
1573 2777 2771 2996 ob er mit ihme nacher Neuldenburg zu Reisen
1573 2878 2704 3060 wollte? wüßende, daß er zu Pferten in
1583 2938 2798 3168 arbeit stuhnde, Von ihme aber zur antwort
1576 3007 2736 3229 Erhalten, er seye in seinen geschafften noch.
1586 3095 2804 3325 nicht fertig. Einiche wuchen hernach habe
1567 3167 2732 3396 gedachten bart zu Pferten angetroffen, mit
1569 3231 2780 3487 ihme sich in ein gesprach eingelaßen und under
1581 3313 2759 3571 anderem demselben verdeütet der obgedachte
1563 3387 2774 3664 herren roii zu Covet dinge allso knechten, selbiger
2527 3663 2707 3761 mochte
