4032 3024
677 103 1071 235 6. dide A 9en
797 179 1550 333 Zumm eptten Ruß zum frsten mahl
790 278 1465 392 zum cliitten Gast zum Andegen
1465 308 1588 380 Mahl
776 357 1603 480 zum gritten raß zum gritten mahl.
688 473 1101 623 32 Vde A 10.
674 646 1581 767 38. Man allso der antborung auff die
687 724 1660 841 erermahlige ltation nit erscheent, Jo jezt
679 785 1632 926 heer fläger zum sailten ob sit weilen der
683 871 1612 977 Antborter auff beschechene sitationen und
680 952 1675 1052 sorntlich pusticierte proclamation deß drotten
693 1010 1645 1127 und leßten landtages nit erschinnen mit der
680 1069 1659 1213 Urthel sit fert zufahren, wrdt zu Erst an.
683 1173 1664 1307 gefragt Am durche die ainfrage erkent sa.
691 1314 1654 1458 39 herr flägen wirdt umb seine ee
676 1414 1569 1521 nung der end urtheil halb angefragt
1036 1494 1088 1555 3
683 1545 1675 1645 40 herr fläger Urteilet. Dlaß weilen der
678 1609 1669 1732 gethäter flüchtigen fuß gesezet, inmaßen
679 1686 1666 1814 er beder amm ersten anderen noch drotten
688 1747 1646 1887 angesezten sondtag auff die offentlich
683 1830 1636 1968 und formklich beschechene rußt such nicht
677 1925 1635 2048 vsor recht gestelt und über die verübte
701 1995 1623 2133 that sich versprochen und verantbortet
682 2070 1675 2209 habe. Als solle gedachten 1k ohe frond
676 2144 1653 2289 In anfriefen, von sicherheit in anicherheit
683 2223 1592 2366 erkent und als sein guth zu handen
683 2309 1678 2431 meiner gnädigen herren und oberen per
682 2391 1691 2523 follen sein Anbei der gethäter der statt
681 2466 1639 2601 iern londt und gebreth für einhandert
698 2543 1660 2666 und ein jahr perfohren heben und selbige
687 2596 1616 2740 fürohm nacht mehr bestretten, auch ( so er
695 2677 1619 2818 darinn bettreffen bindeis nach der staff
694 2743 1639 2883 Bern racht und soßang mit dem schpörth
1940 148 2979 301 Schwahrts vom leben zum Todt eingerichte,
1944 266 2239 365 werden solle.
1918 325 2961 498 46 nach gehaltener amfrag birdt dinses
1925 452 2078 589 Erskant
1924 561 2972 698 42 herr fläger begëhrt der erhaltenen w
1927 637 2916 806 theil ein arfund, wirdt ertheilt, begibt
1927 734 2641 860 sich widerumm an seinen plaz
1927 825 2960 982 93 der grichtschreifen lißt die urtheil kürch
1929 943 2515 1071 inn den großen schuben ab.
1924 1005 2941 1168 49 die fleiden geß entleibten berden auß
1918 1127 2919 1235 den großen stuben pro den richterstahl
1943 1220 2156 1327 getragen
1916 1267 2961 1460 4 ne gnedige heren den und  tretten
1925 1393 2913 1520 In gater ordnung in den Ring von den
1925 1495 2190 1581 richterspahl.
1924 1560 2913 1679 46. Wann der ging geschloßen, rußft ein
1931 1657 2880 1782 Weibel. Ist Nn. Mirgends hier, er trette
1936 1732 2930 1832 hesson und stelle sich vor racht zur ferant
1925 1801 2926 1918 hrstungen zum ersten mahl zum ander
1922 1886 2615 1989 mahl und zum elritten mahl.
1903 1980 2930 2110 47 Eißt der grichtschreiber die urtheil ab
1911 2082 2184 2185 Wie folget.
1903 2166 2927 2316 48 wir schultheiß flein and große rahte
1918 2260 2923 2391 der statt gern Urfundend hiemit demnach
1913 2360 2907 2451 Dn 2 mr gon seines alters
1915 2436 2855 2514 Da und da. 1 Au NN. 1 von Mn
1900 2495 2918 2615 deßen fraurige wahrzeichen gegenhertig bei
1912 2572 2895 2696 der stell jindis einen fedtschlag begangen.
1906 2657 2901 2771 dohero Er Nn. flüchtigen fust gesetzet zu
1892 2709 2901 2836 maßen er beder an demm ersten anderen
1919 2798 2892 2904 noch drotten angesezten sondtag, auff die
2617 2880 2855 2974 öffentlich
