4032 3024
322 3126 382 3187 N
331 500 418 653 1
613 508 1328 682 Criminat Procedus.
629 628 1430 829 por Anna Haußwihel
404 789 1455 960 Nach deme den 18 t Martii diß 1736t
427 886 1429 1058 Jahrs im laut Gebohrenes uind mlämnlichen ge
431 969 1451 1119 eschlechts daußen in dem worblen sach unterle
434 1061 1427 1211 der Papyr Rühlen todt gefunden, der vor
428 1141 1426 1297 acht dieser verubten untaht dann über vor
435 1224 1397 1384 gegangne mittelst einer darauß gesezten
443 1320 1421 1449 recompeno von 50 th 7 hoch oberkeitlich ver
430 1390 1451 1541 ordnete nachfarhung auff diese Anna Hauß
424 1491 1449 1630 Witzel, des Peter hauß Wihrts Pappe, Na
414 1584 1442 1732 ichrd von Riechmn basel gebut ehrliche lach
420 1680 1434 1825 uer einihe tag hernach gesetzt, Sie darüber als
426 1763 1403 1902 verdächtig vivitiert und eine lind bttherin
774 1850 967 1904 deß wegen
436 1843 1417 1984 zu sein erfunden ein verkhafft gezogen, die
429 1924 1420 2048 bestimmte zeit im spittahl besorget und dann in
430 2004 1417 2112 die Obere gefangenschafft genommen, volgend eo
442 2076 1435 2202 auf Itr Gtl befelch daselbstan zu dreyen Ver¬
1229 2163 1270 2219 3
423 2152 1426 2290 schedenen Mallen beider durch meinen hochgetheten
422 2228 1450 2371 herren rachtsHeoren Morlott als hinrzu ver
412 2309 1456 2450 namsetun herren v examinatore Wie auh methe
421 2395 1440 2549 Berßweybel Gridmeychund nich den geicht
414 2485 1455 2600 schreiben von Gra Znrndt den 20tn aprilis
416 2561 1441 2697 3 und d3t maii güttlich und ernstwörtig
434 2649 1441 2778 mit betreüb, denoch ohne zug noch untandung
436 2711 1441 2856 der Marter cocaminiert und zu Red gestaßen
426 2808 661 2916 worden.
788 2818 1442 2962 hat dieselbige Nachbescheibnn
444 2889 1432 3046 bekannt nuß und vergecht erteillt und vor sich
436 2987 622 3096 begeben.
480 3089 1437 3259 Al Stenblichen, So zeigte Su an, Ich
460 3199 1417 3332 Vatter seye annach bey leben, die Muter aber
1217 3308 1304 3392 vor
1514 1849 1585 1941 3
2657 303 2761 387 195
2560 351 2691 489 Si
1598 361 2570 601 Vor Alann d Jahren verstorben.
1619 475 2705 693 set zwar zu kiechen in dem basel gebit
1613 530 2750 765 dazeyen, dannach aber dausß in bey der Pfapiro.
1591 613 2740 832 wichlen in der Kirchäri Sollingern gebohren und
1622 680 2743 907 aufferzogen, auch nicht allein von dem elteren
1631 764 2776 1022 un erlehrnung eefonderlicher hauß arbeit, sondern
1600 842 2749 1103 auch gebührender maßen zur schühl und under
1606 941 2745 1186 writung in der redigion angehalten und dann
1612 1031 2740 1265 von dem pfarrharren zur heyl communion
1605 1214 2068 1353 amottirt worden.
1514 1248 2767 1517 2. Deni habe sie zwey jahr lang altgier in der
1618 1327 2777 1560 statt vor der muter absterben gedienet, seit.
1594 1440 2743 1661 hre aber ihrer vatters hauß haltung besorgene
1614 1507 2723 1708 merßen und sonsten wiergends andrerwärtig sich
1623 1660 1915 1802 Auf gelhalten
1597 1776 2784 1946 Gostege sie zwar schnerehelichet, habe aber ver
1627 1840 2729 2023 gangenen jahrs in heütungszeit von Marthi
1610 1925 2788 2109 Wahlich sohnauß dem kein einem ledigen jung
1640 2044 2777 2184 ling ohne gemahls beschehene eheversprrchung sich
1630 2122 2438 2251 schwähern und schwängeren laßßen.
2526 2120 2810 2252 Solchiher
1628 2204 2786 2352 Schwangerschafft dann auß Allerhand kennzeichen
1608 2284 2750 2440 wol gewahren können, dannach selbige weder
1631 2361 2771 2523 obgedachtem Kerl noch unser gemandem anders
1624 2463 2788 2614 nimehls angezügt und großenbahret. Ia ellige
1625 2525 2788 2719 so wol ihrem vatter als auch der papyr Mühlin
1604 2605 2800 2818 wirten und einer anderen nachbaurin von donen
1623 2679 2724 2879 Sie darüber zu Rad gestoßßen worden, nicht
1635 2757 2365 2948 bekennt und hinderhalben.
2379 2843 2709 2988 Weilen sie
1635 2824 2787 3088 schwarger zu seyn in zweifel gerehten, auß ursach
1662 2943 2752 3139 eine gewißden sr glautonernn Die sie über
1618 2987 2802 3263 ihren kebs zustandt, ohne dennach die gepflo
1635 3107 2741 3333 ihme geurgschafft zu eröffnen consultiert.
1644 3169 2783 3447 ihre vordeitet, die habe sich verhaltet und dardurch
1674 3258 2768 3538 verderbet und also von inicher schwangershafft
1666 3329 2007 3475 ch gemeldet.
2532 3533 2637 3643 Am
