4032 3024
438 519 1455 688 gewaltthätig und erbarmlich umb das leben
446 630 1366 752 gebracht habe und durch solche graußame
451 680 1441 816 und frefelhaffte untahten etc. Blub schulden
440 773 1449 886 dem ganzen land auffgeladen werden
421 842 1421 958 könnten. Andersiihs dann aus deß
434 914 1442 1040 von gott dem allerhochsten regenten zu
423 1003 1455 1126 bestraffung dergleichen übelthaten anver
419 1077 1452 1193 strauwten hoch oberkeitlichen ambts und dar
426 1143 1432 1273 an hangender pflichten errinneret, als
393 1231 1443 1357 habend wir darauffhin bey unseren eyden
417 1316 1225 1448 zu recht erkennt und gesprochen
362 1452 1432 1586 daß vor allendingen dieser belinquentin
384 1533 1425 1661 Theure Seele in die hand Ihres Erlosees
422 1608 1428 1733 und Seligmachers anbefohlen, Ihr leib
413 1678 1414 1803 aber zu Wohl verdient er jedoch
411 1764 1432 1889 gnädiger straaff dem scharpfrichter
413 1848 1416 1982 übergeben, durch denselben gebunden
410 1920 1425 2035 obenaus auff die gewohnte richt-statt
411 2012 1435 2140 geführet, daselbsten zum excempel und
403 2093 1426 2214 schreiken aller solcher anderer miße
410 2168 1409 2300 thäteren mit dem schwert ihro das
394 2253 1428 2383 haubt abgeschlagen und all so sie vom
385 2327 1437 2454 leben zum todt hingerichtet, der kor-
409 2430 1418 2548 per dann nachwerts an das gewohnte
420 2502 1438 2616 verschmachte ort verscharret werden solle.
397 2585 1419 2699 actum coram 200 den mr decembris
405 2655 1468 2771 1735 prrdmulpiere und exeqieret den 3t
414 2743 792 2873 decembo 1639
2577 479 2664 565 187.
1619 488 2584 674 Summarische Crmminal-procedun.
1639 607 2637 756 Welche gegen Hanns Meooser gebürtig
1715 709 2503 851 von Groß höchstetten vorgangen.
1618 876 2674 986 Sieweilen dieser Hanns Mooser seines alters
1638 942 2676 1058 von etwann 30 jahren von Peter hauber ge-
1629 1016 2655 1136 bürtig von groß asfolteren ambts arberg
1624 1083 2659 1214 angeklagt worden, als hatte von Meghenen
1617 1151 2698 1264 Anderthanen listiger weise aus dem Landt
1627 1238 2692 1345 gelocket und betrieglich gantz unerlaubt
1621 1298 2691 1443 in ohn ad vociierte Kriegsdienste hingege¬
1622 1354 2707 1502 eben und verführt, ist derselbige aus verord
1621 1452 2709 1578 nung mehnwhln der recruecammer an
1617 1530 2704 1657 fänglich zu Pferten, hernach aber allhier in
1636 1594 2716 1720 der oberen gefangenschafft in verhafft gesezet
1629 1667 2728 1792 die erforderlichen informationen von wohl
1636 1759 2740 1877 ermelt michnlohen eüber ihne auffgenomn
1623 1826 2709 1959 men, Verschiedene Persohnen als kundt¬
1610 1907 2678 2041 gchafften verhört, er auch selbsten zum
1615 1982 2751 2110 offteren deßenthalb durch wohl ehrengedach
1624 2084 2754 2195 ste cammer guetlich und ernstwortig und
1631 2135 2673 2258 dann aus ihr Gn befelch sub 7ten
2462 2206 2526 2278 ver
1601 2211 2716 2319 Decembris 1735 von minlohen Groß
1615 2288 2713 2424 Weybel Freuw denrych und Grichtschrei¬
1625 2376 2747 2501 obern von Graffenriedt mit zuthun eines
1606 2456 2710 2574 herren Apsessoren gesagter hochen Cammer
1618 2547 2691 2666 mit betreül und zeigung der marter
1630 2617 2705 2743 und deß Scharpff richters excaminiert
1634 2696 2701 2818 und zu Rted gestoßen worden; da dann
1633 2767 2740 2879 teills von denen vernommenen kundtschaffen
1615 2848 2722 2994 teills dann durch sein moosers selbst eye
1625 2936 2653 3073 igene bekanntnuß nachbeschriebener
1632 3011 2704 3142 umbständtliche verlauff heraus kommen
1624 3098 2581 3216 und an tag gebracht worden ist.
2271 3226 2463 3374 Als
