4032 3024
362 497 433 603 10
503 486 1426 648 hrnn den selichen auf zu fihren in de
508 603 1444 713 shallen werdk anzunemmen und die behörige
509 650 1416 793 vnstalt vorzuberhalen, daß die sere urteill
498 735 1111 887 in ihme cxequiert werde.
491 827 1153 972 Mt. Obstatd Coram 200.
484 989 1402 1244 Behanlunß und Vergust
384 1263 1432 1436 Ee Mearia Weibel gebürtig von See-
479 1370 1471 1476 wyl in der kirchhore Kapfers wyl von etwan
700 1448 1149 1556 25 jahren alters.
432 1546 1412 1703 Nach deme bey Mughl den rähten die
457 1674 1436 1771 bedäürliche nachricht eingeloffen, Wie daß
449 1744 1412 1832 diese Maria Weybel eine unterehelichte
430 1799 1469 1909 Weibs persohn leztmahls zu Seedorff ambts
424 1866 1428 1982 Triemsperg bey Abraham Tiefenbach zuge¬
433 1935 1436 2052 nant Studen, Abraham dieuend freitags
442 2008 1398 2119 den 1 octobrio d 1735 nach
429 2077 1438 2182 4. Uhren abends zugemelltem Seedorff auff
431 2150 1452 2260 einer lauben in geheumb kindts niderkommen
413 2222 1453 2330 auch albereit die bekanntnuß gethan habe, diß
397 2288 1420 2401 ihr zur welt gebrachtes im eheliche kindt gleich
418 2362 1451 2471 nach der gebürt verwahrlooset, ja mit gewalt
412 2432 1445 2538 sthatiger handt deß lebens beraubet zu haben.
400 2500 1440 2612 habend ihr gonaden hierauf diesere delen-
412 2591 1461 2673 quentin gewahrsammlich allhero in verhaft brinen
402 2648 1462 2766 igen anfänglich biß zu außgang der gewohn,
402 2727 1466 2825 iten kindtbetthi zeit im spittahl verwahret ent-
407 2801 1460 2929 halten und hernach in die obere gefangenschaft
406 2875 1443 2976 ezen laßen, allwo aus deroselben hochen befelch
406 2943 1466 3058 Diesere weibs persohn bey des durch meinen hochge
392 3008 1443 3135 fheten herren rahtsherren naar als
403 3087 1429 3175 Dn ehren mittler hierzu verordnetem hrer
757 3158 1394 3216 dieh hr dienen wy�er gruht
385 3141 1448 3268 examinator Wie auch mundhl Großweybel
355 3215 1452 3343 Bbraham Frendenrych und grichtschreibern frantz
355 3303 1455 3430 Ludwig von Graffenried den lezten novembris
1250 3410 1368 3505 und
1556 406 2711 597 den  decembris geahn bey des
1625 479 2729 632 in der guete ohne einiche betreüwung der marter
1622 543 2719 721 über sothanes verbrechen examiniert und dar-
1621 611 2736 808 ddurch nachbeschriebene freywillige bekanntnuß
1944 692 2354 778 von ihro erfalsen
1623 696 2555 866 und vergichttag gelegt wordenist.
1602 852 2738 996 Abs namlichen und für das erste zeigte sie
1630 916 2757 1091 an, ihre elteren beyderseits seyen lengstens abge
1636 990 2759 1146 storben, die muter alldieweil sie delinquen
1626 1059 2751 1231 vie und ihre vier geschlousterte annoch unerzogen
1620 1136 2713 1276 wagen, da dann dera Vatter mit Namen Hanns
1628 1193 2766 1339 Werkel) so auch vor d4 jahren ohne zurucklaßin
1628 1276 2758 1434 zeitlichen guts hingescheiden zue anderen ehege
1622 1355 2761 1503 gschritten und das glück gehabt seinen kinderen
1649 1423 2708 1583 eine solche stieff mutter zuzebringen, die da
1628 1506 2752 1661 ihnen eine sorgfältige aufferzeuchung mitge
1645 1587 2731 1714 teilt, sie zur schul gehalten, biß daß sie in
1644 1647 2737 1800 dienst zutretten erwachsen und tüchtig worden
1629 1733 2686 1858 seyen, Sie Delinguentin selbsten habe bey de
1641 1816 2778 1931 Cathechiomos außwendig erlehrnet, von Herren
1638 1881 2745 2003 Predicant: Zū Rapffers wyl die Religions
1640 1972 2797 2084 underweisung und dann auch die heil communi.
1645 2044 2033 2146 1on empfangen.
1661 2137 2787 2284 2. Jan sie wie gedacht zu guten kräften gelang
1650 2231 2788 2341 oget, habe sie aus mangel zeitlicher mitteln als
1669 2290 2745 2426 dienst magd an verschiedenen orten bey 9 jahr
1647 2355 2774 2471 lang sich auffhalten müßen, dennoch aber jeder
1643 2421 2779 2563 zeit ehelich fromm getreüw und arbeitsamm ich
1646 2493 2712 2619 auffgeführt und erwiesen, gestalten keine
1651 2555 2810 2728 ungute klag jemahls ihrerthalb erfolget, außere
1666 2645 2814 2812 daß sie leyder in gegenwärtigen unglükhafftig
1651 2691 2779 2872 igen und höchstbedaurlichen zustand gefallen
1648 2797 2771 2988 Da sie namlich zu dieters wyl bey Müchel Stahli
1647 2865 2763 3026 biß aufflezt verschienene Osteren in diensten
1648 2936 2776 3118 gewesen und von einem gewüßen schumacher
1626 3004 2753 3211 Niggi, so ein lediger kerl sich besuchen, zu
1649 3089 2784 3287 offteren mahlen beschlaffen und allso sich schwan,
1656 3139 2760 3368 geren laßen, ohne daß sie einiche ehever
1645 3223 2775 3442 sprechung von ihme begehrt noch erhalten habe
2475 3448 2572 3586 55
