4032 3024
524 494 1533 675 Wie uch einen deppalten diecettes stempfel
533 579 1511 750 zu petierung des teunk, werded verfertiget.
540 657 1537 825 um die schmi, ater durch den hunse schmind zu
525 737 1517 897 hohen hengen zurüsten laßen, gestalten alle
507 824 1491 976 praparatoria zum Nunken zur stell gebracht
533 942 676 1037 Warei
531 1018 611 1077 E
518 1035 1522 1164 8. Ander habe er auch einen Stemnpfel zu Alb
524 1135 1503 1276 sold, duplonen wer a vmperrare verferti
509 1216 1495 1365 sagt, welcher aber in der härtnung zersprungen
521 1299 1485 1418 und auch einem anderen stempfel von Frantz
524 1389 1489 1512 Jubl a la M avarres, der ann niemahls
503 1467 876 1598 gehertnet worden.
496 1618 1490 1802 D. Do seye sein jinger sohn ernamel Schmid
525 1722 1479 1859 der ein heilen lauwer mit seinem vatter auß
497 1805 1462 1959 anlaß der silen mactrine in untynigkeit
493 1878 1499 2011 Geralfeng auß dem schloß weiß wasßerstelzen
511 1966 1478 2088 Hinbaggn und in das schloß Rötelen hingegangen
508 2030 1468 2165 daselbsten von dem obervogt ohne das vaters
509 2123 1475 2236 begrüßung angeommen und bey w oder m
479 2175 1471 2315 wahen behalten worden, allles der sohn zwey
464 2266 1485 2402 Spannische Quadruptes Stempfel mit weren
479 2342 1480 2463 Sänlen von Sern ohne vorbüßen des vatters
488 2406 1496 2540 gemacht, zu Welcher arbeit der obervogt Graab
467 2488 1328 2635 Stikl und seilen etc angeschaffet habe.
476 2615 1481 2752 N. In so weit erd sich verstier habe ending dem
472 2692 1485 2808 Weißel schlaß vier oder zunf Stücklin gold
495 2756 1487 2890 jedes Eiges ganz ader halben biegert lang beides
489 2831 1458 2982 van dem obervogt und daßßen ehefrauwen emp
478 2914 1466 3059 fangen und verartrikt. Auch habe mann ihme
485 2967 1501 3137 3. Der 4 stüelig von sillers und Weißlupfer
490 3048 1419 3208 vermishet gewiesen, die erd aber wegen deren
488 3123 1477 3288 Scheüfen halte nicht abgeommen, sonder dem ober
473 3205 809 3306 vogt überlaßen.
1247 3285 1442 3426 M. Als
2727 475 2805 566 41
1783 548 2774 701 1. Ald kinmahls nach slittag die oervögtig
1797 626 2819 778 schnofs zu ihme schmird in dar wiße schloß
1804 723 2808 858 in die arbeit stuben hinkommen und die von
1795 804 2820 951 denn zugerichteten unplonen stempfele ver
1777 895 2797 1041 handen gewahene larten abtruch beschauffet.
1789 968 2806 1119 habe sie nachwerts eine peob auß gold dar
1771 1072 2779 1215 von zu sehm verlanget, Daraufhin er
1777 1140 2795 1297 Schuued all iw eit sie im weißen schlaß sic
1784 1233 2813 1384 auffgehalten auß obigem golt von jeglichen
1754 1314 2752 1478 Stempfel zu allen komo sr zweg oder
1782 1392 2771 1536 der stüc und grob gepragen. Weilen
1784 1477 2809 1635 aber die latern alzuschlacht geweßen, habe er
1775 1553 2790 1698 selbige wiederumb zusamen geschmolzen, nit
1760 1651 2790 1804 mlehreren guten zu satz verbeßßeret und gleich
1768 1724 2791 1855 wirderumb vermünt et, also darauß in allen
1762 1812 2784 1953 30 biß 35 stul genacht, die dann schun
1783 1896 2763 2030 und sauber herauß wiren und dem obervogt
2752 1908 2800 2020 1
1767 1969 2600 2112 zu seinen handen gegeben worden sind
1749 2080 2821 2275 N. Von dem doppelten Piceltios Stemp feld
1768 2191 2808 2344 habe er im stuckl in dem im Hoaff umgepraget,
1766 2259 2818 2414 und von dem durkonen, Stempfel a ia Navarro
1761 2337 2798 2479 einen Abtructe auf Karten annacht, so dem s feÿe
1746 2428 2797 2561 zur eocaminierung auf Basel verschickt, von ihne
1751 2481 2800 2650 dann für gut erkennt und wiederumb zurude
1748 2579 2119 2695 gesandt worden.
1735 2648 2782 2833 Obiges alles aber seye prapariert und zugerüstet
1735 2754 2786 2869 worden in erwartung eines erlangendem munt, dei
1734 2832 2775 2970 viligie, welches so wol als frob heltiges gold
1746 2906 2791 3036 anzuschaffen mann ihme jederzeit versprochen habe.
1737 2989 2779 3110 und wann deme wäre gnug getahrn und auter
1738 3056 2783 3201 gold angeschaffet worden, so wurd a erd freglich
1714 3129 2267 3267 weitert gemuizet haben.
2477 3250 2743 3369 13. Weilen
