4032 3024
1173 113 1652 266 zum Höerten anst
690 107 1091 271 2 Vede Ao 9
1165 239 1589 354 zum ersten mahl
694 313 1589 438 zumm zpeiter auff zum anderen mahl
673 397 1665 520 zumm zoeiten gast zumm eletten mahl e.
689 476 1123 586 19 Dide Ao 100
686 551 1131 671 20 Vide A 122
677 634 1667 801 2u das krfund wirdt herren eüner nach
683 751 1366 866 gehaltenen amfrag ertheilt
679 842 1645 955 22 gegehrt herr Neüer, daß demm godt
677 903 1658 1028 schleger zur erscheinung und verantbortung
678 988 1663 1115 der grotte zuttagi veremptorie obr gishe.
690 1059 1612 1181 hen tegen und ander drei wuchen ange
679 1123 1615 1258 setzet werde. Sezt solches zumm rachten
686 1204 1639 1331 birtt hierenß zu Erst angefragt uns
668 1291 1642 1413 durch die ammfrag der dritte landstag zu
674 1355 1674 1485 halten erkent de1 tag monat  jah.
671 1465 1665 1611 23 herr nonnen verlangt deßen ein w
665 1537 1680 1683 fund und deß brhund birdt nach gehalten.
675 1640 1271 1756 ner ummfrag ihme ertheilt.
673 1750 1635 1872 2 ihr gnaden herr schultheiß befehlt demm
688 1843 1628 1949 Herrin Großweibel denn Gritten constag veren
682 1909 1028 2022 fünden zu laßen
665 1992 1644 2096 25 her großweibel troffet hinaus und laßet
666 2061 1631 2189 Dürchen einen weibel zu oberst auff der reht
671 2112 1614 2234 haußstegen den dritten landtag gesfünden.
664 2226 1640 2362 26 den weibel gufft oben auff der stögen mit
678 2300 1578 2399 erhobenen stimm. Wer den thäteren n
663 2366 1654 2501 sechen und antreffen brrdt in steffen oder
674 2434 1656 2569 chorßteren ir folzeren oder felderen zu Poßen
674 2491 1643 2619 ino zu land oder so es immer sein der solle
655 2562 1630 2717 ihme verfunden, daß der erste und adere
671 2651 1624 2800 sondtag umb dlen trdtschlag den er an s s
663 2709 1644 2896 begangen auß heüt gormlich gehalten heyden
1479 2884 1566 2947 Sad
1924 85 2952 244 nd der dritte sonstag, ob vürzichen togen
1926 187 2938 327 und under drei wuchen namlich ansen 9 tag
1924 273 2915 396 e 11. monati jehr zu halten angesezet
1932 340 2927 492 sein damit er sich darzu verfügen könne
1923 435 2929 585 sich zu versprochen, dann dan er auch danzi
1928 519 2942 648 mahlen nicht erscherend und nicht begegnen
1924 619 2940 715 wurde mann alsdan inn einenbegen mit der
1935 659 2767 785 irthel bider ihne fürfahren herde.
1910 755 2914 899 sol ain de Boczampfion durch einen
1925 833 2963 981 wheibel ain rahthaus und an der seühgars
1923 949 2385 1064 angeschlagen beisen
1920 1016 2953 1181 e s j großweibel brittet binder harem und
1918 1111 2926 1239 vermeldet, daß die prostamation deß grotten
1917 1188 2927 1316 vodtagd bescheihen uns wirdt derauff die
1917 1262 2924 1396 thrren geschloßen und verfügt sich herr pennen
1915 1338 2505 1467 biederumb an sein orth.
2040 1466 2477 1591 spttter landtag.
1908 1577 2300 1735 29. Ode A 1.
2042 1714 2303 1815 Dide A 2
1915 1733 1977 1807 30
2038 1790 2322 1922 Ddo A 3.
2026 1921 2945 2058 Gisihlt ihr gnaden herr schultheiß dem
1893 1962 1992 2053 13
1996 2037 2772 2133 Großweibel die thuren zu oftnen
2246 2124 2363 2180 2
1904 2137 1964 2208 35
2011 2115 2949 2256 grottet der jangste herr Riüner ins seüz
1903 2193 2900 2326 begahret war racht wider den rodtschläger
1919 2282 2898 2396 imn nöhmen der statt zin verlaugt auch
1907 2364 2939 2476 daß er möje citiert und ihmme ihum drotten
1910 2430 2898 2540 mahl mächte hervon geraffen beyden sezet
1901 2495 2913 2627 solcher zum gechten wirdt hierauff zu erst
1897 2590 2912 2709 angefragt und durch die amnfrag die gritte
1910 2656 2300 2760 itation erkent
1894 2732 2316 2833 34 Vde A 175
1883 2797 2291 2910 35 Vede A 85
