4032 3024
378 396 1512 674 Gotthardts berg hin über nacher Lunen srey
402 552 1502 705 burg und biel verfüegt und daselbsten und zu
378 623 1491 792 Pieterlen im heüwet ein monat lang gearbeitet:
394 739 1489 935 Weilen um er gesinnet, ware etwann in einenm gant
388 826 1493 1012 frömden dienst und an ein solches ort hinzukommen,
395 920 1496 1073 allwo er von niemandem erkannt werden möchte
364 1007 1491 1136 habe er sich nacher Luzern begeben wollen umb eine
366 1088 1522 1254 solche gelegenheit anzutreffen. Da er von Pieterli
376 1161 1478 1311 her nach Buchsee kommen, habe er im kloster in
379 1253 1495 1408 etwas zuviel getruncken; Als Er bey Zollikofen
372 1362 1494 1503 angelangt, habe er sich umb etwann milch oder
342 1433 1497 1575 kirsen waßer zu bekommen bey einem hauß allde
377 1521 1482 1683 angemeldet, Und weilen niemand ihme be-
368 1620 1053 1770 scheyd gegeben: So seye Er
364 1721 1497 1886 43. Daselbsten zu Zollickofen tags am abend
361 1813 1491 1960 zum fenster hinrin gestiegen, habe in der nebend
349 1918 1451 2032 stuben auff einem frog Milch angetroffen und
387 1989 1473 2124 darvon einen guten trunck getahn, All da habe
364 2076 1441 2203 er ein paar hosen auffhangend gesehen, dieselben
363 2175 1465 2288 abgenommen, under, ob sich gehalten uid darinnen
363 2244 1489 2370 bey 9 b in gelt und einen schlüßel angetroffen.
365 2330 1469 2446 mit welchem schlüßel er so gleich selbigen trag
364 2393 1453 2534 auffmachen können. Als er denn deckel zu
363 2483 1468 2610 dem under-schlacht auffgestellt umb darmit
360 2558 1456 2689 den trog deckel zu halten, jahr er gleich zwey
342 2651 1478 2785 seckel und eine blatteren mit gelt versehen, welches
351 2734 1487 2865 alles er genommen und nach verschließung deßtrog
355 2818 1473 2954 darmit sich fort gemacht, Es belauffe sich etwann
354 2897 1476 3031 auff 200 th in gold silber und muntz gelt.
334 2985 1465 3124 Tags hernach Morgens zeitlich seye er zu Eschlins
339 3065 1449 3193 matt im Luzern gebiet ankommen, daselbsten
333 3152 1474 3273 habe er das silber und die muntz bey Italienischen
327 3206 1468 3348 krämeren auffgewechslet, weiters und auff Zürich
333 3275 1456 3439 sich begeben, dorten auff vorweisung seines tauff
1221 3414 1402 3522 Scheins
2654 482 2740 579 139
1644 548 2710 680 Siheins einen passeport bekommen und sich etwelche
1645 639 2688 763 kleydung auff den leib geschaffet, von dannen
1635 742 2733 852 seye er über stattgart biß auff Heydelberg ge
1648 791 2752 952 weyset umb etwann einen außländischen dienst
1654 872 2719 993 zu ffinden, woselbst er einen herren angetroffen
1657 934 2721 1094 welcher ihme verdentet, es könnte ihme zu einem
1652 1015 2749 1176 guten dienst an außeren orten niemand beßere
1656 1097 2724 1253 anleitung geben als herr Major Wezstein zu
1652 1192 2747 1340 Basel, derselbe habe bald in der ganzen wolt bey
1658 1257 2759 1407 kanntschafft, dahero er zimmermann von heidel
1640 1351 2705 1510 Oberg hinweg in einer dem kindenmeyer von
1644 1426 2785 1594 Basel gehörigen kntschen in begleit eines pfarrhe
1650 1527 2757 1662 deßen bruder und tochter über Straß Burg nacher
1641 1610 2722 1747 Basel Gereyset und allda sbeym Wildenmann
2209 1697 2722 1828 Tags hernach als Er
1645 1700 2070 1821 übernacht gelegen.
1642 1775 2760 1916 gedentem herren pfarrherren am morgen die fernun
1642 1857 2774 1988 ique accomodiert, habe er vor das steinernen jahr
1624 1941 2776 2074 sich hinauß begeben und den spittal-Kuher und die
1631 2046 2746 2151 seinigenallwo er wie obangezeigt vor etwann
1630 2104 2772 2247 acht jahren ein monat lang im dienst gestanden.
1630 2183 2781 2317 heym gesucht und mit ihnen vor dem hauß gesprachn
1636 2256 2748 2388 ehet die da ihne aber nicht mehr recht erkannten
1632 2333 2765 2468 sagende er seye seithero zu groß worden. alldie
1630 2423 2730 2535 weil Er nun allso mit denen leüthen Redte, seye
1636 2499 2748 2627 ein weibsbild ein kind auff den armen haltend
1639 2575 2757 2722 umb ihne herumb gestrichen, beschaulte ihne genans
1635 2648 2717 2795 und, wie er seithero vernommen, gienge nach der
1634 2714 2717 2849 wacht, zeigte an, ob ware er ein gewißer imbe
1630 2796 2716 2949 wüster diebs beschreibung bezeichneter Jacob
1631 2881 2748 3020 erler, Indeßen habe er zimmermann sich in deß
1624 2932 2711 3084 Wühers stuben hinein begeben und allda einen
1617 3035 2746 3181 trunck genoßen. In deme kamen etliche Wächter
1611 3107 2761 3251 fragten den kuher, ob er zimmermann ihme bekannt
1627 3215 2745 3329 und als er geantwortet, er könne sich nicht so eygent,
1623 3287 2706 3404 lich mehr an ihne versinnen etc. führeten die wächter
2507 3434 2629 3542 ihne
