4032 3024
477 505 1491 662 Lrudwyh und Vicl Grichstshreibernn zenerund
475 572 1447 755 zwegen mahlen den 29n juli undt 17
473 664 1437 823 quoti 1735 über sotahne cvadion deßem seit
488 734 1433 887 hörige Aufsührung und ober nicht auß ein
473 812 1429 962 nleübes in diebstahl verfallen etc. examiniert
456 878 1463 1020 Worden ist. Welcher darüber freywillig
480 961 1459 1113 ihrr bekreüt, noch anbeidung der marter slachsol
449 1063 1397 1196 ogende bekant nuß und vergaht von sich gegeben
468 1153 555 1259 ha.
437 1245 1447 1437 Namblichen vnd Erstlich Verstinmer Ergsich hete
438 1366 1439 1506 wol, daß bey wösnung der underm  seris
452 1452 1453 1584 173 1 über ihne ergangenen kezten urveill
451 1521 1445 1648 ihme dentlich angezegt und eingeschärfft worden
445 1608 655 1706 seye
667 1599 1455 1725 Wann erd auß dem schelden werdk ent
445 1657 1453 1772 weißen tahte, daß erd auf betretten ohur verwrrn
439 1719 1419 1861 gnad vom leben zum todt hingerichtet worden
442 1815 584 1898 solle:
775 1810 1212 1938 daßen ohnergehtet
436 1925 1415 2071 habe er demn reißauß genommen, wille weilen es
452 2002 1439 2153 an dieserm ort mit schwehren und fluchen ganz
436 2077 1442 2228 rechtoaß zugeze, teills auch weilen er vor alle
445 2165 1430 2307 anderen darim fuchhaltenen gefangnen mit
436 2238 1419 2356 den hartisten fesßeln angeschwirdet getresen,
439 2326 1469 2445 und Obschag er bey dem herren onspectoren unbeniche
433 2387 1433 2531 deeselben beluchterung angehalten, dannach solche
442 2460 1032 2602 nicht elangen können
1037 2474 1449 2607 umb so viel mlehr
419 2548 1416 2673 seye er auch zu der vorgenomnen Anserißmna
417 2615 1437 2743 veranlaßet und bewogen worden, In dem Hanns
415 2701 1451 2825 Gerber der gelasen Schallen Profos, wolcher
427 2750 1414 2891 karem an dem er oetinquent angeschmiedet
429 2833 1449 2953 gewrsen in seines hatt gebabt, ihme von selbsten
407 2921 1448 3033 Wol etwann d4 tag vorzero zu der wadion
415 2969 1437 3116 betholißen zu segen angebotten, solches auch wirte,
419 3053 1439 3197 lich ins werck gesezet, gestalten selbiges ghne
357 3114 1447 3279 2 tagt zuor zwey schlüßelin zu denen malt
1143 3244 1342 3353 schlaßen
2600 381 2693 477 177
1614 446 2720 621 Malct, schloßen an dem umb dem lab gehabten
1629 524 2699 685 Eisenen reyss gegeben habe mit verdünten.
1632 606 2724 787 daß er sich bey Erster geligenzeit in etwas von
1629 669 2747 847 dem warren fnraußer und ihme zu seiner flucht
1618 753 2719 950 zuit geben wolle, welches also tagt etwann
1640 834 2755 1000 umb drey whrre an der Schgulopfaz gaßen bewerk
1627 921 2728 1106 stelligt worden, inmaßen der geeber sich von
1635 993 2750 1177 dem warren Hinwegg und in ein hauß allwo deßen
1604 1080 2690 1258 weib wohntafft begeben hatte, er delinquent
1635 1146 2716 1332 mit gesagten splißeln die nalt schloß an dem
1607 1216 2760 1400 Reyst und er dem camioot verdackt großfnet, den
1631 1301 2758 1469 welben über den Lub hinmeter schieben und darvon
1635 1385 2729 1569 zum doliat thor hinauß Entlauff en komen
1644 1468 2746 1634 datom dann orn dem altem Marzeli, thorr über dae
1632 1533 2758 1696 Schartz Martor in den graben hernnter sich luthen
1631 1620 2673 1749 aaßen und auf diese weise dardon kommen.
1608 1675 2758 1839 Dieser habe der Gerber ihme geleistet, jeden
1633 1763 2688 1919 noch ohne einche darfur weder versprochme
1647 1842 2788 1991 nach getahne vergeltung, sonder aus erbärind gegen
1622 1930 2766 2085 ihne wegen seiner garten anbettung und wegen in
1645 1981 2810 2145 er jugend mit einrandern gebabten bekanntschafft.
1617 2126 2772 2290 Wen der Schanz hinbagg habe er sich durch ablagen
1636 2235 2792 2376 under dem gneten hubel, hind noch nach döriß hauß
1631 2316 2753 2432 begeben und alda über das wüßers ins Greiburg
1606 2386 2794 2518 gebrt führen laßen, allwo er mit einem vorhimmen
1630 2457 2765 2595 gefundenen stmblin von einer feilen seinen mit
1636 2538 2748 2679 Den camioot best vlüglichst verborgen gegabten
1627 2621 2742 2750 Hals Ring abgeheilet, daran der denn erglich zu
1645 2684 2795 2830 fuß über das wasßer gflichen wags zurick gegangen
1636 2778 2765 2902 sich bey Spltzofen über die karsehen laßen und
1642 2851 2810 2977 Obentzer Bindingen in einem einzelen hauß übernachen
1642 2921 2765 3064 it 1 tagt hernach habe erh seinem bruder von
1634 2995 2794 3145 konbfirgen an dem zenberg beruffen laßen und
1645 3070 2805 3226 von ihme 1 len emnpfangen, von demmen er
1646 3143 2771 3302 durch Eschangnant int knzern gebött, durch
1644 3207 2781 3373 Schweizen nacher einstiedelin gereißt und einem gutt,
2437 3328 2698 3441 Kuchawi
