4032 3024
709 -12 773 113 3t
793 -2 1842 188 daruberhi de seidenbuber soffe du biß auch ein
790 110 1858 257 Lump. Worauf der Müller dem anderen zlwey
794 207 1849 343 Stöß auf die brust gegeben, ohne daß dieser sich
802 302 1843 420 whrete bey dem driden sta� stellte der
797 382 1850 506 Stidenwaber sich auch in gegenhoehr darauf
796 448 1850 577 der müller ihne bey dem halß ergrisfen und
788 521 1865 660 Jogen sie einanderen herrm der müller
785 599 1853 726 saine anfangs auf dem Bankundenhor
797 677 1857 813 berichtete sich aber widerum auf und hielte
785 743 1851 880 den seidenbeaber alzeit bey dem halß stoßte
789 809 1840 962 und felte ihne mit gebalt auf den bodte
778 890 1859 1017 so daß es stark geklepfft, kame ihme mit
798 970 1860 1120 den kinden auf die brust und habe ihme dar
794 1038 1864 1173 mit etliche st��, sagte darbey, ich will die
784 1113 1854 1258 kein steeich geben. Alsobald seyen viel lrüht
778 1179 1851 1318 hinzu konneren, der Müller habe anfangs
785 1262 1876 1415 nicht begehrt zu brichten, sonder sagte, der andere
785 1330 1843 1479 thue nur also dergleichen, alsbay er so übel
789 1413 1846 1554 wäre; Endtlich habe er verdeütet erwolle
794 1470 1699 1622 einen shärerh�lten, gienge also darvon.
813 1642 1813 1828 Catarina Ybard von Hilterfingen bey
814 1760 1808 1902 Mulhen Majoren Mannel dienand von
1068 1846 1595 1976 128 jahren alters
758 1880 1813 2088 Zeugete, Sie seye vor ihres dienstehegen wohnn
795 2015 1822 2168 haus auf dem bank gesäßen als der Müller
777 2080 1815 2243 daher kommen und an geen stürbers bußgen
772 2138 1808 2292 klopßet. Da kame der beidenbäber die
771 2210 1809 2397 statthinab, den der müller anredte sagend,
772 2276 1798 2454 wiltu mich befahlen. Soll ich die sagten, was de
790 2350 1825 2520 bist in Lumpbistu. Sie gezengen habe nicht
768 2402 1842 2564 verstanden, was der seidenhäber zur antloort
776 2492 1817 2632 gegeben. Einmahl habe der müller darauf den
777 2548 1817 2715 anderen angegrißfen und an die manr gestoßen.
772 2614 1834 2799 hernach stoßeten sie einanderen an den bankllichen
778 2674 1806 2841 tefen sich aber bald beyde wider auf und eins
770 2756 1755 2919 mahls fellte der müller den anderen auf den
1572 2885 1720 2988 Bodz
3066 10 3134 89 33
1974 3 3103 193 Boden kame mit den Baien auf Ihne, vnd
1990 122 3142 273 habe ihme darmit etliche sabß, mand jahr also
1987 199 3117 342 bald, daß der seidenhauber keine beloegung
1997 277 3143 452 mehr thate, nachlente kamne Viel kruchthin,
1988 382 3113 534 gu dasagte der m�llers er solle gehen eine
1965 459 3139 609 schärer gen holen indere gwage sie gezen
1989 545 3117 692 ii widerum ins hauß umb auf ihr slacht
1996 635 2557 760 esen achtung zugeben.
1990 731 3145 895 knd n darmit ihre suoßagenActe obstahl
1978 826 2230 944 o
2340 946 3085 1097 undt sihreiberey vertz.
2211 1150 2762 1299 Velatio Medica
2032 1262 3113 1427 Hochgachte Gnedige hern und oberen.
1990 1447 3141 1603 Nachdem zufolg on er dne erkeilten befelche
1979 1547 3115 1684 fnds underschriebene den entleibten andhren
1979 1623 3146 1759 schneider geaul und bohl bezichtige hat sich
1954 1699 3130 1808 beyersfunnig des entselten sorpers befunden
1974 1775 3137 1893 daß die lungs an den riepen serkangebachsen
1972 1873 3128 1962 war das haupfsachliche aberist daß die Secun¬
1973 1896 3116 2012 da verdebra Bolli oder der andere king des
1972 1982 3131 2098 Ruk grads in dem hale verrerket Bart Bordueg
1978 2044 3120 2174 die Medulta Spinalis oder das Ruk, Mark ge¬
1985 2112 3121 2235 den leb folglich der zu der lebens funitionen
1974 2180 3110 2297 des beibs nochtwendige finfluß der lebens
1967 2250 3113 2365 Geisteren gehommet, und also der tod Ver¬
1972 2316 3061 2440 ursachet worden. Dab der . Mirz 1730
1991 2388 2537 2528 Syndel Fuber Graden
2302 2458 3116 2609 Andrethanig gehorsamste dienere
2423 2548 3055 2693 Dam Berzog Med ord
2455 2637 3116 2766 Aulaus Wermer Tgeiig.
2473 2714 3082 2819 Rilberlin, operator
1990 2773 2076 2887 18
2423 2784 3124 2924 John Franz König, Egruegins
