<?xml version="1.0" encoding="UTF-8" standalone="yes"?>
<PcGts xmlns="http://schema.primaresearch.org/PAGE/gts/pagecontent/2013-07-15" xmlns:xsi="http://www.w3.org/2001/XMLSchema-instance" xsi:schemaLocation="http://schema.primaresearch.org/PAGE/gts/pagecontent/2013-07-15 http://schema.primaresearch.org/PAGE/gts/pagecontent/2013-07-15/pagecontent.xsd">
    <Metadata>
        <Creator>prov=University of Rostock/Institute of Mathematics/CITlab|PLANET AI GmbH/Gundram Leifert/gundram.leifert@planet-ai.de:name=German_Kurrent_XVI-XVIII_M1(htr_id=19584)::::v=2.6.7
prov=University of Rostock/Institute of Mathematics/CITlab|PLANET AI GmbH/Tobias Gruening/tobias.gruening@planet-ai.de:name=de.uros.citlab.module.baseline2polygon.B2PSeamMultiOriented:v=2.6.7
prov=University of Rostock/Institute of Mathematics/CITlab|PLANET AI GmbH/Tobias Gruening/tobias.gruening@planet-ai.de:name=/net_tf/LA73_249_0mod360.pb:de.uros.citlab.segmentation.CITlab_LA_ML:v=2.6.7
Transkribus</Creator>
        <Created>2021-03-11T14:21:28.522+01:00</Created>
        <LastChange>2022-09-12T15:18:06.746+02:00</LastChange>
        <TranskribusMetadata docId="1334847" pageId="52362613" pageNr="83" tsid="114644429" status="IN_PROGRESS" userId="9570" imgUrl="https://files.transkribus.eu/Get?id=ZZPDBRCVGFTVWFYBAHXKWEDY&amp;fileType=view" xmlUrl="https://files.transkribus.eu/Get?id=JXBYKHPDORDUPVHGNDRKWAZW" imageId="19931666"/>
    </Metadata>
    <Page imageFilename="IMG_8954.jpg" imageWidth="4032" imageHeight="3024">
        <ReadingOrder>
            <OrderedGroup id="ro_1687513653268" caption="Regions reading order">
                <RegionRefIndexed index="0" regionRef="r1"/>
                <RegionRefIndexed index="1" regionRef="r2"/>
            </OrderedGroup>
        </ReadingOrder>
        <TextRegion orientation="0.0" id="r1" custom="readingOrder {index:0;}">
            <Coords points="348,601 348,3501 1470,3501 1470,601"/>
            <TextLine id="r1l1" custom="readingOrder {index:0;}">
                <Coords points="429,691 736,663 777,694 853,646 1064,636 1103,665 1176,632 1349,676 1460,653 1459,602 1162,529 1064,576 763,561 624,618 562,584 427,632"/>
                <Baseline points="435,666 485,666 536,664 587,662 638,659 689,654 740,651 790,648 841,644 892,640 943,637 994,634 1045,632 1096,632 1146,632 1197,632 1248,635 1299,639 1350,644 1401,651 1452,660"/>
                <TextEquiv>
                    <Unicode>Er habe immerhin steg und weg brauchen können, ohne</Unicode>
                </TextEquiv>
            </TextLine>
            <TextLine id="r1l2" custom="readingOrder {index:1;}">
                <Coords points="431,757 970,716 1048,743 1191,696 1304,742 1340,708 1475,736 1416,665 1275,644 429,689"/>
                <Baseline points="438,729 489,729 540,729 592,726 643,725 695,721 746,718 798,714 849,711 901,707 952,704 1003,701 1055,699 1106,698 1158,698 1209,699 1261,701 1312,706 1364,712 1415,719 1467,728"/>
                <TextEquiv>
                    <Unicode>daß mann beobachtet, daß er von dem Rausch daren</Unicode>
                </TextEquiv>
            </TextLine>
            <TextLine id="r1l3" custom="readingOrder {index:2;} person {offset:40; length:5;}">
                <Coords points="412,836 804,774 891,804 1239,765 1416,825 1458,763 1341,708 1307,741 1182,703 1046,744 665,724 475,763 409,726"/>
                <Baseline points="419,803 470,801 522,799 573,796 625,793 677,789 728,786 780,782 831,778 883,775 935,771 986,768 1038,765 1089,765 1141,764 1193,764 1244,765 1296,768 1347,771 1399,777 1451,783"/>
                <TextEquiv>
                    <Unicode>verhinderet werde. Mit dem alten herren gunie</Unicode>
                </TextEquiv>
            </TextLine>
            <TextLine id="r1l4" custom="readingOrder {index:3;}">
                <Coords points="406,894 505,913 1060,839 1444,850 1442,809 1212,801 1161,768 1077,820 998,775 856,803 806,773 466,839 403,817"/>
                <Baseline points="413,872 464,870 515,869 566,866 617,863 668,860 719,857 771,853 822,849 873,846 924,843 975,840 1026,837 1077,836 1129,834 1180,833 1231,833 1282,834 1333,836 1384,839 1436,843"/>
                <TextEquiv>
                    <Unicode>habe er gezeüg keinen sonderbahren ambgang, ande</Unicode>
                </TextEquiv>
            </TextLine>
            <TextLine id="r1l5" custom="readingOrder {index:4;}">
                <Coords points="402,975 648,931 851,962 993,915 1436,929 1434,888 1239,832 1136,874 1060,848 508,913 399,895"/>
                <Baseline points="408,944 461,941 515,938 568,935 622,931 676,928 729,926 783,923 837,919 890,917 944,914 997,912 1051,909 1105,908 1158,908 1212,908 1266,908 1319,908 1373,909 1427,911"/>
                <TextEquiv>
                    <Unicode>seye derselbe eine furze Zeit damahls bey Ihme</Unicode>
                </TextEquiv>
            </TextLine>
            <TextLine id="r1l6" custom="readingOrder {index:5;}">
                <Coords points="407,1045 486,1013 633,1044 742,1003 883,1035 935,1002 1248,1028 1456,990 1455,957 1278,938 1230,971 979,918 897,973 648,931 405,977"/>
                <Baseline points="413,1010 464,1010 516,1008 568,1007 620,1005 671,1004 723,1001 775,999 827,996 878,995 930,993 982,991 1034,989 1085,987 1137,987 1189,987 1241,987 1292,988 1344,989 1396,992 1448,995"/>
                <TextEquiv>
                    <Unicode>in mst kuhns stuben gewesen, allso wüße er</Unicode>
                </TextEquiv>
            </TextLine>
            <TextLine id="r1l7" custom="readingOrder {index:6;}">
                <Coords points="401,1083 546,1137 702,1078 815,1122 1027,1070 1347,1094 1440,1063 1439,1021 1078,995 884,1035 840,1008 765,1052 668,1012 632,1046 507,1019 400,1062"/>
                <Baseline points="408,1080 459,1079 510,1077 561,1076 613,1074 664,1073 715,1073 766,1071 818,1070 869,1069 920,1068 971,1067 1023,1067 1074,1065 1125,1065 1176,1065 1228,1065 1279,1064 1330,1064 1381,1064 1433,1065"/>
                <TextEquiv>
                    <Unicode>nicht, ob er beranscht sich befunden oder nicht</Unicode>
                </TextEquiv>
            </TextLine>
            <TextLine id="r1l8" custom="readingOrder {index:7;}">
                <Coords points="396,1169 456,1160 523,1212 661,1183 761,1213 799,1185 1159,1203 1268,1144 1408,1169 1408,1088 1337,1108 1204,1070 1097,1121 1017,1074 566,1137 396,1113"/>
                <Baseline points="404,1155 453,1154 503,1152 553,1152 603,1151 653,1151 703,1150 752,1149 802,1149 852,1149 902,1149 952,1149 1002,1149 1052,1149 1101,1149 1151,1149 1201,1149 1251,1149 1301,1149 1351,1149 1401,1149"/>
                <TextEquiv>
                    <Unicode>Er gezeng habe in so weit nicht darauff geachtet.</Unicode>
                </TextEquiv>
            </TextLine>
            <TextLine id="r1l9" custom="readingOrder {index:8;} person {offset:29; length:5;}">
                <Coords points="377,1275 461,1312 500,1273 752,1267 874,1312 1040,1278 1183,1314 1460,1283 1460,1230 800,1186 377,1243"/>
                <Baseline points="384,1265 437,1265 490,1265 544,1266 597,1266 651,1266 704,1266 757,1268 811,1268 864,1268 918,1268 971,1269 1024,1269 1078,1269 1131,1269 1185,1271 1238,1271 1291,1271 1345,1272 1398,1272 1452,1274"/>
                <TextEquiv>
                    <Unicode>Diesere beyde m kuhn und mst Meyer habend</Unicode>
                </TextEquiv>
            </TextLine>
            <TextLine id="r1l10" custom="readingOrder {index:9;}">
                <Coords points="388,1359 629,1333 726,1378 832,1337 1078,1386 1460,1351 1335,1280 1175,1319 984,1279 906,1316 751,1268 653,1299 501,1273 460,1310 389,1272"/>
                <Baseline points="396,1334 448,1335 501,1335 554,1335 607,1335 660,1337 712,1337 765,1337 818,1337 871,1338 924,1338 976,1338 1029,1340 1082,1340 1135,1341 1188,1341 1240,1343 1293,1343 1346,1344 1399,1345 1452,1346"/>
                <TextEquiv>
                    <Unicode>nach ihr dul befelch ihre von sich gegebene depor</Unicode>
                </TextEquiv>
            </TextLine>
            <TextLine id="r1l11" custom="readingOrder {index:10;}">
                <Coords points="387,1422 572,1456 817,1416 961,1451 1133,1426 1352,1470 1446,1438 1447,1364 1172,1364 1126,1396 1045,1363 897,1386 833,1335 727,1378 593,1346 447,1392 387,1358"/>
                <Baseline points="395,1415 447,1412 499,1410 551,1409 603,1407 656,1407 708,1409 760,1410 812,1412 864,1413 917,1415 969,1416 1021,1418 1073,1419 1125,1421 1178,1421 1230,1421 1282,1421 1334,1419 1386,1417 1439,1413"/>
                <TextEquiv>
                    <Unicode>itionen eydtlich bestättiget. Actum den 5ten novtembris</Unicode>
                </TextEquiv>
            </TextLine>
            <TextLine id="r1l12" custom="readingOrder {index:11;}">
                <Coords points="380,1538 397,1532 416,1546 457,1542 496,1549 539,1518 548,1521 568,1503 589,1498 590,1450 553,1455 547,1449 534,1461 507,1441 440,1449 400,1434 382,1437"/>
                <Baseline points="389,1488 416,1489 444,1490 471,1490 499,1490 526,1490 554,1491 582,1493"/>
                <TextEquiv>
                    <Unicode>1732</Unicode>
                </TextEquiv>
            </TextLine>
            <TextLine id="r1l13" custom="readingOrder {index:12;}">
                <Coords points="339,1795 488,1736 620,1775 751,1728 850,1770 1051,1740 1360,1780 1450,1766 1452,1667 1216,1720 954,1660 846,1698 467,1643 341,1685"/>
                <Baseline points="348,1742 402,1738 457,1734 512,1733 567,1731 621,1730 676,1730 731,1730 786,1730 840,1730 895,1731 950,1733 1005,1734 1059,1736 1114,1739 1169,1741 1224,1743 1278,1746 1333,1749 1388,1752 1443,1754"/>
                <TextEquiv>
                    <Unicode>De 5tn oemris 97 32 habend nachdermellte Per</Unicode>
                </TextEquiv>
            </TextLine>
            <TextLine id="r1l14" custom="readingOrder {index:13;}">
                <Coords points="384,1838 475,1812 531,1859 691,1829 721,1852 807,1809 836,1823 837,1751 766,1736 728,1761 574,1792 450,1763 385,1786"/>
                <Baseline points="393,1803 418,1803 444,1804 469,1805 495,1805 520,1805 546,1805 572,1805 597,1805 623,1806 648,1806 674,1806 700,1806 725,1808 751,1808 776,1809 802,1810 828,1811"/>
                <TextEquiv>
                    <Unicode>sohnen auch gezeüget:</Unicode>
                </TextEquiv>
            </TextLine>
            <TextLine id="r1l15" custom="readingOrder {index:14;} person {offset:4; length:11; continued:true;}">
                <Coords points="988,1834 1032,1849 1066,1830 1092,1847 1173,1843 1191,1859 1246,1831 1306,1844 1383,1833 1409,1847 1409,1779 1317,1774 1292,1756 1234,1754 1210,1770 1185,1752 1130,1773 1082,1742 988,1749"/>
                <Baseline points="996,1812 1021,1815 1046,1817 1071,1817 1097,1818 1122,1818 1147,1818 1173,1818 1198,1818 1223,1818 1249,1818 1274,1817 1299,1817 1325,1817 1350,1818 1375,1819 1401,1820"/>
                <TextEquiv>
                    <Unicode>msr Christoffel</Unicode>
                </TextEquiv>
            </TextLine>
            <TextLine id="r1l16" custom="readingOrder {index:15;} person {offset:0; length:7; continued:true;} person {offset:44; length:7;}">
                <Coords points="393,1900 482,1936 582,1891 766,1922 903,1889 1242,1943 1478,1916 1479,1849 1374,1833 1068,1863 808,1810 685,1871 621,1837 394,1858"/>
                <Baseline points="401,1884 454,1886 507,1889 561,1890 614,1893 668,1894 721,1895 775,1896 828,1898 882,1898 935,1898 988,1899 1042,1899 1095,1899 1149,1901 1202,1901 1256,1901 1309,1902 1363,1902 1416,1902 1470,1904"/>
                <TextEquiv>
                    <Unicode>Orugger der teüffer. Er habe sich in herren Buniers</Unicode>
                </TextEquiv>
            </TextLine>
            <TextLine id="r1l17" custom="readingOrder {index:16;} person {offset:28; length:5;}">
                <Coords points="381,1988 501,2017 839,1979 968,2036 1052,1981 1113,2019 1177,1982 1373,2019 1453,2003 1454,1925 1089,1947 942,1893 869,1934 657,1896 481,1937 382,1891"/>
                <Baseline points="389,1964 441,1967 494,1968 547,1970 600,1971 653,1971 706,1973 758,1973 811,1974 864,1974 917,1975 970,1976 1023,1976 1076,1977 1128,1977 1181,1979 1234,1980 1287,1982 1340,1983 1393,1985 1446,1988"/>
                <TextEquiv>
                    <Unicode>hauß befunden, als der sohn Jacob Heimkommen, sol</Unicode>
                </TextEquiv>
            </TextLine>
            <TextLine id="r1l18" custom="readingOrder {index:17;}">
                <Coords points="387,2065 593,2105 666,2075 917,2100 977,2068 1069,2118 1222,2074 1306,2117 1429,2092 1430,2010 1327,1992 1154,2031 1052,1982 968,2036 757,2041 637,1994 511,2030 388,1983"/>
                <Baseline points="395,2045 446,2047 497,2049 549,2050 600,2051 651,2052 703,2054 754,2055 805,2057 857,2058 908,2058 959,2060 1011,2061 1062,2061 1113,2063 1165,2063 1216,2064 1267,2064 1319,2065 1370,2066 1422,2066"/>
                <TextEquiv>
                    <Unicode>biger habe ihme ein genden-Köpfflin verehrt,</Unicode>
                </TextEquiv>
            </TextLine>
            <TextLine id="r1l19" custom="readingOrder {index:18;}">
                <Coords points="404,2145 577,2194 786,2146 920,2184 1108,2151 1447,2164 1448,2120 1389,2105 1166,2125 1129,2089 1069,2118 1011,2077 926,2116 785,2084 595,2111 450,2071 406,2100"/>
                <Baseline points="413,2127 464,2129 515,2130 567,2132 618,2133 669,2134 721,2135 772,2138 823,2139 875,2141 926,2142 977,2143 1029,2145 1080,2145 1131,2147 1183,2148 1234,2148 1285,2150 1337,2150 1388,2151 1440,2151"/>
                <TextEquiv>
                    <Unicode>deßentwegen er dn Maas Wein holen laßen, dar</Unicode>
                </TextEquiv>
            </TextLine>
            <TextLine id="r1l20" custom="readingOrder {index:19;}">
                <Coords points="385,2215 514,2255 597,2223 688,2270 898,2221 1016,2269 1086,2229 1343,2272 1465,2238 1465,2198 1383,2152 1282,2182 1107,2151 989,2188 742,2149 572,2194 469,2150 386,2165"/>
                <Baseline points="392,2211 445,2211 498,2213 551,2214 605,2216 658,2216 711,2217 764,2219 818,2220 871,2222 924,2223 977,2225 1031,2226 1084,2226 1137,2228 1190,2228 1244,2228 1297,2228 1350,2228 1403,2228 1457,2226"/>
                <TextEquiv>
                    <Unicode>Von er ein einzig glas voll getruncken und eines</Unicode>
                </TextEquiv>
            </TextLine>
            <TextLine id="r1l21" custom="readingOrder {index:20;}">
                <Coords points="394,2310 566,2311 642,2349 756,2314 893,2342 1012,2310 1172,2352 1229,2315 1432,2320 1416,2265 688,2271 641,2235 492,2260 395,2227"/>
                <Baseline points="401,2292 452,2295 503,2298 554,2300 605,2301 656,2303 707,2304 759,2306 810,2307 861,2307 912,2309 963,2309 1014,2310 1065,2310 1117,2310 1168,2310 1219,2310 1270,2310 1321,2310 1372,2310 1424,2309"/>
                <TextEquiv>
                    <Unicode>der alten fr zugebracht. Worauff seine deß</Unicode>
                </TextEquiv>
            </TextLine>
            <TextLine id="r1l22" custom="readingOrder {index:21;}">
                <Coords points="376,2426 429,2438 479,2392 665,2448 907,2404 1210,2438 1310,2392 1434,2423 1448,2354 1317,2324 985,2356 757,2314 678,2354 377,2316"/>
                <Baseline points="384,2373 436,2378 489,2381 542,2384 595,2385 648,2388 700,2390 753,2390 806,2390 859,2391 912,2391 964,2390 1017,2390 1070,2390 1123,2389 1176,2388 1228,2388 1281,2388 1334,2388 1387,2388 1440,2388"/>
                <TextEquiv>
                    <Unicode>gezeugen ehefraulo ihnne zum nachteßen abhalen</Unicode>
                </TextEquiv>
            </TextLine>
            <TextLine id="r1l23" custom="readingOrder {index:22;} person {offset:21; length:6;}">
                <Coords points="389,2471 1168,2541 1407,2510 1424,2422 1324,2456 1094,2407 676,2452 632,2424 558,2450 500,2400 389,2430"/>
                <Baseline points="396,2456 447,2459 498,2463 549,2466 600,2469 651,2471 702,2474 753,2475 804,2477 855,2478 906,2478 957,2478 1008,2480 1059,2478 1110,2478 1161,2478 1212,2477 1263,2475 1314,2474 1365,2472 1416,2469"/>
                <TextEquiv>
                    <Unicode>laßen, Der alte herr gunier seye noch nichst</Unicode>
                </TextEquiv>
            </TextLine>
            <TextLine id="r1l24" custom="readingOrder {index:23;}">
                <Coords points="373,2572 430,2582 477,2549 561,2596 614,2564 668,2598 759,2562 760,2542 724,2521 660,2516 589,2475 447,2487 412,2467 379,2467"/>
                <Baseline points="383,2541 409,2540 435,2540 462,2540 488,2541 514,2542 541,2543 567,2545 593,2547 620,2549 646,2550 672,2554 699,2555 725,2556 752,2558"/>
                <TextEquiv>
                    <Unicode>zu hauß gewesen.</Unicode>
                </TextEquiv>
            </TextLine>
            <TextLine id="r1l25" custom="readingOrder {index:24;} person {offset:2; length:21; continued:true;}">
                <Coords points="366,2653 584,2648 677,2688 742,2655 863,2687 908,2661 1111,2667 1113,2614 1078,2625 1022,2589 991,2610 939,2588 881,2621 727,2579 621,2616 480,2550 427,2584 369,2579"/>
                <Baseline points="375,2633 411,2633 447,2634 484,2634 520,2636 557,2636 593,2637 630,2638 666,2640 703,2641 739,2642 775,2643 812,2645 848,2646 885,2648 921,2649 958,2651 994,2652 1031,2654 1067,2655 1104,2657"/>
                <TextEquiv>
                    <Unicode>M Sammel Hosmann Müller</Unicode>
                </TextEquiv>
            </TextLine>
            <TextLine id="r1l26" custom="readingOrder {index:25;} person {offset:0; length:6; continued:true;}">
                <Coords points="1256,2692 1277,2690 1286,2680 1298,2692 1316,2686 1337,2690 1370,2680 1394,2661 1424,2660 1421,2555 1371,2542 1342,2566 1310,2571 1299,2565 1253,2576"/>
                <Baseline points="1263,2655 1288,2653 1314,2650 1339,2649 1365,2648 1390,2650 1416,2652"/>
                <TextEquiv>
                    <Unicode>Zeugel</Unicode>
                </TextEquiv>
            </TextLine>
            <TextLine id="r1l27" custom="readingOrder {index:26;}">
                <Coords points="1111,2679 1128,2676 1165,2697 1203,2684 1230,2706 1254,2703 1254,2608 1239,2608 1220,2625 1203,2617 1177,2625 1164,2617 1146,2631 1111,2616"/>
                <Baseline points="1118,2661 1143,2664 1169,2664 1195,2664 1221,2664 1247,2661"/>
                <TextEquiv>
                    <Unicode></Unicode>
                </TextEquiv>
            </TextLine>
            <TextLine id="r1l28" custom="readingOrder {index:27;}">
                <Coords points="385,2719 592,2762 628,2736 675,2772 875,2737 967,2784 1106,2741 1296,2778 1411,2723 1413,2675 1133,2678 996,2718 911,2661 748,2700 583,2654 387,2668"/>
                <Baseline points="393,2705 443,2706 494,2708 544,2711 595,2713 645,2716 696,2718 746,2721 797,2724 847,2727 898,2729 948,2732 999,2733 1049,2735 1100,2735 1150,2736 1201,2735 1251,2733 1302,2732 1352,2729 1403,2724"/>
                <TextEquiv>
                    <Unicode>Am donstag morgens etwan umb 40 uhr seye</Unicode>
                </TextEquiv>
            </TextLine>
            <TextLine id="r1l29" custom="readingOrder {index:28;} person {offset:10; length:6;}">
                <Coords points="393,2802 448,2834 490,2796 525,2832 789,2836 855,2800 978,2847 1434,2823 1419,2719 1317,2776 1157,2792 886,2750 673,2775 396,2724"/>
                <Baseline points="402,2774 453,2776 504,2779 555,2781 607,2785 658,2787 709,2791 760,2794 812,2796 863,2799 914,2802 965,2804 1017,2805 1068,2807 1119,2807 1170,2808 1222,2807 1273,2806 1324,2805 1375,2802 1427,2798"/>
                <TextEquiv>
                    <Unicode>der junge gunier zu ihme gezeug unerwartet</Unicode>
                </TextEquiv>
            </TextLine>
            <TextLine id="r1l30" custom="readingOrder {index:29;}">
                <Coords points="395,2849 871,2927 935,2897 1288,2921 1439,2869 1440,2824 941,2858 855,2801 778,2849 396,2806"/>
                <Baseline points="402,2843 453,2846 504,2849 556,2853 607,2857 659,2860 710,2864 762,2867 813,2869 865,2871 916,2873 967,2875 1019,2876 1070,2877 1122,2877 1173,2877 1225,2877 1276,2876 1328,2874 1379,2871 1431,2868"/>
                <TextEquiv>
                    <Unicode>an die matten hinab kommen, habe beyde doppel</Unicode>
                </TextEquiv>
            </TextLine>
            <TextLine id="r1l31" custom="readingOrder {index:30;}">
                <Coords points="375,2947 456,2928 751,2977 864,2954 916,3001 1094,2965 1410,2975 1411,2922 1355,2905 862,2928 378,2870"/>
                <Baseline points="384,2919 437,2922 491,2927 544,2930 598,2933 652,2937 705,2940 759,2944 813,2947 866,2951 920,2954 973,2955 1027,2957 1081,2958 1134,2958 1188,2958 1242,2957 1295,2955 1349,2951 1403,2946"/>
                <TextEquiv>
                    <Unicode>seines kechenbrieffs mit sich gebracht in die</Unicode>
                </TextEquiv>
            </TextLine>
            <TextLine id="r1l32" custom="readingOrder {index:31;}">
                <Coords points="370,3006 422,3032 592,3006 638,3042 691,3017 791,3065 853,3024 973,3083 1065,3040 1153,3078 1282,3069 1445,3013 1344,2980 1192,2980 1126,3018 1079,2971 1030,3005 372,2950"/>
                <Baseline points="378,2996 433,2997 489,3000 545,3002 600,3006 656,3010 712,3012 768,3017 823,3021 879,3024 935,3026 991,3029 1046,3030 1102,3032 1158,3031 1214,3030 1269,3026 1325,3022 1381,3016 1437,3008"/>
                <TextEquiv>
                    <Unicode>muhle, allwo sein gezeügen ehefrauw ihnen einem</Unicode>
                </TextEquiv>
            </TextLine>
            <TextLine id="r1l33" custom="readingOrder {index:32;}">
                <Coords points="366,3078 438,3114 517,3094 584,3127 660,3092 855,3144 1107,3150 1406,3106 1441,3043 1161,3091 1114,3045 979,3083 902,3044 786,3064 751,3028 707,3057 530,3013 471,3046 368,3010"/>
                <Baseline points="374,3071 426,3073 479,3075 532,3078 585,3083 638,3085 691,3089 743,3093 796,3096 849,3099 902,3102 955,3105 1008,3106 1061,3107 1113,3108 1166,3107 1219,3105 1272,3103 1325,3099 1378,3093 1431,3087"/>
                <TextEquiv>
                    <Unicode>Ruchen auffgestellt, darzu er gezeüg, der ganier</Unicode>
                </TextEquiv>
            </TextLine>
            <TextLine id="r1l34" custom="readingOrder {index:33;} person {offset:4; length:20;} person {offset:30; length:15;}">
                <Coords points="381,3153 890,3210 1426,3185 1427,3147 1294,3112 1107,3150 892,3121 838,3151 682,3094 600,3133 514,3093 383,3098"/>
                <Baseline points="389,3141 440,3143 492,3147 543,3151 595,3153 646,3158 698,3162 749,3166 801,3169 852,3173 904,3176 955,3179 1007,3180 1058,3182 1110,3183 1161,3183 1213,3182 1264,3180 1316,3177 1367,3173 1419,3167"/>
                <TextEquiv>
                    <Unicode>der alexander Schaafroht, der Niclaus Brugger</Unicode>
                </TextEquiv>
            </TextLine>
            <TextLine id="r1l35" custom="readingOrder {index:34;} person {offset:21; length:6;}">
                <Coords points="393,3227 880,3280 1433,3254 1436,3183 1211,3238 1010,3187 889,3210 812,3178 749,3211 678,3166 397,3155"/>
                <Baseline points="401,3213 452,3215 503,3219 554,3221 605,3225 657,3230 708,3233 759,3237 810,3241 861,3245 913,3248 964,3251 1015,3255 1066,3256 1117,3258 1169,3258 1220,3258 1271,3257 1322,3254 1373,3250 1425,3245"/>
                <TextEquiv>
                    <Unicode>und der neuwe kechen Müller 2 Maas wein</Unicode>
                </TextEquiv>
            </TextLine>
            <TextLine id="r1l36" custom="readingOrder {index:35;}">
                <Coords points="370,3340 650,3315 753,3367 826,3325 882,3370 1019,3338 1075,3380 1120,3352 1216,3390 1428,3347 1432,3267 806,3282 535,3225 373,3256"/>
                <Baseline points="380,3291 432,3293 484,3294 536,3296 588,3299 640,3303 692,3308 744,3312 796,3316 848,3321 901,3324 953,3329 1005,3331 1057,3335 1109,3336 1161,3336 1213,3336 1265,3335 1317,3331 1369,3326 1422,3320"/>
                <TextEquiv>
                    <Unicode>gehabt, deß gezengen ehefrauw habe auch ein glab</Unicode>
                </TextEquiv>
            </TextLine>
            <TextLine id="r1l37" custom="readingOrder {index:36;}">
                <Coords points="1241,3493 1267,3497 1288,3480 1306,3490 1357,3487 1356,3398 1332,3405 1306,3386 1281,3391 1267,3405 1239,3396"/>
                <Baseline points="1248,3483 1273,3481 1298,3479 1323,3479 1349,3482"/>
                <TextEquiv>
                    <Unicode>Voll</Unicode>
                </TextEquiv>
            </TextLine>
            <TextEquiv>
                <Unicode>Er habe immerhin steg und weg brauchen können, ohne
daß mann beobachtet, daß er von dem Rausch daren
verhinderet werde. Mit dem alten herren gunie
habe er gezeüg keinen sonderbahren ambgang, ande
seye derselbe eine furze Zeit damahls bey Ihme
in mst kuhns stuben gewesen, allso wüße er
nicht, ob er beranscht sich befunden oder nicht
Er gezeng habe in so weit nicht darauff geachtet.
Diesere beyde m kuhn und mst Meyer habend
nach ihr dul befelch ihre von sich gegebene depor
itionen eydtlich bestättiget. Actum den 5ten novtembris
1732
De 5tn oemris 97 32 habend nachdermellte Per
sohnen auch gezeüget:
msr Christoffel
Orugger der teüffer. Er habe sich in herren Buniers
hauß befunden, als der sohn Jacob Heimkommen, sol
biger habe ihme ein genden-Köpfflin verehrt,
deßentwegen er dn Maas Wein holen laßen, dar
Von er ein einzig glas voll getruncken und eines
der alten fr zugebracht. Worauff seine deß
gezeugen ehefraulo ihnne zum nachteßen abhalen
laßen, Der alte herr gunier seye noch nichst
zu hauß gewesen.
M Sammel Hosmann Müller
Zeugel

Am donstag morgens etwan umb 40 uhr seye
der junge gunier zu ihme gezeug unerwartet
an die matten hinab kommen, habe beyde doppel
seines kechenbrieffs mit sich gebracht in die
muhle, allwo sein gezeügen ehefrauw ihnen einem
Ruchen auffgestellt, darzu er gezeüg, der ganier
der alexander Schaafroht, der Niclaus Brugger
und der neuwe kechen Müller 2 Maas wein
gehabt, deß gezengen ehefrauw habe auch ein glab
Voll</Unicode>
            </TextEquiv>
        </TextRegion>
        <TextRegion orientation="0.0" id="r2" custom="readingOrder {index:1;}">
            <Coords points="1545,372 1545,3559 2784,3559 2784,372"/>
            <TextLine id="r2l1" custom="readingOrder {index:0;}">
                <Coords points="2632,418 2653,419 2656,423 2667,418 2686,430 2723,416 2732,417 2733,384 2714,387 2701,373 2676,377 2671,370 2651,375 2634,372"/>
                <Baseline points="2640,410 2668,412 2696,414 2724,413"/>
                <TextEquiv>
                    <Unicode>153</Unicode>
                </TextEquiv>
            </TextLine>
            <TextLine id="r2l2" custom="readingOrder {index:1;}">
                <Coords points="1580,604 1944,521 2255,566 2383,504 2709,511 2719,428 2509,435 2462,472 2331,422 2256,469 1800,455 1682,521 1573,523"/>
                <Baseline points="1586,593 1642,580 1699,568 1755,557 1812,547 1868,538 1925,530 1981,524 2038,519 2094,513 2151,509 2208,506 2264,504 2321,501 2377,500 2434,498 2490,498 2547,497 2603,497 2660,497 2717,497"/>
                <TextEquiv>
                    <Unicode>soll getrunken. Der gunier seye am abend und</Unicode>
                </TextEquiv>
            </TextLine>
            <TextLine id="r2l3" custom="readingOrder {index:2;}">
                <Coords points="1570,731 1686,652 1818,692 2040,603 2234,650 2343,596 2678,583 2671,508 2495,514 2429,558 1807,546 1562,638"/>
                <Baseline points="1574,684 1628,669 1683,654 1738,642 1793,631 1847,623 1902,615 1957,608 2012,602 2066,597 2121,594 2176,591 2231,588 2285,586 2340,584 2395,582 2450,580 2504,578 2559,576 2614,573 2669,570"/>
                <TextEquiv>
                    <Unicode>uhren beggangen, wohin seye ihme unbekannt.</Unicode>
                </TextEquiv>
            </TextLine>
            <TextLine id="r2l4" custom="readingOrder {index:3;}">
                <Coords points="1573,779 1875,771 2044,676 2211,723 2351,669 2462,711 2673,653 2668,587 2239,651 2126,614 1821,691 1667,664 1569,734"/>
                <Baseline points="1578,759 1632,746 1686,733 1741,722 1795,712 1850,703 1904,696 1958,690 2013,686 2067,681 2122,677 2176,675 2230,671 2285,669 2339,666 2394,664 2448,662 2502,660 2557,656 2611,653 2666,648"/>
                <TextEquiv>
                    <Unicode>endesen darmit ihre außaagen. acte obstaht.</Unicode>
                </TextEquiv>
            </TextLine>
            <TextLine id="r2l5" custom="readingOrder {index:4;}">
                <Coords points="2005,760 2013,759 2019,751 2026,755 2028,752 2034,751 2022,692 2013,695 2003,688 1991,691"/>
                <Baseline points="2010,744 2025,741"/>
                <TextEquiv>
                    <Unicode></Unicode>
                </TextEquiv>
            </TextLine>
            <TextLine id="r2l6" custom="readingOrder {index:5;}">
                <Coords points="1915,790 1934,796 1969,780 1999,790 2015,770 2039,787 2074,788 2178,767 2212,788 2226,772 2289,765 2285,728 2235,706 2202,724 2173,704 2137,710 2100,689 2072,696 2012,753 1987,756 1943,724 1910,734"/>
                <Baseline points="1922,785 1947,784 1973,782 1998,780 2024,777 2049,775 2075,771 2101,769 2126,767 2152,764 2177,762 2203,760 2228,759 2254,759 2280,759"/>
                <TextEquiv>
                    <Unicode>. Sramen.</Unicode>
                </TextEquiv>
            </TextLine>
            <TextLine id="r2l7" custom="readingOrder {index:6;}">
                <Coords points="1583,839 1596,836 1609,816 1616,821 1625,819 1615,768 1607,769 1603,773 1600,771 1593,775 1590,774 1582,787 1573,790"/>
                <Baseline points="1589,833 1619,827"/>
                <TextEquiv>
                    <Unicode>6</Unicode>
                </TextEquiv>
            </TextLine>
            <TextLine id="r2l8" custom="readingOrder {index:7;}">
                <Coords points="1540,972 1631,914 1850,874 2257,850 2399,894 2518,837 2635,853 2668,800 2394,761 1948,806 1846,761 1531,853"/>
                <Baseline points="1545,941 1600,924 1656,909 1712,895 1768,884 1824,875 1880,867 1936,861 1992,857 2048,853 2104,849 2159,848 2215,846 2271,845 2327,845 2383,843 2439,842 2495,840 2551,837 2607,834 2663,830"/>
                <TextEquiv>
                    <Unicode>D 6n dito Novembris 1732. auff obigem</Unicode>
                </TextEquiv>
            </TextLine>
            <TextLine id="r2l9" custom="readingOrder {index:8;}">
                <Coords points="1553,1018 1815,942 1988,981 2069,931 2206,969 2317,912 2430,954 2477,913 2588,941 2686,912 2681,836 2512,839 2396,895 2257,850 1850,874 1549,953"/>
                <Baseline points="1559,999 1617,985 1676,973 1735,961 1794,951 1853,944 1912,937 1971,932 2030,927 2089,923 2147,920 2206,918 2265,917 2324,915 2383,914 2442,912 2501,911 2560,909 2619,906 2678,903"/>
                <TextEquiv>
                    <Unicode>dato habend muloche Großweybel und gricht</Unicode>
                </TextEquiv>
            </TextLine>
            <TextLine id="r2l10" custom="readingOrder {index:9;} person {offset:14; length:19;}">
                <Coords points="1565,1100 1759,1048 1866,1076 2084,1000 2324,1031 2369,991 2577,1047 2702,980 2698,938 2464,959 2370,909 2207,969 2115,934 1987,984 1894,952 1559,1026"/>
                <Baseline points="1571,1082 1627,1069 1683,1056 1739,1045 1795,1036 1851,1028 1907,1021 1963,1015 2019,1010 2075,1006 2132,1002 2188,998 2244,996 2300,993 2356,990 2412,988 2468,986 2524,983 2580,980 2636,976 2693,972"/>
                <TextEquiv>
                    <Unicode>Schreiber den Johann Jacob Gunier juniorem</Unicode>
                </TextEquiv>
            </TextLine>
            <TextLine id="r2l11" custom="readingOrder {index:10;}">
                <Coords points="1574,1213 1655,1156 1711,1165 1856,1112 2150,1111 2198,1079 2330,1110 2396,1090 2387,992 2330,1034 2287,1012 2198,1046 2076,1007 2017,1059 1775,1067 1655,1125 1563,1100"/>
                <Baseline points="1578,1166 1618,1153 1658,1143 1699,1135 1739,1128 1780,1120 1820,1114 1861,1109 1901,1105 1942,1100 1982,1097 2022,1094 2063,1092 2103,1089 2144,1087 2184,1085 2225,1083 2265,1082 2306,1080 2346,1077 2387,1074"/>
                <TextEquiv>
                    <Unicode>nochmahls examiniert, wie volget.</Unicode>
                </TextEquiv>
            </TextLine>
            <TextLine id="r2l12" custom="readingOrder {index:11;}">
                <Coords points="1568,1316 1716,1255 1775,1284 2278,1204 2368,1248 2431,1205 2668,1230 2695,1136 2577,1162 2401,1121 2279,1164 2235,1133 2010,1169 1787,1139 1561,1193"/>
                <Baseline points="1574,1271 1629,1261 1685,1252 1741,1245 1797,1239 1853,1233 1908,1229 1964,1225 2020,1221 2076,1218 2132,1217 2187,1215 2243,1214 2299,1212 2355,1211 2411,1209 2466,1208 2522,1205 2578,1202 2634,1199 2690,1194"/>
                <TextEquiv>
                    <Unicode>befragt: er solle bekennen, was er für under ant-</Unicode>
                </TextEquiv>
            </TextLine>
            <TextLine id="r2l13" custom="readingOrder {index:12;}">
                <Coords points="1566,1365 1697,1403 1805,1328 2021,1306 2069,1347 2231,1296 2470,1338 2720,1288 2717,1241 2598,1217 2443,1264 2279,1204 2085,1279 1848,1251 1562,1315"/>
                <Baseline points="1572,1359 1631,1348 1691,1339 1751,1330 1811,1322 1871,1316 1931,1310 1991,1305 2051,1301 2111,1298 2171,1295 2231,1293 2291,1290 2351,1289 2411,1286 2471,1284 2531,1281 2591,1277 2651,1274 2711,1269"/>
                <TextEquiv>
                    <Unicode>wortliche Reden wieder seinen Vatter außgestoßen</Unicode>
                </TextEquiv>
            </TextLine>
            <TextLine id="r2l14" custom="readingOrder {index:13;}">
                <Coords points="1582,1436 1599,1433 1617,1439 1648,1425 1662,1427 1670,1417 1682,1416 1678,1376 1659,1379 1648,1372 1645,1376 1637,1373 1630,1380 1608,1368 1595,1377 1576,1371"/>
                <Baseline points="1589,1424 1617,1421 1645,1419 1674,1416"/>
                <TextEquiv>
                    <Unicode>habe.</Unicode>
                </TextEquiv>
            </TextLine>
            <TextLine id="r2l15" custom="readingOrder {index:14;}">
                <Coords points="1575,1535 1783,1544 1949,1490 2009,1525 2274,1467 2756,1478 2729,1400 2512,1423 2418,1380 2370,1419 2221,1393 1983,1454 1870,1412 1571,1443"/>
                <Baseline points="1581,1514 1639,1506 1697,1498 1755,1492 1814,1486 1872,1482 1930,1479 1989,1476 2047,1474 2105,1472 2164,1470 2222,1469 2280,1468 2338,1467 2397,1466 2455,1464 2513,1462 2572,1460 2630,1457 2688,1453 2747,1449"/>
                <TextEquiv>
                    <Unicode>antwort. er versinne sich nicht weder an die dahmahli</Unicode>
                </TextEquiv>
            </TextLine>
            <TextLine id="r2l16" custom="readingOrder {index:15;}">
                <Coords points="1578,1628 1966,1573 2407,1593 2518,1543 2641,1586 2729,1559 2725,1483 2628,1511 2517,1466 2426,1515 2247,1475 2126,1535 1971,1505 1574,1559"/>
                <Baseline points="1584,1602 1640,1595 1697,1588 1754,1583 1811,1577 1868,1574 1924,1570 1981,1566 2038,1565 2095,1562 2152,1560 2208,1559 2265,1557 2322,1556 2379,1553 2436,1551 2492,1548 2549,1547 2606,1543 2663,1539 2720,1535"/>
                <TextEquiv>
                    <Unicode>ge umbesonnene rieden noch tahten, er seye berauscht</Unicode>
                </TextEquiv>
            </TextLine>
            <TextLine id="r2l17" custom="readingOrder {index:16;}">
                <Coords points="1580,1694 2733,1664 2713,1559 2560,1606 2482,1572 2314,1619 2096,1577 1973,1622 1864,1588 1577,1629"/>
                <Baseline points="1587,1682 1643,1674 1700,1669 1757,1665 1814,1660 1871,1656 1927,1653 1984,1649 2041,1646 2098,1644 2155,1642 2211,1640 2268,1638 2325,1635 2382,1634 2439,1632 2495,1629 2552,1627 2609,1625 2666,1622 2723,1619"/>
                <TextEquiv>
                    <Unicode>und allso destwegen vom horn übernommen gewesen</Unicode>
                </TextEquiv>
            </TextLine>
            <TextLine id="r2l18" custom="readingOrder {index:17;}">
                <Coords points="1565,1799 2034,1751 2410,1790 2511,1741 2707,1736 2705,1698 2329,1669 1962,1727 1761,1684 1651,1727 1561,1704"/>
                <Baseline points="1572,1772 1628,1768 1684,1766 1741,1763 1797,1760 1853,1757 1910,1755 1966,1753 2022,1751 2079,1749 2135,1748 2191,1746 2248,1743 2304,1743 2360,1741 2417,1739 2473,1737 2529,1736 2586,1734 2642,1732 2699,1730"/>
                <TextEquiv>
                    <Unicode>. wie viel wein er bey dem müller Hoos mann</Unicode>
                </TextEquiv>
            </TextLine>
            <TextLine id="r2l19" custom="readingOrder {index:18;}">
                <Coords points="1571,1870 1653,1886 1680,1867 1712,1889 1749,1854 1799,1866 1898,1839 1953,1869 2019,1844 2078,1864 2120,1837 2117,1751 2074,1769 1975,1749 1913,1792 1876,1767 1806,1798 1741,1773 1711,1795 1601,1797 1570,1816"/>
                <Baseline points="1578,1842 1604,1842 1631,1842 1658,1841 1684,1841 1711,1839 1738,1838 1764,1837 1791,1835 1818,1834 1845,1833 1871,1832 1898,1830 1925,1829 1951,1829 1978,1829 2005,1829 2031,1829 2058,1829 2085,1830 2112,1830"/>
                <TextEquiv>
                    <Unicode>habe helsen trincken.</Unicode>
                </TextEquiv>
            </TextLine>
            <TextLine id="r2l20" custom="readingOrder {index:19;}">
                <Coords points="1564,1973 1778,1931 1913,1961 2013,1919 2250,1964 2404,1910 2516,1939 2743,1910 2741,1835 2651,1866 2544,1823 2436,1874 2177,1858 2109,1893 2016,1845 1932,1895 1560,1880"/>
                <Baseline points="1569,1934 1627,1932 1685,1929 1743,1928 1802,1925 1860,1923 1918,1922 1977,1919 2035,1917 2093,1914 2152,1912 2210,1910 2268,1908 2326,1906 2385,1904 2443,1902 2501,1901 2560,1898 2618,1896 2676,1895 2735,1893"/>
                <TextEquiv>
                    <Unicode>R. drey Maas; darbey haben sich ein befunden der</Unicode>
                </TextEquiv>
            </TextLine>
            <TextLine id="r2l21" custom="readingOrder {index:20;} person {offset:0; length:28;} person {offset:33; length:6; continued:true;}">
                <Coords points="1571,2030 1990,2008 2062,2059 2540,1989 2607,2040 2717,2003 2716,1956 2352,1926 2249,1964 2013,1920 1913,1961 1835,1937 1761,1984 1715,1949 1569,1979"/>
                <Baseline points="1578,2015 1634,2013 1691,2010 1747,2008 1804,2006 1860,2004 1917,2001 1973,2000 2030,1998 2086,1997 2143,1995 2200,1994 2256,1991 2313,1989 2369,1988 2426,1987 2482,1985 2539,1983 2595,1982 2652,1980 2709,1977"/>
                <TextEquiv>
                    <Unicode>Hoosmann brat Ludwig schmied und müller</Unicode>
                </TextEquiv>
            </TextLine>
            <TextLine id="r2l22" custom="readingOrder {index:21;} person {offset:0; length:7; continued:true;}">
                <Coords points="1574,2114 1812,2090 1993,2129 2046,2090 2192,2114 2274,2082 2353,2116 2707,2071 2706,2033 2301,2013 2056,2062 1892,2018 1717,2070 1573,2032"/>
                <Baseline points="1581,2094 1636,2092 1692,2090 1748,2088 1804,2086 1860,2085 1916,2084 1972,2082 2028,2081 2084,2081 2140,2079 2195,2079 2251,2078 2307,2078 2363,2076 2419,2075 2475,2073 2531,2072 2587,2070 2643,2068 2699,2066"/>
                <TextEquiv>
                    <Unicode>brügger mit ihme gnner, Die hoosmannin</Unicode>
                </TextEquiv>
            </TextLine>
            <TextLine id="r2l23" custom="readingOrder {index:22;}">
                <Coords points="1570,2191 2005,2215 2740,2178 2714,2100 2627,2136 2440,2109 2389,2146 2041,2092 1984,2131 1569,2111"/>
                <Baseline points="1577,2171 1634,2171 1692,2171 1750,2171 1808,2171 1865,2169 1923,2169 1981,2169 2039,2168 2096,2168 2154,2166 2212,2166 2270,2165 2327,2163 2385,2163 2443,2162 2501,2160 2558,2160 2616,2159 2674,2157 2732,2156"/>
                <TextEquiv>
                    <Unicode>und der schaaffrot habind mir ein einziges be</Unicode>
                </TextEquiv>
            </TextLine>
            <TextLine id="r2l24" custom="readingOrder {index:23;}">
                <Coords points="2017,2262 2076,2257 2112,2287 2352,2261 2417,2292 2452,2265 2547,2295 2613,2258 2722,2257 2721,2192 2557,2233 2430,2212 2382,2175 2352,2202 2267,2174 2177,2216 2116,2222 2065,2189 2017,2206"/>
                <Baseline points="2024,2253 2058,2253 2093,2253 2127,2252 2162,2252 2196,2252 2231,2252 2265,2252 2300,2251 2334,2250 2369,2250 2403,2250 2438,2250 2472,2250 2507,2250 2541,2250 2576,2249 2610,2249 2645,2249 2679,2249 2714,2249"/>
                <TextEquiv>
                    <Unicode>Nachwerts etwann umb 5</Unicode>
                </TextEquiv>
            </TextLine>
            <TextLine id="r2l25" custom="readingOrder {index:24;}">
                <Coords points="1569,2289 1589,2294 1618,2268 1642,2292 1705,2305 1731,2282 1776,2291 1814,2276 1859,2301 1895,2269 1977,2283 2016,2267 2016,2214 1876,2231 1805,2192 1737,2205 1686,2176 1642,2205 1570,2191"/>
                <Baseline points="1577,2253 1602,2253 1627,2253 1653,2252 1678,2252 1704,2252 1729,2252 1754,2251 1780,2250 1805,2250 1831,2250 1856,2250 1881,2251 1907,2252 1932,2252 1958,2254 1983,2256 2009,2258"/>
                <TextEquiv>
                    <Unicode>scheyd gethan.</Unicode>
                </TextEquiv>
            </TextLine>
            <TextLine id="r2l26" custom="readingOrder {index:25;}">
                <Coords points="1577,2364 1794,2354 1873,2391 2044,2342 2342,2393 2542,2336 2656,2362 2728,2337 2728,2274 2414,2311 2222,2263 2090,2305 2023,2273 1577,2293"/>
                <Baseline points="1584,2337 1640,2337 1697,2337 1754,2336 1811,2336 1868,2336 1924,2336 1981,2334 2038,2334 2095,2334 2152,2334 2208,2334 2265,2334 2322,2334 2379,2334 2436,2334 2492,2334 2549,2334 2606,2334 2663,2333 2720,2333"/>
                <TextEquiv>
                    <Unicode>Uhrer habe er sich von dort hinwegg zum schiff</Unicode>
                </TextEquiv>
            </TextLine>
            <TextLine id="r2l27" custom="readingOrder {index:26;}">
                <Coords points="1584,2435 1902,2459 2218,2426 2280,2460 2488,2420 2568,2459 2740,2428 2739,2357 2683,2351 2359,2404 2121,2363 2067,2398 1787,2357 1584,2376"/>
                <Baseline points="1592,2418 1649,2421 1706,2423 1763,2424 1820,2424 1877,2424 1934,2426 1991,2424 2048,2424 2105,2424 2162,2424 2219,2423 2276,2423 2333,2421 2390,2421 2447,2420 2504,2420 2561,2418 2618,2418 2675,2418 2732,2418"/>
                <TextEquiv>
                    <Unicode>leüten begeben, allwo er einzig noch eine halb</Unicode>
                </TextEquiv>
            </TextLine>
            <TextLine id="r2l28" custom="readingOrder {index:27;}">
                <Coords points="1571,2518 2791,2541 2764,2472 2321,2458 2152,2495 2096,2442 1984,2485 1927,2446 1571,2440"/>
                <Baseline points="1578,2490 1638,2495 1698,2498 1758,2501 1819,2502 1879,2504 1939,2505 2000,2507 2060,2507 2120,2507 2181,2507 2241,2507 2301,2507 2361,2507 2422,2507 2482,2507 2542,2507 2603,2507 2663,2508 2723,2508 2784,2510"/>
                <TextEquiv>
                    <Unicode>Maas wein getruncken und darauff heimgangen</Unicode>
                </TextEquiv>
            </TextLine>
            <TextLine id="r2l29" custom="readingOrder {index:28;}">
                <Coords points="1570,2585 1697,2641 1962,2593 2052,2642 2392,2595 2600,2639 2651,2599 2767,2607 2768,2566 2517,2527 2157,2572 2004,2526 1872,2562 1678,2515 1570,2535"/>
                <Baseline points="1578,2577 1637,2579 1696,2579 1755,2580 1814,2582 1873,2583 1932,2585 1991,2585 2050,2586 2109,2589 2169,2589 2228,2591 2287,2592 2346,2593 2405,2594 2464,2594 2523,2594 2582,2594 2641,2592 2700,2591 2760,2589"/>
                <TextEquiv>
                    <Unicode>Als Er sich an die vorgegangene umbstandt seiner</Unicode>
                </TextEquiv>
            </TextLine>
            <TextLine id="r2l30" custom="readingOrder {index:29;}">
                <Coords points="1585,2664 1679,2702 1748,2662 1914,2700 1968,2671 2032,2719 2194,2689 2259,2722 2417,2674 2626,2724 2770,2702 2771,2641 2593,2645 2554,2610 2176,2652 1962,2594 1768,2645 1586,2593"/>
                <Baseline points="1593,2652 1651,2656 1710,2658 1768,2660 1827,2663 1885,2665 1944,2667 2002,2669 2061,2670 2119,2672 2178,2673 2236,2675 2295,2675 2353,2676 2412,2676 2470,2676 2529,2676 2587,2676 2646,2676 2704,2676 2763,2675"/>
                <TextEquiv>
                    <Unicode>aufführung nicht versinnen wollte, wurden ihme</Unicode>
                </TextEquiv>
            </TextLine>
            <TextLine id="r2l31" custom="readingOrder {index:30;} person {offset:20; length:6;}">
                <Coords points="1583,2750 1707,2774 1763,2734 2022,2807 2169,2762 2392,2776 2447,2817 2519,2772 2577,2806 2660,2762 2736,2779 2771,2731 2522,2678 2409,2730 2185,2688 1979,2730 1796,2664 1682,2702 1585,2668"/>
                <Baseline points="1590,2732 1648,2735 1707,2738 1765,2741 1824,2742 1883,2745 1941,2747 2000,2748 2059,2750 2117,2751 2176,2753 2235,2754 2293,2756 2352,2756 2411,2757 2469,2759 2528,2759 2587,2760 2645,2760 2704,2760 2763,2762"/>
                <TextEquiv>
                    <Unicode>deß mfr uhns und ms Meyers eydtlich ge</Unicode>
                </TextEquiv>
            </TextLine>
            <TextLine id="r2l32" custom="readingOrder {index:31;}">
                <Coords points="1575,2832 1851,2821 1961,2884 2059,2849 2166,2884 2380,2851 2724,2877 2760,2790 2442,2820 2199,2761 2090,2810 1577,2769"/>
                <Baseline points="1583,2808 1641,2811 1699,2813 1758,2817 1816,2820 1875,2823 1933,2826 1991,2828 2050,2832 2108,2834 2167,2837 2225,2839 2283,2841 2342,2843 2400,2844 2459,2846 2517,2847 2575,2847 2634,2847 2692,2847 2751,2847"/>
                <TextEquiv>
                    <Unicode>thane deporitionen wortlich vorgelesen, Worüber</Unicode>
                </TextEquiv>
            </TextLine>
            <TextLine id="r2l33" custom="readingOrder {index:32;}">
                <Coords points="1571,2929 1925,2911 2058,2969 2156,2923 2339,2971 2521,2937 2597,2983 2760,2951 2763,2894 2503,2859 2416,2907 2349,2867 2263,2898 1961,2884 1876,2828 1575,2834"/>
                <Baseline points="1581,2885 1639,2889 1698,2894 1756,2898 1815,2901 1874,2905 1932,2908 1991,2911 2049,2913 2108,2916 2167,2919 2225,2921 2284,2923 2342,2925 2401,2927 2460,2930 2518,2931 2577,2934 2635,2937 2694,2939 2753,2942"/>
                <TextEquiv>
                    <Unicode>er geantwortet: Er wolle diesere kundtschaffts</Unicode>
                </TextEquiv>
            </TextLine>
            <TextLine id="r2l34" custom="readingOrder {index:33;}">
                <Coords points="1588,2964 2251,3053 2416,3016 2785,3035 2788,2973 2262,2978 2158,2928 2021,2967 1935,2914 1752,2945 1591,2897"/>
                <Baseline points="1596,2952 1655,2958 1714,2964 1773,2970 1832,2974 1891,2979 1950,2983 2009,2986 2068,2990 2127,2993 2187,2996 2246,2998 2305,3001 2364,3003 2423,3005 2482,3007 2541,3009 2600,3012 2659,3014 2718,3016 2778,3018"/>
                <TextEquiv>
                    <Unicode>Außaagen nicht widersprochen haben, Allein erkönne</Unicode>
                </TextEquiv>
            </TextLine>
            <TextLine id="r2l35" custom="readingOrder {index:34;}">
                <Coords points="1588,3053 2046,3071 2159,3112 2373,3083 2496,3141 2733,3105 2736,3054 2456,3051 2416,3015 2266,3059 1984,2994 1852,3028 1592,2976"/>
                <Baseline points="1596,3026 1652,3033 1709,3039 1765,3044 1822,3049 1878,3053 1935,3058 1991,3062 2048,3065 2104,3069 2161,3072 2218,3075 2274,3077 2331,3079 2387,3081 2444,3083 2500,3084 2557,3086 2613,3087 2670,3087 2727,3089"/>
                <TextEquiv>
                    <Unicode>nichts anders darüber sagen, als daß er sich an</Unicode>
                </TextEquiv>
            </TextLine>
            <TextLine id="r2l36" custom="readingOrder {index:35;}">
                <Coords points="1594,3118 1876,3187 1946,3155 2282,3173 2313,3207 2364,3170 2431,3205 2474,3172 2745,3182 2661,3105 2543,3146 2409,3102 2176,3129 1835,3108 1682,3041 1598,3060"/>
                <Baseline points="1602,3107 1658,3113 1715,3117 1772,3122 1829,3126 1886,3132 1942,3136 1999,3140 2056,3144 2113,3149 2170,3152 2226,3155 2283,3158 2340,3161 2397,3164 2454,3166 2510,3168 2567,3170 2624,3170 2681,3171 2738,3171"/>
                <TextEquiv>
                    <Unicode>das vorgegangene ohnmüglich versinnen könne</Unicode>
                </TextEquiv>
            </TextLine>
            <TextLine id="r2l37" custom="readingOrder {index:36;}">
                <Coords points="1581,3208 2754,3281 2756,3245 2589,3180 2483,3215 2149,3161 1714,3182 1586,3129"/>
                <Baseline points="1590,3188 1647,3194 1705,3199 1763,3204 1821,3209 1879,3213 1937,3217 1995,3220 2053,3225 2111,3228 2169,3231 2226,3234 2284,3237 2342,3240 2400,3243 2458,3246 2516,3249 2574,3252 2632,3256 2690,3260 2748,3263"/>
                <TextEquiv>
                    <Unicode>zintemahlen er teills vom wein teills vom Jorn</Unicode>
                </TextEquiv>
            </TextLine>
            <TextLine id="r2l38" custom="readingOrder {index:37;}">
                <Coords points="1590,3301 1644,3332 1795,3297 1863,3340 2021,3310 2139,3351 2268,3326 2382,3375 2508,3342 2747,3366 2771,3305 2445,3298 2366,3259 2283,3284 2183,3243 2091,3272 2049,3234 1913,3276 1831,3227 1597,3200"/>
                <Baseline points="1601,3261 1662,3269 1723,3277 1784,3283 1845,3289 1906,3294 1967,3298 2028,3302 2089,3305 2150,3309 2211,3313 2272,3317 2333,3321 2394,3324 2455,3329 2516,3332 2577,3336 2638,3342 2699,3347 2760,3353"/>
                <TextEquiv>
                    <Unicode>dergestalten überfallen und allso seiner sinnenbe-</Unicode>
                </TextEquiv>
            </TextLine>
            <TextLine id="r2l39" custom="readingOrder {index:38;}">
                <Coords points="2468,3534 2494,3538 2508,3551 2541,3537 2578,3543 2597,3536 2651,3572 2689,3569 2698,3467 2681,3463 2661,3472 2648,3464 2601,3482 2541,3454 2500,3461 2475,3450"/>
                <Baseline points="2477,3525 2502,3525 2528,3525 2554,3528 2580,3530 2606,3533 2632,3536 2658,3537 2684,3540"/>
                <TextEquiv>
                    <Unicode>beraubt</Unicode>
                </TextEquiv>
            </TextLine>
            <TextEquiv>
                <Unicode>153
soll getrunken. Der gunier seye am abend und
uhren beggangen, wohin seye ihme unbekannt.
endesen darmit ihre außaagen. acte obstaht.

. Sramen.
6
D 6n dito Novembris 1732. auff obigem
dato habend muloche Großweybel und gricht
Schreiber den Johann Jacob Gunier juniorem
nochmahls examiniert, wie volget.
befragt: er solle bekennen, was er für under ant-
wortliche Reden wieder seinen Vatter außgestoßen
habe.
antwort. er versinne sich nicht weder an die dahmahli
ge umbesonnene rieden noch tahten, er seye berauscht
und allso destwegen vom horn übernommen gewesen
. wie viel wein er bey dem müller Hoos mann
habe helsen trincken.
R. drey Maas; darbey haben sich ein befunden der
Hoosmann brat Ludwig schmied und müller
brügger mit ihme gnner, Die hoosmannin
und der schaaffrot habind mir ein einziges be
Nachwerts etwann umb 5
scheyd gethan.
Uhrer habe er sich von dort hinwegg zum schiff
leüten begeben, allwo er einzig noch eine halb
Maas wein getruncken und darauff heimgangen
Als Er sich an die vorgegangene umbstandt seiner
aufführung nicht versinnen wollte, wurden ihme
deß mfr uhns und ms Meyers eydtlich ge
thane deporitionen wortlich vorgelesen, Worüber
er geantwortet: Er wolle diesere kundtschaffts
Außaagen nicht widersprochen haben, Allein erkönne
nichts anders darüber sagen, als daß er sich an
das vorgegangene ohnmüglich versinnen könne
zintemahlen er teills vom wein teills vom Jorn
dergestalten überfallen und allso seiner sinnenbe-
beraubt</Unicode>
            </TextEquiv>
        </TextRegion>
    </Page>
</PcGts>
