4032 3024
412 560 1465 708 R: Er Versinne sich nicht, daß all die weil sie das erste
436 634 1284 776 mahl in der stuben waren, es so weit kommen
401 721 1448 828 D: Ob nicht auff diesen Schlag hin Er auch nach dem Vatter
409 783 1173 922 Geschlagen, Ihne aber nicht getroffen habe
406 857 951 980 e. er wüße darvon nichts
401 903 1474 1050 B. ob er Jacob nicht darauff hin in die Küchi gangen, all
412 998 1484 1144 wo die muter über sein verfahren gegen seinem vatte
410 1071 647 1163 zugesprochen.
394 1146 521 1226 R. Ja.
388 1224 1449 1332 P. Ob nicht der vatter Nachwerts auch in die Kuchi kommen
413 1294 1467 1407 und ihme sein ungebuhr vorgehalten, er dann ihme
397 1351 1465 1449 alten schelm alten Lump galgen vogel geheißen
412 1416 1295 1538 und ihme andere käster wort zugeredt.
391 1479 1467 1616 e. er versinne sich an nichts anders als an das wort
397 1557 671 1676 alten Lump
382 1633 1455 1775 u. Ob er nicht auch ein scheit ergriffen und den vatter dar
406 1711 821 1820 mit betreült habe.
387 1789 1479 1926 N: Er versinne sich nicht, daß er ein scheit genommen hate.
382 1876 1443 2004 P: Als die Schwöster Ihme das Scheit aus den handen
393 1962 1429 2077 genommen, ob er nicht über ms kuhn und übrige
392 1999 1467 2130 Anwesende hinuber gerekt, und seinem Vatter eine
378 2071 1391 2215 stoß versezt habe, das von er zu boden gefallen.
388 2151 1445 2273 f: er eerinere sich nichts daran, wüße nicht daß sein
402 2218 882 2345 Vatter zu Boden gefallen.
389 2298 1451 2433 2. Ob er nicht nachworts zu seiner muter gesagt, hatte
374 2382 1434 2510 Ich nur dem alten Lump recht können stoßen, ich
388 2451 1442 2586 wurde ihme die augen auß dem grind gestoßen
370 2496 525 2600 haben.
381 2570 1455 2719 R. er besinne sich nicht daran, wohl wüße er, daß
394 2672 1446 2779 er das wort alter Lump gebraucht habe, weilen
381 2723 993 2829 Mann ihne übel Mißhandlet.
378 2791 1456 2937 . ob er nicht mit dem degen hinder seinen vatter her 95
388 2850 698 2976 rahten wollen.
363 2949 1437 3083 R: er versinne sich nicht, daß er damahls einen degen
386 3011 540 3113 gehabt.
362 3108 1435 3247 e. mann habe ja ihme den degen von der seiten wege
387 3158 581 3236 genomen.
380 3224 1447 3358 e. er wuße nichts mehr darvon, wann demme allso
370 3287 1314 3435 so werde er im sinn gehabt haben außzugehen.
1118 3422 1360 3540 z ob er
2621 374 2698 463 157.
1549 467 2720 652 Iob ernicht nach diesem allem als sein vatter widrumb
1568 567 2655 727 in seine stuben kommen, ihne im santenil mit beydem
1565 624 2720 795 hinden gefaßet und am halß dergestalten getruckt und
1570 708 2645 856 gebuegt habe, daß er umb hilff geruffen habe?
1561 789 2722 950 d. Der vatter habe dazu mahlen ihne wiedrumb angreiffen
1571 844 2728 996 wollen, Da habe er Jacob zu demselben gesagt er solle
1560 916 2710 1069 still seyn, habe ihne in den seßel gesezet und mit der
1576 981 2729 1160 einten handt vor an der seust gehalten, damit selbig
1574 1054 2689 1232 ger ihme nichts tuhn könnte, Darauff hin mann
1567 1139 2730 1316 ihne beym haar zur stuben hinauß geschleppet und
1575 1229 2732 1400 ungüetlich mit ihme umbgangen. er versinne sich an
1590 1292 2733 1462 nichts anders, er seye berauscht und im zorn ge-
1567 1371 2701 1534 wesen. er bekenne, daß er gefehlt habe, bätte
1568 1450 2735 1614 gott und eine hoche oberkeit umb gnad und ver-
1575 1563 2224 1712 ziehung. Actum ut Supra
1573 1668 2731 1855 zufolg Megher befelchs habend melchen v Groß.
1580 1775 2757 1929 weybel und grichtschreiber umb sich zu erkündig.
1573 1861 2737 1998 ob der junge Guiner starck beranscht gewesen
1582 1955 2722 2080 und wie viel er selbigen tags würklich möchte
1585 2032 2059 2154 getruncken haben etc.
1584 2094 2492 2264 Ms Griederich Ruln Meßerschmied.
1576 2225 2758 2335 zenget: Der junge dunier habe zwar dem ansehen
1581 2329 2761 2426 nach einen guten Rausch gehabt, dennoch habe Er die
1576 2362 2777 2504 Red, auch steg und weg ungehinderet brauchen können.
1578 2431 2769 2584 habe aber geschwohren und gefluchet, wie selbiger ins
1588 2532 2783 2649 gemein, so viel er ihne kenne zutuhn in nebung habe
1585 2610 2792 2723 wann er wein im kopff hat, allso daß außert seinem
1586 2675 2784 2813 rtasen und wurten, er gezeüg nicht hätte beobachtet, daß
1595 2767 2729 2888 selbiger seiner sinnen ware beraubet gsin. seines
1600 2831 2790 2987 bedunckens seye der vatter mehrers beräuscht gewee
1586 2905 1977 3011 isen als der sohn.
1574 3001 2490 3175 msr Samuel Meyer zeugschmird.
1599 3090 2787 3266 bezenget. Der junge Bunier habe sich zwar an der
1586 3139 2751 3341 red nichts gestoßen, sonder habe flätig man,
1588 3212 2763 3410 stößig und wohlbedacht dennoch zoring gereit.
2500 3450 2589 3553 Er
