4032 3024
467 523 1478 691 Proeclamation eine simm von 1000 the
483 636 1473 781 dem Entdecker deßelben zur belohnung an
481 725 1475 839 bieten und verheißen laßen, wordurch dann
475 792 1476 956 derselbige deß volgenden Abends behand¬
480 875 1452 1028 get und in oberkeitlichen verhafft gesezet
1091 975 1119 1038 e
479 985 1456 1110 volgends den 3 und 4. decembris
470 1073 1450 1201 1736. durch meinen hochgeehrten herren
472 1140 1471 1285 heymlicher Schöni als hierzu verordnetem
460 1235 1477 1373 herren examinatoren wie auch muloheren
468 1333 1465 1440 Großweibel Freudenrych und grichtschrei
460 1410 1457 1554 ubern von Graffenried in der gefangen,
455 1527 1474 1637 gschafft beywesend verschiedener herren ehren
458 1603 1467 1748 Bliederen deß großen Rahts guetlich ohne
457 1687 1468 1813 einiche Peinliche betreuwung eocaminiert
454 1774 1465 1910 und von ihme nachfolgende bekanntnuß
436 1866 879 1990 erhalten worden.
430 1991 1465 2106 befragt: Auff was weise, in welchem Absehen
438 2093 1465 2209 oder aus was grundt Er den Vorsatz zu der
437 2169 1483 2302 veruebten so greüwlichen Antaht abgefaßet
426 2254 540 2357 habe
445 2323 1482 2490 Antwort: Er seye der alteren Jung fr: Zechen
447 2444 1441 2569 oder seit zwey oder mehr jahren in zweyen
449 2512 1459 2661 obligationen zusamen s 500 capen schul.
438 2615 1473 2749 dig gewesen, deren Bezahlung Sie dermahlen
441 2687 1480 2812 hefftig von ihme sollicitiert habe mit betrenen
456 2774 1481 2895 ewen Ihne darumb Rechtlich zutreiben; deßent
456 2847 1437 2984 egen und weilen er nunmehro nicht im
434 2937 1440 3082 stand ware die bezahlung zu leisten, Wir
449 3004 1476 3146 auch weilen ermit und wegen denen Tochte
446 3077 1476 3231 sechender viele vaccationen und bemühung,
450 3170 1467 3335 gehabt und einiche belohnung darfür nicht
458 3241 1489 3419 Erhalten, anbey Er große Passion zum sticht
1229 3450 1387 3548 gehabt
2603 502 2701 573 208
1670 544 2680 675 gehabt. So habe er drey oder vier tag vor
1684 619 2697 743 hero den unglüklichen grausammen entschluß
1679 702 2672 843 bey sich allso abgefaßet, daß namlich er
1696 766 2679 890 etwann vor nachteßens-zeit sich daselbsten
1675 847 2676 988 anmelden und etwas fingiertes præter.
1671 925 2706 1054 itieren und dann die beyde tochteren samt
1684 1021 2706 1151 der magd massacrieren und nidermachen.
1599 1114 2709 1259 sfolgends seine Obligation zerreißen, beine¬
1668 1174 2721 1301 ebens alles was er immer könne an gelt oder
1668 1273 2718 1394 effecten wegnemmen wolle. Dieser pro-
1664 1341 2737 1494 jeet seye ihme eben so liecht vorkommen als
1662 1421 2701 1554 Wann Er Sinns gewesen Vogel zu biesen
1645 1518 2688 1659 2. ob er gewüst habe, an welchem ort die
1661 1606 2454 1725 uffecten in verwahrung gelegen.
1654 1701 2709 1818 f er habe eygentlich nichts anders gewußt,
1662 1794 2733 1905 als daß solche in dem oberen gemach sich be-
1667 1852 1845 1965 findenn
1646 1946 2701 2065 E. Ob Ihme nicht bekannt gewesen, daß die
1665 2040 2721 2148 tochteren dermahl mit vielem gelt versehen.
1648 2116 2729 2242 R: Er habe darvon keine eygentliche bekannt,
1648 2206 2717 2325 gschafft gehabt, wohl aber gewust, daß selbige
1648 2281 2605 2414 jederzeit mit vielem gelt versehen sind
1655 2342 2722 2495 . Was für einen dessein er vor sich genommen
2333 2456 2370 2522 2
1670 2422 2330 2576 nach vollbrachter taht zuthun
1651 2534 2738 2636 R: Er habe hierüber keine vollige Resolution
1673 2619 2731 2718 genomen, niemahls gedacht entdeckt zu wer¬
1672 2675 2741 2816 rden, sondern lediglich daß er wolle schauben
1679 2744 2460 2887 die es deßfahls hergehen mochte
1654 2856 2706 2948 E: ob Er nicht einiche andere Rancune oder
1671 2924 2637 3032 Raach wieder diese töchteren getragen.
1648 3000 2715 3129 f Nei: Nicht die geringste. Er wüße wohl,
1673 3092 2732 3205 daß je mehrere Ursach er zu dieser leidigen
1667 3135 2706 3284 taht anbringen könnte, Je mehrere gnad Er
1641 3230 2008 3358 zu hoffen hatte
2404 3344 2628 3457 E. Ob Er
