4032 3024
314 399 1534 662 F Audtlichen Ward dieser Kel s, ofur den bey der
432 527 1539 733 Diebs, Hande zu Seengen sich einbefundenen S¬
441 645 1511 818 miß stich vernuchtet worden: zwar bekanntlich.
428 730 1524 903 daß e a 1728 zur zeit als der raub zu Seenge
426 839 1525 1001 beschehen, der enden baaden und Muri sich befunden
413 914 1504 1089 habe; Wollte aber mit nichten gestehen so wenig
436 999 1522 1156 als sein Cammerad und die mitgefangene weibs
417 1079 1522 1227 mentschen ohngeacht aller ernsthaffter exchortatione
432 1175 1477 1306 und vorstellungen, daß er einer von gedeüter
411 1246 860 1365 Rauber, Rott seye
409 1332 930 1471 Actumut Supra.
816 3241 1501 3434 Sekamntnuß und Vergih
1581 2623 1634 2709 A.
1657 557 2644 739 Bokanilnuß und Bergietzt
2104 702 2216 800 Deß
1774 762 2582 973 Sulhelm Hirschbergers
1693 920 2701 1083 gebürtig von Köllen am Schein von etwann 37
2054 1027 2409 1161 jahren alters.
1666 1149 2755 1327 Dieter Wilhelm Zirschbergers Ist auch wegen allhie,
1670 1288 2747 1397 Dsigeis Tühren, Weybeln nachjagen neben vorgemell
1696 1352 2760 1477 tem Frantz stockhammer und deren 3 weibs bilderen
1680 1436 2749 1555 zu solotuhren angehalten und in gefängnuß gesezt,
1692 1511 2729 1643 volgends auff ihr gn abforderen von Loben im
1681 1596 2738 1713 standt solotuhrn krafft vertragen außgelieferet
1695 1687 2703 1797 und gewahrsammlich in allhiesige gefangenschaft
1684 1735 2741 1869 gebracht; Nachwerts durch gleichfahls den
1684 1823 2725 1942 hochgeachten muchhl zeügherren stürher, hierzu
1694 1907 2747 2025 gestelltem herrn examinatoren mit zutuhn msohl.
1697 1980 2780 2104 Großweybel Küpffers und grichtschreibern freüw
1686 2062 2743 2190 Denruchs den 90 d 8 29en augusti den 10 und
1773 2139 2759 2269 ten e oris deß 1732 s jahrs anfangs in der
1684 2159 1784 2227 20
1684 2216 2777 2340 güete, dann auch ernstwortig und durch ansezung der
1663 2292 2777 2408 Streck mit anheickung 25, 50, biß auff 75 lbn ge
1692 2384 2767 2497 wicht examiniert worden, Wordurch er nachfolgende
1671 2439 2760 2584 bekanntnuß und vergicht erteillt und antag gegeben
1687 2515 1776 2597 hat.
1706 2591 2768 2795 Erstlichen seye Er ohngefehr seines alters bey 37 Jahre
1701 2707 2720 2857 Von Kollen am schein gebürtig in der St. Johannis
1674 2788 2752 2945 kirchen allda getauffet und der Lutherischen Religion
1675 2858 2712 3017 zugethan, deßen elteren Lorentz Hieschberger ein
1677 2974 2760 3100 Goldtschmied von Köllen und Madlena Waerner auß
1668 3042 2694 3184 Magdenburg gewesen. In dem 1t jahrseines
1673 3128 2705 3233 alters seyen deßen elteken abgestorben, er dann
1679 3199 2737 3328 nachwerts zu Weesel zu Amsterdam auff Seedam
1661 3261 2717 3391 bey bierbrauweren und anderen persohnen etwelche
1652 3332 2210 3447 Jahr in diensten gewesen:
2434 3391 2638 3521 2. Vor
2677 478 2762 560 105
