4032 3024
524 513 1543 669 13. Welen nun weder das mlunz Privilegium
535 608 1498 768 zum Standt konnen, noch ihme gute Mlunh
537 683 1515 862 Matri Jergehelen worden, und dann mit dem
527 769 1497 919 gelieferten pflechten matatt nichts zuschaen
527 855 1497 997 haben wollen, so habe der obervogt s zworff
525 926 1519 1088 ale und jede zum Mlunzin verhanden abe sone
496 993 1489 1151 enotrment und Stampfel by sein schmides
516 1085 1494 1207 abloesen auß dem schloß weiß waßerstelzen
510 1167 1500 1319 hinbeggnenen und in das schloß Rötelen trand,
508 1245 1469 1395 inpiostieren laßen. Auch nachsterts, wie
524 1337 1499 1471 gemellt seinen sohn fiannel schmid von dem
503 1427 1452 1557 vatter ab und dorthin gezogen nit bey
503 1498 1485 1628 3 monaten behalten. Alda habe der sohn
503 1552 1501 1705 mit hil das Larnli Scheüblit gmant Stiefels
503 1643 1441 1779 ult zehudlechts und der Kachter flara auß
507 1731 1470 1840 derselben und ihrer vatters des obervogts An
494 1807 1491 1930 stirb von selbsten mit muntzen zu arbeiten und
510 1879 1495 2012 Suplown a Double t von 6. th 3 zumachen
493 1975 1446 2093 vorgenommen, allein wegen allzugeringer und
491 2027 1471 2160 Spräder materi darmit nicht fortkommen können.
491 2090 1483 2223 Sondern er der Vatter seye auch noch Rotelen zu
497 2179 1432 2310 racht und lilß beruffen worden, da dann
488 2260 1450 2391 Erd gedaute schlechte matrri mit einem u satz
494 2339 1476 2449 von gutam Gold verbeßeret und darvon also
485 2415 1431 2540 beld bey 20 stuken von gemelten Frantz.
492 2483 1465 2619 dube art zur zrob verfertiget warden
482 2566 1459 2684 welche da auch schön und sauter herauß kommen.
476 2631 1476 2766 Worauff hin er das verhanden getoesaw übrige
505 2699 1468 2826 gald dem sohn, den stiefel und der tochter
497 2770 1517 2910 völlig zu verarkeiten überlaßen, mit sich gleichen
496 2838 1501 2981 tacght wiederumb nach dem weißen schloß begeben.
488 2915 1474 3059 obigesamtliche verhanden gewesene ematern wore
490 2979 1451 3111 sufficieet 10, 80, biß 100 odro in Circas
485 3066 1491 3201 Widiel stunt diher gattung dahe zu 6. t
493 3117 1497 3271 zu Fabricieren, halbete in dem schrott d Carat,
490 3189 1427 3333 anstatt, daß das franz Dublonen, gott vor
498 3264 981 3390 21. Carat innzalts steye.
1261 3353 1350 3427 14
2721 476 2783 547 43
1781 561 2813 676 m Anzwshen und medireib der sohn auach zu
1811 620 2789 751 retelen sich befunden, habe er der vatter dor
1799 719 2824 831 waiße schloß verlaßen und sich ams bnaden
1811 788 2833 922 verfüegt, alwoten der sohn ihme bald darauf
1785 866 2812 986 hachgefolget und so zustagen wegnend werden
1782 942 2781 1054 sten, daß des obervogts tochter allerhandvon
1790 1020 2771 1161 gard schlachter Matren lünßtlen wollen und
1783 1086 2803 1221 lemner seiner vorstellungen gehör geben, sonderen
1794 1179 2808 1310 underd anterem einmahl ihme gestagt habe, wann
1774 1252 2778 1390 sie die studt auff mösch haben wolle, war
2337 1320 2800 1444 dahero er auch von
1781 1348 2221 1446 es Ihne angehen siche
2225 1342 2347 1410 16
1765 1391 2804 1520 Retelen hinbeg kommen steye und der votters dann
1780 1457 2801 1597 darauff reffcition gemacht und sein bedacht der
1768 1540 2820 1675 forkterung solcher gefahrlichen schlechen arbeit im
1774 1625 2628 1766 ende zu erlachen, zu dem Ech habe
1760 1730 2799 1899 15. Er sich samt dem sohn wiederumb nach dem
1755 1833 2805 1980 warden schleß verfüegt und dem obervogt die
1749 1892 2808 2037 Stempfel under dr ateat solche außzubzen und
1758 1976 2757 2116 vor der einastung zubetahren abgeforderet
1761 2047 2796 2197 auch selbige allesamb von ihme erhalten, dieselben
1765 2141 2808 2258 dann in einer druken und er einem Felsen Linder
1766 2220 2800 2340 dem weißen schloß verborgen und sich fort begeben,
1742 2291 2735 2417 folglich den obervogt durch schreiben samtliche
1740 2351 2820 2504 inotrument in den schem zunfersenken sollicitiert
1748 2440 2807 2572 und endtlich den entschluß darzu erlanget worun
1735 2501 1886 2632 a
1738 2626 2756 2778 16. er Schmid mit seinem sohn die Stampfel
1743 2699 2773 2836 under der fluche wiederumb hervor genomen
1731 2777 2795 2914 selbige nach Rötelen überbracht habind, allso solche
1741 2858 2730 2992 von dem sohn und dem stierel in den Rhen
1745 2926 2763 3047 geworfften und von dem obervogt verheißung
1734 2996 2775 3120 getahnn worden en gleiches nit übrigen gnotea
1731 3074 2709 3179 menten und marhineo auß neben ze laßen
1733 3119 2809 3269 Ob aber solches wiederfahren, seye ihme unbew
2503 3260 2690 3375 117. Im
