4032 3024
390 404 1540 660 entwendt und fortgetragen, Ihee hen und
372 520 1543 738 aus der Fleinten 2 Frenterols erloßt, den Roct aber
371 592 1525 815 habe der beraubte mann nachwerts wiederumb be
374 656 539 771 kommen.
350 741 1511 980 8 zu Signauw dem wihrt byi Rohten Luhen habe
375 845 1507 1041 er auch einzig nachts eine kindts-haut entwendt und
361 903 1533 1141 solche dem gerwer im Eggwyl umb 3 s verkaufft
362 998 1527 1224 9. Im Buchhalter Berg habe er auch einzig bey nacht
375 1097 1528 1314 eine salbeten, haut entfrömdet und gleichen gron
371 1185 1232 1343 im Eggiloyl umb 52 b Verhandlet.
345 1280 1518 1474 ad In dem pintenschrnck hauß zu hochstetten habind
358 1346 1503 1550 ihrer drey mit namen Ulli Berger der pintenschendl
353 1443 1467 1629 selbsten Niclans Lugibüel und er zimmermann
359 1510 1498 1695 einanderen geholfen dem herrn herrenschwand einem
361 1619 1502 1777 Weinhändler von Murten so allda losiert 5. spe
365 1692 1452 1843 icies Dublonen aus dem sack nemmen, welches
355 1766 1515 1922 gelt sie under einanderen allhier in bern mit scpiche
358 1839 1105 1989 ilen und sonsten verbuzt habind.
347 1940 1476 2124 dn. Zu Dießbach auff der hauben genannt habe er
347 2074 1493 2183 tags inheüldungszeit in einem hauß aus einem
345 2115 1515 2258 trog 4 th in gelt und u paar rohte weiber, strunft
353 2207 1496 2328 entwendt. Darauff hin er ergriffen nach sig
352 2282 1489 2424 naulo gefangen geführt und wegen sammtlichen obge
364 2371 1495 2494 dachten diebstählen all da offentlich mit ruchten gestel
360 2449 1485 2570 chen gebrandzeichnet und aus ihr here landtver
357 2532 1492 2658 wiesen worden. Bey diesem zeichnen seye der wagn
347 2605 1489 2742 isenmeyster aus ungeschiklichkeit mit dem eisen der
925 2694 1015 2757 lihe.
345 2687 1451 2826 maßen ihme auff dem b herumb gefahren
318 2782 1499 2896 Eo daß er darvon nider gesuncken, Da habe selbige
347 2828 1490 2984 das eisen ihme vollends auff den leibfallen laßen
317 2910 1460 3057 solches nachwerts wiederumb gefaßet und darmit
332 2967 1490 3131 ihme noch einen kupff auff die seiten geben, das
342 3037 1472 3216 auff er sich heym begeben d11 tag lang in geheyn,
346 3128 1478 3267 bey seinen elteren sich auffgehalten und sich in etwat
321 3190 1453 3361 habe surieren laßen, in demme er sonsten nicht im
333 3282 1442 3408 standt gewesen weiters zu gehen, hernach habe sein
338 3297 1492 3505 vatter selbsten ihne nachts biß nacher Solosichen geführt.
1293 3435 1404 3508 mit
1524 3030 1607 3150 8
1536 1772 1610 1881 A
2700 292 2818 372 136
1625 361 2804 609 mit obigem brönnen habe er eine lange zeit zu
1619 443 2803 707 schaffen gehabt, eher bevor solches völlig geheilete
1622 685 1773 765 ware.
1643 670 2793 895 Von dannen habe er sich nacher Sasel verfüegt und bey
1637 753 2820 977 daselbstigem spittal Kuyer ein monat lang gedie
1636 843 2806 1056 mit: Von dorten seye er auff neüwenburg hin.
1635 922 2825 1129 kömnen und dasiger enden eine zeit lang mit denen
1604 1011 2745 1241 Kaufer Jägeren umbher gezogen, daselbsten
1622 1122 2810 1341 N Habe er mit hilff deß täuffer Jäger Widmres
1638 1238 2812 1387 einem küherder bey ihnen in gleichem gemach
1627 1310 2822 1467 übernachtet aus dem sack 15 th in gelt genommen.
1628 1381 2813 1563 deßentwegen alldorten zu Neüwenburg auch in Vor-
1618 1466 2795 1649 shafft gesetzt außgeschmeizt, gebrandmahlet und forte
1630 1600 1948 1734 geführt worden.
1645 1745 1714 1826 et.
1632 1741 2816 1887 geenacher habe er sich bey einem halben jahr zu Murten
1631 1833 2839 1961 bey einem bier sie der im dienst auffgehalten und
1623 1919 2831 2035 sich wohl zu deßelben vernügen auffgeführt, allda
1624 1992 2832 2109 habe er sich mit einer zimmblich betagten weibspersohn
1633 2066 2843 2194 von würtigen ehelich versprochen, die da ihme albereit
1636 2141 2812 2262 viel gelt zu ghalten gegeben. mit dera vorwißen
1618 2204 2826 2357 habe er sich zu abholung seines heimathscheins nach
1607 2296 2806 2439 hauß verfüegt und von ihrem gelt d0 tha mit-
1609 2387 2794 2526 genommen. Während seiner heim Reyß habind
1622 2447 2812 2625 dieser weibs persohn gehabte seüeder in erfahrung
1616 2516 2822 2694 gebracht, wie er albereit außgepritscht und gebrand,
1612 2581 2811 2773 marcket worden und auff unwahrhaftes vorgeben
1616 2644 2815 2861 ob hatte er obige 20 tha gestohlen etc. ihne bey seiner
1607 2709 2784 2926 Ruck, kunft in verhaft sezen und so viel zu wegen
1618 2797 2791 3009 bringen können, so daß ohne andere ursach zu Murten
1617 2854 2771 3098 abermahl offentlich außgeschmeizt und bannioiert
1603 2945 1758 3057 worden.
1617 3024 2831 3309 son dorten habe er sich in das luzeren gebiet begeben, alle
1601 3112 2828 3397 da mit garn gehandlet und sich mit ehren durchzubrin
1594 3202 2773 3444 igen getrachtet, De�entwagen er bißweilen nacher
1585 3292 2768 3529 huttwyl zu Markt gegangen, daselbsten habind
2503 3573 2766 3710 inmahl
