4032 3024
304 497 417 600 940
404 528 1375 715 Beckantnuß und Vergicht
775 663 902 758 daß
558 694 1341 849 Hanns Meorgeneggs
387 807 1411 937 LechenMüller von Siggisperg sonst von
419 901 1441 996 Oberwangen der kirchhore könitz gebürtig,
420 969 1173 1094 von etwann 35 jahren alters.
373 1083 1430 1240 Nachdemme Mighen n den rähten zu hoch
400 1213 1459 1328 istem bedauren von dem Freÿweibel Zū Thūrnen
411 1283 1451 1402 die betrüebte nachricht eingeloffen. Wie daß
392 1359 1462 1471 zinstags den d5ten octobris 1737 ohnweit dem
399 1438 1441 1555 Dorff Riggisperg an einem ort genant in der
384 1510 1380 1635 Rüti eine weibs persohn namens Maria
387 1572 1408 1698 Kranger ohnweit ihrer wohnung in einer
381 1657 1427 1772 Matten oder weyd von einer erwürgung todt
399 1721 1460 1854 auff dem boden liegend angetroffen worden.
335 1799 1420 1931 er verdacht solcher mordtaht nun auff diesem
379 1899 1450 2020 Hanns Morgenegg (der da mit gedeüter
388 1947 1438 2085 weibspersohn genauwen umbgang gehabt.
406 2023 1411 2161 nicht unbillich gefallen. deßentwegen er
388 2100 1439 2230 aus vorgekehrter anstalt in seiner lechen
392 2184 1424 2314 muhle zu Riggisperg behändiget, in verhafft
383 2265 1410 2389 genomen, auch nachwerts gewahrsammlich in
393 2349 1463 2455 allhiesige oberkeitliche gefangenschafft gebracht,
399 2406 1420 2536 daselbsten aus hochgedacht ihr gr befelch
394 2492 1414 2610 beydes durch meinen hochgeehrten herren
398 2564 1435 2674 rahtsherr Lerber als hierzu verordneten
364 2642 1462 2764 herren examinatoren und auch meiherren
369 2712 1466 2846 herren großweibel ihrendenrych deßen statt
385 2792 1450 2932 haltern herren land ehlahoren koch und
382 2860 1434 3002 herren regestratoren ernst dermahligen
398 2933 1426 3074 dice grichtschreibern zu underschiedlichen
403 3023 1434 3139 mahlen als den 16 a9 2t und 29
404 3088 1444 3215 octobrio diß m 37 s jahrs güetlich ohne
394 3156 1453 3288 betreuwung noch zeigung der marter über
406 3225 1432 3355 solche antaht eocaminiert und zu red ge-
396 3310 1451 3416 stoßen worden, welcher dann nachbe
1255 3417 1465 3519 schrarber
2583 477 2671 547 221
1628 496 2657 642 nachbeschriebene freywillige bekannt nuß
1628 587 2680 721 und vergicht erteillt und von sich gegeben hat.
1612 684 2656 805 neammlichen und erstlich befinde er sich in un
1633 761 2652 886 verehelichtem standt, seye in jungen jahren
1631 835 2659 931 seiner elteren durch den zeitlichen todt be-
1624 899 2599 1029 eraubet nachlerts hin und wider in der
1619 983 2668 1109 kirchhore köniten biß zu einem angewachsenen
1636 1066 2671 1187 alter verfastgeltet, allso under fromden
1595 1148 2665 1243 leüten aufferzogen, dennoch aber zur schul
1623 1227 2657 1336 und nohtiger underweisung angehalten
1624 1288 2656 1387 worden, in maßen er deß schreibens und
1601 1379 2695 1501 lesenswohlkündig seye, als er wie ge¬
1617 1448 2707 1566 mellt zu jahren gelanget, habe er bey Peten
1618 1552 2715 1658 derger damahligem lechenmüller zu Ober-
1606 1619 2710 1720 Scherli das müller handtwerk erlehrnet und
1613 1695 2669 1815 seithero an verschiedenen orten auff dem
1619 1774 2710 1884 handtwerk gedienet, biß daß er den 20.
1607 1863 2739 1970 Meyen letsthin die obere mühle zu Riggisperg
1621 1937 2480 2054 lehensweise in bestandt genommen
1581 2037 2716 2149 Danuethin So habe er in diesem seinem lebens
1631 2079 2711 2222 Lauff absonderlich Liebes, bekanntschafft ge¬
1626 2177 2664 2294 macht und genaulen umbgang gehabt.
1693 2255 2675 2383 No mit deß Matysen von Niderhäuseren
1617 2327 2670 2471 tochter von Welcher er der eheversprechung
1639 2432 2726 2528 und schwangerschafft halben beklagt in einen
1629 2494 2699 2633 ober thorgrichtlichen rechtshandel gezogen,
1631 2569 2668 2673 allein daselbsten, weilen das Eint und
1629 2655 2683 2771 andere sich nicht erfunden, ledig gesprochen
1631 2696 1846 2810 worden.
1656 2780 2629 2948 2. mit deß Wald ammann Känsen vor
1630 2875 2653 3016 Riggisperg tochter, da dann sie sich ehelich
1637 2985 2670 3089 gegen Einanderen Verlobt, dennoch die
1635 3032 2704 3161 Einwilligung ihres vatters vorbehalten
1635 3097 2693 3241 der aber seinen conseno außgeschlagen.
1638 3182 2655 3316 dahero nichts weiters daraus erfolget.
2476 3334 2658 3469 3 auch
