4032 3024
1916 358 2893 621 Bekantnuß und au ergisch
2077 535 2827 758 Bandael Kehelard
1780 686 2895 909 Eines strumpffstrickers von Ageberg gebur
1788 779 2713 985 seig von Wann 23 jahren alteros
1760 954 2844 1179 Nachdanr diser Sanuol Kcherand
1772 1085 2869 1272 so sit anztmahtigem herbst als kircht bey ben
1788 1191 2871 1355 uff Stämpflli im Elsbeth Moser zu Kop
1789 1249 2866 1431 singen amts Friemsperg gedienet, auß anklag
1799 1336 2843 1537 von gedeüt seines ebrysters weib in verdacht
1787 1450 2850 1608 können, ob ware er mit und neberg gedachter
1779 1525 2872 1703 Elsbeth im stiffter und Urheber von eit oder
1781 1621 2877 1789 anderen der dreyin zu Anfang diesers jahrs
1788 1717 2861 1883 zu Kopsagen entzstandener Feitort Brunsten
1776 1818 2880 1958 gelasen, deßentwegen anfänglich zu Garberg
1783 1906 2841 2026 in verhafft gerahten, nachstwerts danne auß
1769 1990 2858 2135 Ihr Anaden befelchn gewahrsamlich allhero
1790 2065 2889 2220 geführt worden, dieser taht halben aber ohngracht
1777 2169 2881 2317 verschiedener freündlich und ernst wörtigen caao
1778 2260 2897 2400 immationen gar nicht bekanntlich seyen wollen.
1768 2330 2873 2500 Da hingegen in während seiner allhiesigen ge-
1779 2430 2887 2582 fangenschafft dieser samnel Lehrwand formlich
1781 2500 2855 2650 beklaget ward, nicht allein mit mehr gedachter
1772 2584 2877 2743 Elsbeth Wloser seines meysters ehetweib öffters in
1770 2651 2858 2824 ehebruch sich vertrabet, sonderan auch einmahl eine
1785 2761 2849 2911 gantze racht dero tachter Catlarina Stämpfli
1780 2835 2878 3008 beschlaffen, also mit der muter und tochter
1779 2920 2868 3076 tahtliche labs gemeinschafft getriben und dar
1780 3004 2826 3166 durch mit der graßen sund der Rutschand sich
1775 3082 2223 3200 befleiket zu haben.
2356 3132 2815 3247 Ald ist hierauf
1784 3152 2870 3339 dieser detinquent über solches schwähre verd
1769 3247 2849 3421 wechnn auß igrd gal befehl von meinem hoch-
2529 3395 2746 3518 gelheten
