4032 3024
353 367 1472 581 Sontags den 10.ten novembris 1732 habend
423 470 1524 714 Naghl und oberen räht und burger morgens
438 549 1519 811 umb 10 uhren am b dem raht hauß in der grß
402 673 1508 885 Stuben zu halbung des erkrnnknn erst und andren
396 739 1493 1004 Landtags Wieder G abeigl Brunes Bagen
422 864 1499 1095 dieser statt rexrt wegen verüebten tadtschlage
417 940 1502 1178 an Maurir dioctono einem gelesenen leßlen
429 1045 1500 1273 auß sapag sich versammlet, da dann des enbleibt
417 1107 1436 1354 Rleider auch hinein gebracht und volgendd durch
399 1223 1480 1428 Mugh  Amts Schuldtheyßen die ursalch dieser
408 1322 1453 1542 hohen versamung angezeigt, nachtarts durch
404 1430 1499 1631 den gricht schreibern jeben dem thron stehnd vor
408 1523 1491 1731 beschribene auffgenommene information abgelesen
412 1602 687 1708 worden
825 1652 1496 1804 und  solchen nach Mlhasl. Wen
563 1720 593 1765 2
416 1716 1464 1869 von Ankernanto als der jnngste herr Nenner dieser
378 1798 1468 1955 Statt brrr in die mitte der Großen stuben getretten,
412 1889 1454 2042 und wieder den tahter das racht begehrt, gst
399 1971 1480 2112 darüberhin die tuhr gräßnet und durch Christabel
388 2051 1471 2200 Roserholdt 2 Secelel s weybel mit zehabener
393 2144 1450 2263 Stimm außanher oben an der raht hauß stegen den
398 2225 1459 2340 Stähler Babriel Grüwr auff hinnach bescheikene
399 2307 1422 2459 wüse gerufen und nach beschehenen aentlichen
379 2386 1420 2540 Rueffen und zaar dry für den eaßten mit
392 2474 1484 2624 dreymahl für den anderen landtag und also des erste
393 2567 1462 2713 under Srÿte Landtag Conderitive vollführt und
387 2649 1467 2778 wrgen nicht eescheinung des getahteren gaberl
391 2729 1470 2879 Brunnes weder des erst noch anderen landtage
397 2822 1478 2971 Darüberhin von mughl und oberen raht und bergen
374 2893 1463 3078 erkennt und durch gesagten weybel an obigen Oot
385 2969 1470 3164 stehend nachgefezlet afentlich ppro damiert undt auß
376 3116 781 3205 geruffen worden.
312 3142 1486 3294 4. Da dann auß ilrd gal befelch der herr Groß weyhel die groß
359 3213 1467 3356 Stuben, tnzr auffgetahn und daselbsten mit Lanter stim zum
376 3262 1471 3418 2 Wahl gwußen hat. Is gemand zugegen, so wider
377 3334 1477 3474 Horiel Bruner wegen an mannrie Bioction begangenen todt,
350 3390 1493 3522 schlagt zu klagen begehrt? Er trette hervor: aldnmn
387 3496 955 3617 Niemandsich herkor getahig
2730 204 2839 276 131
1783 248 2723 533 te d hin  d
1651 356 2868 660 Ist elent Bennr Bürger dieser statt berne
1655 467 2829 755 Nargendt hier fr tatte hersor und solle stich.
1655 562 2830 818 alhier vor racht zur verantworfung wegen des an
1643 659 2873 913 Maurru Bioctions einem gewesenen leßler von
1655 746 2850 1007 s. Magtano auß Cavopi begangenen Eldtschlags,
1652 842 2822 1073 dißen traubrige wahrzeichen gegenwärtig bey dari
1920 945 2787 1151 zum Erstnn Rufes zum Easten Mahl
1650 1047 1846 1166 sollsind.
1937 1048 2831 1245 zum Ersten Rugk zum anderen Mahl
1937 1150 2809 1333 zum Ersten ruff zum dritten mahl
1959 1261 2870 1485 Lanstag ist gleicher gunhalt auß lbige
1663 1343 1967 1491 Zur Ztigten
1666 1404 2666 1556 weise außgeruffen und gesprochen worden
1932 1470 2821 1639 zum zwegten ruf zum d ulahl.
1930 1579 2817 1725 zum zwysen Ruß zum Andeon nahl
1946 1690 2824 1824 zum Payten Ruß zum dritten mahl.
1815 1805 2703 1969 Coner den oclamierten Urbrill
1642 1940 2812 2098 War den tuhlen  Haberl Grunersehen und
1659 2039 2858 2201 Anfresen wird in stätten oder dörferen in Holzern
1676 2135 2833 2299 der felderen zu Waßßer oder zu Land oderd soll
1645 2219 2841 2380 wo rs imner seye, der solle ihme verkunden, daß der
1655 2293 2836 2490 Erst und andere landtag umb den todtschlag, de er
1680 2402 2831 2578 in mtauriu Bioctiono begangen, auf heüt formlich
1660 2486 2845 2687 gehalten worden und der dritte landtag ob vierzehen
1647 2582 2865 2792 tag und unders dreyen wuchen zu halten angestezet seye
1666 2641 2845 2869 damit er sich darzu verfurgen keine sich zu versprechen
1662 2743 2825 2971 dann so Erh auch danzumahlen am glauer Rechten nicht
1666 2843 2838 3060 erscheinen und nicht begegnen wurde, mann als danne
1687 2927 2837 3177 i einen wag mit der urtell wider ihne fürfahren
1665 2998 1822 3119 werde.
1667 3103 2781 3408 Zinstags den 25.ten novembris 1732 als auff dem zu
1678 3203 2843 3470 verführung des dritt und kezen landtags hieword e
1659 3280 2815 3553 preso angesezten tag sind megh und oberen räht
1670 3333 2835 3629 und burger abermahl zu gewohnter stundt amh drnne
2483 3571 2754 3698 Racht hanß
