4032 3024
433 428 1523 656 Keßler aber seyen in der stuben geblieben. In zeit
447 577 1506 735 eines dater etc. hernach seye der Gruner ganzer.
454 619 1533 837 oblaßt und erschrocken widrumb in die stubenvo
426 686 1504 881 sie gezengen aber habe sich hinauß begeben, da seyen
435 789 1503 970 die nachbauren kommen hinzugelauffen, der rohte
437 893 1512 1069 Keßler und der Biohong aber seyen etwelche schritt
460 987 1522 1152 von dem hauß hinweggangen und widrumb hin.
429 1070 1510 1243 zu kommen, der Biochong verdeütete ihre gezei
425 1159 1499 1308 gin, er habe seinen resten bekommen, er seye übel
432 1251 1485 1392 blessiert und als er sich zum liecht genaheret
429 1328 1502 1497 jahr sie gezeügin das blutt von ihme außrinnen
428 1423 1527 1568 darauff mann Ihne verbunden, das blutt gestiert
435 1512 1493 1651 und ihne die ganze nacht besorget: der gruner
435 1603 1492 1715 aber habe sich aus Raht der Nachbauren beyseits
414 1689 1475 1828 gemacht. Im übrigen habe sie gezeügen weder
413 1802 1500 1908 Meßer noch anders gewehr nicht gesehen, noch
420 1857 1494 2010 auch bemerckt, daß ein streich oder stich gegen
424 1944 728 2063 iben worden.
390 2190 1479 2378 Poter Hapler von St Maglan aus Saloy von
436 2328 1056 2462 etwann 32 jahren alters.
391 2422 1488 2554 sagt aus. Vor etwann 8 tagen habe er dem griner
418 2517 1506 2651 einen kupffernen dronnhafen verkaufft, woran selbige
396 2598 1486 2722 ihme annoch 3 s und etlich sazen schuldig verblieben.
411 2657 1474 2817 gesterigen tags den 23. 7ombris habe der grunner
403 2735 1476 2879 ihme gezengen vermeldet, er seye mit dem hafen
420 2834 1474 2979 nit völlig zufrieden, er gezeug solle ihme einen
411 2921 1468 3065 anderen schaffen, gabe Ihme auber ein Schoplin
405 2996 1455 3145 wein. er gezeug ware deßen wohl zu frieden
408 3089 1476 3213 mit verdenten er wolle zu ihme kommen, gleichen
398 3126 1501 3319 tags im vorbey gehen habe er sich nebst dem blster
405 3219 1493 3362 den Bioctionas und Mauritz Bistard auf den
401 3288 1492 3482 abend zu ihme verfüegt, ( versinne sich nit eygenten
1293 3449 1420 3572 lich
2683 489 2766 569 123
1940 458 2305 597 Graner
1696 581 2719 705 lich ob der grnner bey ihrer anfunfft bereits zu
1696 658 2736 794 hauß gewesen oder nicht, einmahlen habe er ihnen
1715 736 2780 863 ins zu trincken proponiert so sie auff ihre unkösten
1694 823 2734 936 angenommen, sagende, weilen sie weiters nicht als
1696 889 2731 1022 nach Waberen zu gehen gesinnet, können sich wohl
1703 984 2751 1089 in soweit auffhalten, allso seyen sie in herren grünners
1672 1061 2755 1179 Stuben hinrin gangen, habind allda eins getruncken
1694 1149 2740 1255 der Gruner ware in etwas berauscht, dennoch habe
1684 1217 2755 1343 er bey ihnen nicht mehr als ein viertelin genoßen.
1688 1322 2763 1409 Mitlerwyl habe der Grüner das Wald horn geblasen
1698 1395 2760 1499 der verwundte Begona aber darzu gesungen, Nach
1688 1465 2782 1594 oerts habe der gruner und der blessierte herong
1703 1530 2739 1659 mit einanderen geganglet und jeüer diesem den
1685 1620 2745 1746 hut ab dem Kopff gefällt, darbey aber dennoch
1691 1707 2768 1837 kein zorn müchtiges noch ehr kühriges wortge
1684 1789 2764 1910 fallen, Endtlich habe hr Grunern ihren mann
1666 1882 2761 1975 Inns bott gemahnt, dera er auch folg geleistet:
1673 1961 2732 2073 Baum ware er die zeit eines pater etc. im bott
1679 2034 2753 2155 So hatte er den blessierten Begong weg gehen gegen
1681 2118 2758 2224 heyßen, welches sie dann allerseits tuhn wollen
1669 2197 2771 2301 In demme stuhnde der gruner im boßen hembdauff
1685 2266 2734 2382 hatte den Bioong widrumb wie vormahls ange¬
1678 2331 2742 2458 stastet und gesprochen, du donners bub ich will
1678 2429 2705 2533 dies zeigen, gienge nach dem Sett und zoge die
1673 2490 2765 2640 hosen an, gienge allso auff den olessierten Bevong
1682 2586 2768 2707 loos, Nach demme sie nun einander gehalten und
1688 2657 2747 2778 mit Einander geringen, seyen Sie beyde herdfellig
1679 2738 2726 2868 worden und der grunner mitenkommen, er gezeüg
1685 2822 2753 2932 vermahnte sie von einander zu laßen, welches siraug
1678 2893 2731 3016 gethan, Darauff hin er gezeüg hinaus gegangen,
1685 2974 2707 3095 habe einich gezucktes Meßer noch auch einichen Stich
1691 3040 2708 3167 Versezen nicht gesehen: In der Stuben aber seyen
1675 3124 2728 3245 verblieben der Grüner, deßen fr und magd, der
1666 3194 2706 3338 blessierte Bepong und der andere Keßler: Als Er
1663 3290 2709 3416 gezeng nun drüßen, hörefe er den gënner schreyen
2500 3441 2641 3526 mann
