4032 3024
341 519 422 637 B
466 496 1453 641 Am seitag den 3. ten marti letstlhin hae
446 585 1461 757 Sie auch den Scharß richter Alliner zwar under
440 663 1369 809 dem stamen einer anderem weibs Prrston
443 755 1448 901 rahtes gepflegt und zur Antwort behalten,
437 812 1455 996 Er könne nicht bemericken, obselbige schwangen
443 917 1475 1087 seye oder nicht, sie werde es am beßen wüßen
441 999 1463 1155 von ihme aber mitel zu einem trandk enpf
433 1080 1463 1237 dardon sie desßelbigen tags zwey glaß voll
450 1152 1436 1308 eingenommen. Selbigen abends allean
435 1249 1403 1406 umb neüm uhren (da sie albereit im bett
423 1337 1426 1473 ihr vatter und bruder auch in glinzerd stuben
429 1420 1389 1543 gelegen habe ein hefftiges bauch Grnnen
404 1499 1436 1618 Sie angestasßen, so daß Sie auffstehen und
432 1593 1404 1725 der sauben umbher gehen müeßen, schriebe
423 1668 1450 1797 aber diese schmerzin, gleich ihrem vatter, dem
1098 1743 1449 1870 Dieder bauchlache
406 1761 980 1875 eingenommen Trand zu:
417 1823 1456 1972 haltite van zeit zuzeit am biß am mlorgen gegen
423 1937 1416 2060 vieruhrn, inmaßen sie in meinung solcher
418 1998 1414 2139 zu himmen auß des vatters gehzeiß mönn umb
427 2079 1411 2215 ist ihr sich ein supplin zegerichtet und dar
950 2156 1453 2260 Als aber keine Milterung
415 2160 723 2286 von gegeßßen.
415 2231 1429 2356 erfolget, habe sie dem vatter ersucht die wihrlin
417 2326 1456 2449 herbey zu beruffen, Welches aber tagte, zo wolle
428 2383 1454 2519 deß oegen zun Lermin erwinten und da Leützh
424 2456 1456 2608 nit menzig machen, sonder des tagt erworten.
419 2554 1420 2694 ohngefehr umb dari whenen begaben sich ihro
432 2634 1427 2771 vatter und bruder gewohnter maßen in die
422 2708 1458 2837 Papyrmüchte hinauß an die arbeil und lißen
417 2781 1461 2926 Die delinquentin lietzig in der stuben, jnben
435 2834 1449 2994 contincierten die bauth Schurizen merfoll
431 2915 1456 3050 biß gegen uied ühren, da sie dann auch Ruben
421 3008 1429 3137 wehr an oder sieren wehr versführt und also
445 3079 1467 3230 diß für gebührts, Schwerzeng vorbotten und zuh
439 3142 1462 3275 einer Lindt-nieder lunfft laltete und glaubte
433 3220 1448 3363 habe sie desswegen sich entschloßßen nach ihrem
1216 3317 1396 3401 Vatter
2618 404 2711 505 197
1637 468 2715 635 ihrem vatter zugehen und es ihme anzusagne.
1655 561 2647 690 Als sie dann auff den stag zwischen beiden
1625 633 2735 785 Pfapyr Mühli gebauwer angelangt, ward sie
1643 709 2721 860 von einem lefftigen wehr überfallen und daselb
1643 771 2728 954 sten auffgehalten, alllas das kind eins wahles
1640 869 2740 1038 von ihra außgangen und auff den teg gefallen.
1633 939 2742 1121 als sie sich in ewaß erlolet, ergeiße die die
1633 1012 2739 1217 abelschaur und risße sie mit bloßen händen
1626 1081 2737 1296 von einnandern und habe hierauff mit dem fus
1645 1202 2724 1383 vortezlicher weiste dem und einen stoß, darvon
1632 1254 2738 1493 selbiges in dem Worblen bach himmiter gefalten
2581 1331 2713 1433 Sie
1644 1372 2437 1523 umb dardurch die sach zu verkuzen.
1622 1427 2758 1603 Löner jadennach nicht sagen, ob das kind todt oder
1622 1513 2771 1698 bebendig gewesen, dann es dazumahl noch finster
1637 1596 2745 1763 lacht ware, So habe sie auch das kind nicht
1653 1688 2755 1875 mit handen betastet und wegen des gerauschs
1639 1759 2744 1942 von dem waßßer und denn mühli Räderen
2660 1876 2754 1990 Im
1642 1893 2443 2011 keine stimm von ihme hören können.
1647 1942 2781 2086 übrigen habe die vortero während der schwarger
1638 2042 2772 2158 schafft keinem vorsatz und bösen willen gehabt
1657 2114 2773 2250 das kind Abzuschaffen, sondern lediglich sichin
1642 2204 2794 2330 Sin gmomen, wann sie ein kinde bekonnen werde,
1649 2274 2734 2417 daß albe seinem vatter dem jungen wahli auß
1651 2351 2735 2512 den kein lebend vor das hanß zu stellen und
1646 2420 2135 2563 sich daren zuache.
1641 2520 2087 2670 Actum ut suprau.
2099 2996 2757 3130 Toninal, Urheill
