4032 3024
269 1633 373 1700 Accb
426 482 1464 651 Unsicherheit gesehet und blutte schulden dem
436 578 1456 707 ganzen Land auffgeladen werden könnten
424 653 1459 775 anderseits dann wir uns das von Gott
430 730 1450 863 dem Allerhochsten Regenten, zu be¬
413 826 1476 982 straaßung dergleichen und anderer übel
425 917 1447 1040 stahten anvertrauloten hoch- oberkeitlichen
409 1001 1445 1128 ambts und daran hangender Pflichten
406 1083 1457 1229 Errinneret. Als habend wir darauf
394 1192 1460 1313 thin bey unseren eyden zu recht erkennt
418 1262 841 1403 und gesprochen.
408 1366 1466 1522 daß vor allen dingen diesers übeltahtere
365 1461 1435 1605 tiannel Wagners theüre seele im
402 1559 1482 1701 die hand Ihres Erlosers und Saligmachers
406 1653 1466 1783 ein leib aber zu wohl verdienter jedoch
375 1738 1435 1869 gnädiger straaff dem scharff richter
370 1839 1440 1959 Übergeben, durch denselben gebunden
364 1935 1460 2060 oben- aus auff die gewohnte richtstatt
358 2015 1464 2141 geführt, daselbsten zum exempel und
345 2102 1464 2216 Schreken dergleichen und anderen mißen
352 2200 1471 2320 Stähteren, auff eine brechen geleget, Ihme
376 2285 1419 2415 mit dem Rad alsobald der gsellen¬
369 2362 1399 2516 oder hertz-stoß gegeben, Nachwerts
360 2452 1427 2598 arm und bein zerbrochen und der
346 2534 1446 2698 Körper auff ein rad geflochten, bey dem
361 2632 1473 2788 hochgericht in die höche gerichtet und allda
360 2731 1485 2857 zu der Conoumation oder anderwertiger
370 2828 1473 2958 Unserer Verordnung gelaßen, allso
385 2914 1439 3037 auff diese weise, von dem Leben zum
316 2983 1320 3123 todt hingerichtet werden solle.
326 3083 1484 3196 ctum Coram 200 den M7. Decem
389 3170 864 3307 ibris 1736.
2549 482 2642 594 219
1882 464 2359 601 Proclamation
1639 545 2675 725 Nachdene Nlagssi dem Rähten zu dero hichzsten
1661 675 2654 800 bedauren die in der jungfrl zehender behau
1651 744 2686 867 stung ohnteit dem seitglog gitichen vorgegangen
1646 807 2651 944 ene aransamme mentzel mortaht hind erbracht
1654 883 2666 1027 worden, der tächter dieser gerütolichkeit denn
1648 972 2677 1100 seye einannel wagner des hrrn spittahlverbal
2089 1048 2592 1174 Nugs haber hiemit zu
1639 1069 1930 1160 itors sohn.
1654 1125 2679 1250 gebihrender abstraaldung solcer grausamkeiten
1648 1208 2661 1344 shr obgeleger au alle weg zu trachten diesen
1660 1270 2691 1425 tochter in verhafft zu bringen. als laßind
1639 1349 2699 1502 hoczgedacht ihr gal allen ihren burgernn und un
1641 1421 2689 1558 dergahren zierdurch kundt tuhen, daß dem oder
1657 1489 2683 1615 denenselben, so gedeüten fiannel wagners den
1651 1577 2672 1715 tichter Entbocken wurde, also daß mann ihne
1654 1649 2702 1795 landtvest machen könne, dan seiten meghl ein
1652 1732 2707 1867 Haußund Tather zur blohnung bar ans bezalt
1949 1804 2727 1913 Am Gegenvill aber der, oder
1650 1843 1944 1946 worden solle.
1671 1882 2690 2032 duzemaen, so selbigen beterbergen versteben
1652 1979 2710 2076 und verhälng möchten, mit ein tansend tahleren
1653 2047 2724 2200 straagk angesthen oder im fach undermüglich
1651 2139 2722 2261 keit zu einer leibt oder ehren straaf gezogen
2121 2218 2709 2323 wornach männiglich sich zu
1640 2214 1961 2335 werden sollen.
2288 2286 2670 2401 Ait den  embris
1665 2284 2214 2399 verhhalten wüßen wird.
2583 2332 2723 2403 1736
2110 2393 2737 2538 Beichtshis peh  g
1627 2502 2714 2659 N. Dießs ist durch aunm grichtsweybel zu pfrdt in
1678 2598 2731 2725 allen quartieren dieser statt underd vorthosgegangenem
1661 2663 2654 2791 Tromel schlag abgeleßen und prubliciert worden
1655 2753 2686 2896 Noben dang ist eine detincation und beschribung
1646 2851 2688 2963 seiner person gemacht und solche durch auff alle
1652 2908 2686 3035 straßen andgesandte bottin zu pferd und zu fuß
1665 2976 2707 3105 und sonsten in demin Advise und Zeitungen Lundt-
1653 3074 2145 3192 bar gemacht worden.
