4032 3024
229 2221 335 2338 des
211 2332 371 2464 hbel.
240 2422 325 2532 h
270 1059 377 1160 Ie
443 516 1446 685 Vorgekehrte anstallten auffs genäweste
416 640 1438 780 auffsuchen laßen, da er dann deß volle
417 708 1463 867 genden abends behändiget und in hiesigen
433 811 1440 961 verhafft gesezet worden. allwo er in
424 881 1413 1004 denen mit ihme verrichteten exami
940 962 1447 1062 adendungense
597 973 850 1055 slag
408 1012 1438 1112 mibus gnetlich und ohne samliche betreü
415 1080 1460 1218 Nönig über anzogene große Mordt taht
418 1161 1422 1316 vnd sonsten nachfolgende bekanntnuß
403 1250 683 1376 getahn hat.
928 1242 1447 1381 Namlichen, daß
1279 1344 1456 1411 ehenderen
390 1334 1430 1496 er wegen einer gedachten jung fr schwa
381 1423 1418 1563 isteren schuldigen Summa gelts, wie auch
385 1506 1434 1638 aus sassion und ungezaumter begird
376 1595 1443 1714 zum spihlen, einiche tag vorhero zu die
376 1686 1418 1808 iser entsezlichen Untaht den entschluß
384 1769 1450 1901 bey sich abgefaßet, in meinung die schuld
381 1872 1441 2005 schrifft und gelt zu erhaschen, zu wel-
372 1966 1436 2081 chein end er cxpresse einen hammer ge-
699 2018 1445 2105 deßen und eines meßer zu bediene.
367 2027 1419 2174 kaufft, sich darmt und einem i einer
354 2131 1454 2253 Scheide getragenen Sackn Veßer selbigen
369 2205 1435 2358 Abends bey eingebrochener nacht, um
383 2317 1433 2398 diß gransame vorhaben außzuueben,
381 2378 674 2452 ich nach de
376 2387 1438 2520 dach dem Hauß begeben, allda augen
373 2475 1441 2608 klopfet; Und als Er auff anmelden
354 2571 1426 2704 von denen tochteren in ihrer stuben zur
364 2657 1426 2781 Verhör eines erdichteten vorwands ein
358 2745 1420 2884 pfangen worden, auch auff begehren die
379 2834 1450 2979 Einte absonderlich in die hindere stuben
358 2926 1455 3064 zukommen beredt und ihra einen singierten
359 3016 1383 3149 brieff zu lesen geben, habe er mit dem
367 3097 1441 3238 Hammer und meßer zu Erst auff diesen und
372 3186 1428 3310 nachwerts auff die andere schwöster
355 3268 1467 3400 zu letst auch auff die Magd)(so beyde der
1245 3391 1463 3511 Ersteren
2577 481 2660 557 217.
1633 489 2644 649 Ersteren zu hilff kommen wollten) so grang
1637 606 2674 722 samm zugeschlagen und zugestochen, wil
1633 688 2653 785 hens alles nider zumachen und daan sih
1623 753 2682 881 zu berauben, daßdes der hammer a
1617 842 2673 982 stihl Enthwerund aucf das Meßer abe
2112 906 2290 981 octon.
1936 907 2095 982 und er
1492 934 2668 1091 vntschoy gebrochen, a er von einichen zu dem
1617 1012 2685 1151 hauß gekommenen persohnen, so etwas ge-
1623 1098 2697 1244 schreys gehört, verhinderet und verjagt
1634 1231 1848 1334 worden
1641 1271 2657 1428 Denne so habe er vor einichen monaten
1635 1371 2686 1519 einem geleißen vornemmen hiesigen burger
1611 1460 2686 1614 seinem ehermahligen großen gutähtere
1637 1567 2677 1699 in deßen hauß er als ein hievoriger don
1629 1645 2688 1789 mesticus einen freyen zutritt gehabt, an
1630 1732 2728 1869 einem Abend aus der stuben vier guldene
1626 1827 2702 1968 sack-uhren und anckbahrer weise ent-
1628 1930 1831 2026 werdt.
1556 2019 1634 2111 1
1637 1987 2742 2135 Wilnun wir einerseits diesers übeltähters
1576 2070 2660 2243 Dangehörte bekanntnuß und vergicht
1634 2185 2663 2312 mit allen ihren umbständen genaut
1626 2271 2694 2405 undersucht und in betrachtung gezogen
1629 2364 2649 2481 daß derselbige Wider alle Göttliche
1636 2429 2701 2560 und unsere gsatz und ordnungen grob
2453 2527 2642 2591 lur getel
1620 2525 2718 2650 lich gefehlt, das Ebenbild Gotter und
1643 2619 2704 2740 die Allgemeine Sicherheit und Ruhe zer¬
1637 2671 2719 2837 gstahret, eine persohn grausammlich umbs
1618 2785 2697 2910 Leben gebracht, zwey andere aber zu¬
1636 2832 2709 3012 gleich ermorden wollen, und durch Viele
1621 2936 2692 3085 zugefuegte Wunden in Lebens gefohr
1635 3040 2690 3180 gesezet, auch den Nebend, mentschen deß
1619 3120 2685 3242 Seinigen beraubet habe, und daß durch
1610 3200 2689 3325 solche entsezlich große Untahten wisere
1612 3276 2591 3403 liebe Burger und Underthanen in
2364 3403 2682 3514 Ansicherheit
