4032 3024
390 553 1459 720 habe er das mentsch einzig vor dem hauß ange
403 656 1444 777 stroffen und in die stuben hinein zugehen
398 719 1454 871 begehrt, Das mantsch aber versezte, es sein
407 797 1447 953 nicht gelegen in die stuben hinein zugehen
389 882 1442 1036 weilen drey von here Hartmanns holz auff
398 965 1419 1092 macheren daselbsten bey einem brantz
391 1044 1443 1170 trunck sich befindend, als er delinquent
400 1124 1395 1253 nun replicierte, daß zwar diese leüth
357 1226 1433 1340 ihme an deme, was er zu reden habe, nicht
381 1291 1456 1421 hinderlich seyen, mit fernerem beysatz, allein
385 1367 1442 1500 Weil das mentsch nicht gut finde, daß sie ins
371 1453 1416 1569 hauß gehind, so wollind sie etwann auff
392 1515 1446 1617 einem bäncklin vor dem Hanß sich besprachen
392 1594 1446 1725 schen, Das mentsch aber sagte, der ort seye
375 1700 1437 1814 allzu nache, es möchte sie jemand hören
367 1773 1395 1883 Sie wollind hinderhin in die matten zu
382 1858 1429 1965 selbigem zann, als sie nun dorthin
379 1949 1441 2072 gekommen under einen Wilden Birrbaum
390 2023 1451 2122 er sich würklich nidergesezt und sie angen
382 2101 1449 2212 fangen mit einanderen zusprachen.
385 2175 1436 2304 das mentsch sagte weiters, sie seyind noch
377 2262 1377 2379 allzu nache bey dem hauß und ihres
364 2323 1432 2460 gesprächs-halb an diesem ort auch nicht
376 2413 1441 2546 wohl sicher, sie wollind noch über dar
373 2502 1453 2626 selbstigen zanmhinüber, als sien
367 2576 1432 2697 nun darüber gestiegen und etwann
352 2642 1470 2795 zechen schritt weiters hinein auff dortig
365 2740 1462 2883 iges stuck gegangen waren, sazten sie
371 2844 1425 2969 sich neben einanderen auff den boden
382 2921 1380 3061 er delinquent zwar zu deß mentschen
382 3008 1438 3149 linferseiten, Sie fienge hierauff an
365 3107 1441 3240 ihme von der schwangerschafft zu reden
384 3177 1441 3300 mit verdeüten, wann er sie nicht
376 3257 1455 3397 heurahten wolle, solle er doch das Kindt
1218 3385 1443 3475 annemmen
2618 402 2730 484 225
1616 465 2723 661 annemmen, Worauff er geantwortet, wan
1606 585 2722 750 sie mit gutem gewnßen ihme das kindt
1602 665 2702 834 zu eygnen könne, so wolle er sich deßen
1626 764 2718 897 nicht weigeren, dennoch habe er einen
1601 817 2753 995 zweifel, in demme sie mit anderen umb-
1607 888 2721 1101 gegangen und namentlich am läser-
1610 978 2765 1185 sontag sich von einem gewüßen kümliger
1611 1066 2704 1249 heimfuhren laßen, sie sezten diesem
1588 1152 2759 1347 ihren wortwechsel weiters fort, in demme
1614 1234 2656 1428 das mentsch zu ihme gesprochen, er habe
1628 1353 2724 1502 nichts darnach zufragen, wann sie schon
1629 1465 2679 1572 mit anderen umbgehe, er begehre
1603 1546 2610 1675 Sie darzu sezen und zubetriegen
1623 1627 2705 1756 er aber vermeinte, weil sie ihne der
1615 1707 2739 1860 schwängerung halber beklage, so habe
1617 1813 2733 1937 er freylich gut ursach nachzufragen,
1628 1907 2796 2031 mit wein sie umbgang pflege, so habe
1602 1992 2747 2128 Sie auch nicht ursach, ihne einer gegen
1599 2072 2787 2206 Ihre vorhabenden betriegeren zubeschul¬
1620 2146 2746 2293 edigen, inmaßen nicht er ihra, sondern
1605 2232 2765 2380 sie öffers ihme nachgegangen, er auch von
1598 2308 2801 2475 ihro niemahls umb die ehe angesucht, noch
1615 2400 2765 2548 solche von ihme versprochen worden, er
1633 2486 2657 2606 anbey sich eines guten nammlich das
1600 2559 2751 2696 Kindt anzunemmen, angebotten; und
1639 2659 2250 2778 das dergleichen mehr
1588 2726 2720 2891 durch diesen hefftigen wort-streitt,
1578 2828 2686 3013 Verwiß-Red und wider Red seye er.
1632 2929 2760 3048 gleich einsmahls entrüstet worden und
1641 3016 2729 3156 inzorn gerahten, allso daß er mit der
1626 3082 2733 3263 Linkenhand das mentsch an dem halß
1636 3171 2740 3305 bey der gürgel gefaßet und mit dem
1611 3232 2730 3415 Köpff auff den boden getruckt habe,
2413 3382 2766 3537 keineswegs
