4032 3024
315 2412 412 2510 iquen
266 2612 449 2710 dieser Soslin.
292 2691 401 2757 quenti
689 490 1297 649 Criminal, Prociso
584 625 1357 774 Der Marin Putor
359 833 1430 1044 Ad 3 Schu Sheist kein
468 979 1457 1119 und große Ratt der statt Soen, Urkundt
465 1077 1447 1206 hiernat; Dennaach vnd die betruchte Nachricht
981 1149 1198 1237 geetolingen
471 1170 1456 1295 eingelasen. Wie daß diesere Maria Suter
467 1242 1429 1387 von Diters weil in der Kircheri Rapfers weil
470 1352 1415 1470 gebürtig der in holländischen leiegs diensten
474 1450 1441 1585 dermahl sich befindenden Bernhardt ohrts getr-
447 1535 1426 1651 senen wanners von Understerrn ehewib von
467 1623 1424 1743 etwann 24 jahren alters donstags d
466 1704 1416 1817 26 eartii diß 1733 jahrs mlagens
463 1791 1440 1896 ohngefehr umb 4 nhad zu Ryberg im bichig-
457 1874 1432 1994 1berg in Urd Wyß eiet Lueers hauß ohne
457 1954 1416 2096 iichen angerußenen bristand in gehumb eines
448 2032 1404 2155 mndt kiederkommen und dieses näüt gebohrne
739 2116 942 2193 gihinge
455 2115 1438 2254 Kindlin deß volgenans Morgend todt gefunden
833 2182 1405 2316 Als habend wird seramb
450 2231 633 2313 worden
447 2262 1445 2410 wegen unserer der Einderg sonzag berg bestitzende
462 2345 1468 2512 sohne grichts herrlichteit wagtt mit loben Stand
439 2434 1448 2577 Soloenhorg errichteter vertragen diesere detun-
453 2511 1418 2666 quentis nach gewohnter form vecumieren sund
1290 2599 1438 2687 Alllo
453 2628 1281 2749 in allhiesigen verhaftt bringen laßen,
441 2704 1446 2834 Sie dann in denen mit ihra güetlich ohne an¬
451 2783 1456 2912 wendung einiches folter verrichteten examini,
438 2855 1449 3003 vond über anzogen kinds vorahrloosung lach.
446 2943 1212 3076 beschrieben bekanntnuß getahn hat
436 3044 1426 3194 Namblichen so ward sie bekantlich, daß
442 3166 1431 3297 Sie seit etwann 3 jahren, da ihr ehemann in
1116 3241 1423 3370 Krings dienste
1504 547 1611 636 uud 10
1506 622 1617 693 henni
1510 690 1598 765 h
1533 718 1660 789 Hanoch z
1500 764 1667 844 ven andere
1529 812 1640 893 kin
1592 1026 1636 1115 r
2584 500 2660 583 73
1657 513 2655 713 Beiegedienste getretten, sie sich zu Ruti bey buren
1673 657 2653 779 augehalten und in legzt vorbichenes ferdzeit
1678 733 2695 869 in dem schnotzweil berg au h derd straß von einen
1672 809 2685 942 unbekannten fränden mlanm zur anzucht sich der
1656 893 2662 1027 leiten laßen, stary tag hernach danin auch mit
1662 959 2685 1123 Hanns Müller des alten Amanns sohn von Ruti
1664 1069 2695 1208 und nachsterts noch einmahl vertrabet) darvon s
1674 1133 2690 1287 denn shonnger geworden. Solche ihr spaan
1672 1203 2713 1384 gerschafft aber obschan sie selbige etliche wuchen
1663 1288 2709 1453 vord der genißt ohnstartha gelaußt eichen
1659 1358 2664 1556 richter nicht angezeigt und großenbart habe
1616 1524 2729 1684 Des stagt und abendt vor ihrer kind kinderbun
1668 1611 2717 1772 zu Lyberg habe sie soad zeichen und vorbotten
1669 1687 2698 1848 mit einem Stubentoche gesführet, sich dennach
1673 1765 2709 1961 ihne anzeig, was obhandng in eine hindere stuben
1669 1868 2718 2069 absonderlich schlaffen gelegt, seit aber etwann
1663 1949 2719 2130 umb 4 ihr nach mitnacht wegen eines heffigen
1660 2037 2728 2218 trangens wiederumb aufgestanden und hinauß
1662 2133 2725 2297 in das kuchen gaden gegangen und habe daselbsten
2032 2240 2197 2313 gelgelzdg
1651 2209 2712 2382 ihr Kindlin in mug anhl zur welt gefracht,
2405 2290 2622 2371 Hphelhaud
2052 2334 2259 2386 eptung
1646 2310 2680 2466 dasßelbige ohne zupferdetrug des Nnabelirid und
1679 2383 2730 2532 ohne angerinkenen beistand hilffloos kirgen laßen
1660 2461 2719 2614 ohngeacht sie es ein wenig gruchzen gehört, auch
1660 2542 2725 2702 ihro  als die schang vorherd von ihrem ehenam
1667 2607 2716 2773 ein kind gezeüget nicht unbekeamnt geteßen, daß
2145 2699 2384 2776 abschlsond
1661 2680 2706 2864 die Verbindung daß Reaeter von einem neüte ge
1670 2766 2714 2925 fohrnen Kindlin zu erhaltung sonns lebensnaht
1662 2840 2675 3012 sendig seye und obschan die stuben, darinn die
1676 2903 2707 3085 übrigen Leüthe des hanses geschlaffen nicht weit
1687 3008 2677 3178 darvon entlegen, sie also an  zuribnn.
1687 3080 2681 3238 von ihnen leichtlich hätte erhört werden Lonnen
1653 3158 2692 3319 Sonder Sie habe sich darauf hun van dem Knd¬
2369 3230 2559 3366 ungg
