4032 3024
450 529 1469 699 eein gache fchrisenliche gemeind lym ichn geärgeret
440 648 1447 768 umm gnad und verziechung alle und jede mittlei
433 689 1444 831 demme gemichter aber ersuche ich demühtigeß mei
435 742 1480 866 an beßerung und die veggebung meinen übertrettung
420 811 1271 941 In ihr christenlicher gebütt einzuschließen.
415 877 1445 1043 Ich bin hinführo nit bürdig in meinemm potteglen
429 954 1451 1119 geduldet zu worden, anseht und flächtig muß ah
423 1056 1393 1166 sein mein lebenlang. Ach gott sei mir ormen
427 1123 761 1251 Sunder gnädig.
2603 378 2709 473 157.
1614 436 2645 668 Dotarhauß und Borgicht
1672 538 2447 732 Des Sindich Sfacts
1658 672 2606 833 von Büchslen in der herrschafft murten.
1567 842 2674 1026 AAls dann dieser Mlanm Namens Bendich
1585 934 2717 1089 spack ein sautors mann von ohngefehr 51 jahren
1580 1029 2719 1189 alterd seit vaad jahren daher bißweilen Fäßlin mit
1576 1103 2736 1260 oberkeitlichen nrochio, Salz versehen von mlurten
1591 1188 2704 1347 allhero nach beey geführet und in verdacht gerahten
1583 1266 2731 1424 ob tähte erd auß denenselbigen salz veruntreuten
1586 1365 2740 1524 zumahlen die bedieneen ihr gnaden salz Conission
1596 1454 2719 1577 eint und ander wahl versführet, daß absonderlich
1585 1537 2749 1657 an denen von dieserm fuhrmann allhar geferggeten
1582 1625 2761 1737 Bäßlin nahrenteills ein nahmhafftes an der geticht
1983 1705 2729 1849 derowwegen er auß mrhutohe n
1597 1714 1866 1830 ermangelte.
1578 1793 2755 1913 Sall divectoren verordnung in die ober gefangen
1592 1875 2727 2014 schafft gesezet und alldan bestag vlryhen ) der rähten
1581 1953 2773 2096 befelchs durch meinen hochgeehrten herren rahtsherren
1587 2049 2773 2187 von Graffenrirdt als auß ihr grl hohen mlitteln
1597 2126 2735 2271 hierzu verordnetem herr coammnatoren. wie auch
1594 2205 2779 2343 rntohl   Groß Wegbel Kur ber und dricht schein
1587 2293 2753 2432 derm freütodeneych zu vier underschiedlichen mahlen
1595 2383 2741 2515 und zwar den ar 16 23 und 25 februarii
1578 2459 2742 2623 11 33. gutlich und ernstwörtig mit vorweisung des
1587 2518 2730 2703 Scharff richters und zeigung der Strecki also mit
1600 2626 2712 2794 betrütung jedach ohne würctliche antendung derd
1594 2682 2763 2844 marter über sotahnt untreüte examiniert und von
1586 2744 2740 2958 ihme nachvolgende bekanntnuß und vergicht erhalten
1600 2841 1895 2945 worden.
1946 2866 2044 2982 Als
1587 2960 2771 3153 u. Er stehe gegenwärtig in zwauter ehr mit Elsbeth
1603 3032 2763 3228 Runtsh von Biberen, die fostere verstorbene Ehe
1592 3100 2748 3288 frauw habe ihme vird kinders lebend hinderlaßen,
1606 3192 2748 3357 deren das alleste bey N jahr alt, von jeziger
2491 3353 2732 3470 ehefraub
