4032 3024
788 -7 908 85 26.
1126 7 1549 170 Pormulare
1050 104 1625 255 Crininat Urtill
1036 213 1638 393 Ds llus Hofes
827 385 1903 574 A 9 Schithigb Ren und Ba
868 505 1903 640 Raste die statt Ostit Urbunt and hier mit, demnach
856 593 1876 742 dnser geebertig vor Recht stehende Nlichaus hofer
853 683 1863 814 von diglen gebürtig von ohngefehrd 25 jahren alters
850 755 1883 910 den zugnd, an sich diebrzand bosen stuben, sonderheit,
853 853 1864 1003 lich aber dem faster des diebstafls ergeben und
855 922 1876 1097 daruuch das hanze landt in völl ige unsihrheit
840 1004 1873 1152 gesehet, Inmaßen wir zu haushabung gemeiner
831 1086 1841 1231 sicheheit bides in unseremn statt und lande
844 1179 1890 1291 auch in denen benachbarten duriodictionen unt bemürß
829 1253 1859 1382 iht gesehen diesen bußlicht aller orten zu beschreiben und
835 1333 1878 1479 eine gelt Samma von 30 th auß ihne zu bieten
821 1416 1853 1569 da dann er fndtlich zu Hagli amts bürgrff ar
816 1499 1831 1653 ggeilden und in allhiesige gefangenshafft gebracht
812 1607 1791 1726 worden, allwo er in denen mit ihme verrichteten
820 1666 1853 1811 Cauminidous über seine nißetahten nach volgende bekänt,
824 1750 1837 1896 unß freywillig und ohne mnhe angeöndte elarter
815 1829 1014 1949 gelahen hat.
807 1922 1569 2078 Namblichen So hab Er entbandet.
820 2031 1822 2186 Vord Schnefehr sacht jahren zu Uesellen nachts auß
833 2101 1353 2236 einem stall ein bfferdt.
821 2156 1824 2366 u Bommerkinden auch nachts auß einem stall einen
826 2255 922 2334 Stir
859 2401 986 2474 N
820 2325 1728 2499 Im Kurtenberg lachts ab der weyd ein offerdt.
820 2421 1770 2587 zi Belewingen nlachts ab der weydzwey pferdt.
810 2478 1712 2674 Hinder lannt rachts ab der werd zwey pfferdt
808 2580 1809 2779 Im boll mit hils des rychigers nacht auß einem
817 2665 1441 2829 unbeschloßenen stall ein offerdt
3151 4 3206 95 21
2090 57 3111 195 zu Tagerthen rlahft ab der weyd wiy schaaffen.
2095 154 3217 303 Auf der buttschel, allment rlachts ab der weyd sarg
2092 238 2283 362 ffendt.
2097 331 3210 499 zu Waberen eintzig rlacht ab der wiyde zwey fendes
2086 433 3213 591 Shat nit burgorsen rachsts ab der weide zulig pferdt.
2088 536 3190 690 zu Pumplih naht auß einem stalt zwy stihren
2083 647 3141 796 zu Brrunen nachts auß einem stall zilih pferdt.
2065 731 3171 884 zu Nünstingen nachts auß einem hauß eine kindshaut
2066 833 3187 959 und seines vatters nachbauren in der schwändlen
2067 919 3176 1061 tags auß einem aufgebrachenen trag bey 38 fl im
2067 1002 2182 1145 gelt.
2045 1088 3177 1268 Wir nure wir einer seits diesers maleficanken horfer
2067 1193 3177 1343 angehorte bekanntnuß und vergicht mit allen ihren umb
2040 1292 3186 1420 ständen, sonderlich aber, wie vielmahl erd wegen seiner
2057 1364 3196 1502 begangene misßetahten gezüchtiget, mit dem schallenwere
2064 1436 3176 1610 abgestrafft uud gschmecht, dem statt und landen ertlich
2047 1523 3168 1673 verwiesen, meinendig worden, zu Pirterlen im bischab,
2044 1600 3150 1745 Basel gebüt gleichfahls mit tüchten gestrichen und ge
2044 1670 3167 1818 braudmahlet worden, ohne daß er überd diß alles im gringen
2035 1745 3149 1887 isten sich gebeßßeret, hiemit in reise betrachtung ge
2016 1819 3124 2004 zogen, daß durch dergleichen fräfelhaffe und diebische
2026 1923 3149 2047 verbrechen viel unserer lieben und getreüwen burgeren
2028 1989 3114 2144 anghörigen und undertahnen empfundtlich beschädiget
2027 2087 3132 2239 hreinach dann die allgenemme Ruhe und suhrheit in
2044 2165 3033 2293 n unstern landen gehenet und gestohret worden
2012 2236 3127 2383 Understits auch wird und deß zu abstraffung solcher und
2026 2327 3044 2470 dergleichen übeltalten von Gott dem allerhöchstein
2002 2400 3115 2557 reventen und anvertraubten hoch oberkeitlichen amts
2014 2501 3101 2634 und daran hangender offlichten erinneret, Daß
2019 2576 3094 2713 darauf hin wir bey unsere eiden zu Licht erkannt
2015 2637 3093 2779 mit gesprochen. Daß dieser delinquent Niclaus
1993 2717 3081 2877 Hooferd nebst empfehlung seiner seelen in die hand ihrs
2785 2839 2948 2938 flofes
