4032 3024
350 952 425 1032 bas
558 409 1570 624 Noch disregengeng Kiehleich . Ma
571 509 1567 702 L aberen in de rdnudig n do Ras
463 593 522 702 o
551 625 1554 782 haus in die srmzngasen vor den richten su
528 709 1535 858 geidn, unn des Entlaibten Gleide
553 796 1547 954 aich dihisgebrach, und daselbstober
469 890 1552 1031 e Ratiositlih drūrch mich den
539 974 1529 1124 brich schreibern folgenderverhalte
422 1058 1514 1234 Promulgis vnd außgesprochen worden
1185 1157 1329 1255 e
445 1244 727 1349 o h e
822 1208 1128 1344 Aerther.
485 1324 1535 1527 Dr Schultliß Klein und Broßle
509 1442 1511 1599 Auss den Stald Rorn ar kind und srmit
490 1516 1541 1674 Ainnach Sontags d 26. Martii dlß 1730t
722 1600 1166 1686 een
498 1595 1529 1753 jahrs galos abmüllervon Uzigen
616 1674 1042 1748 n etlan 40 jahre alter
495 1710 1503 1810 gebürrig an de bridenbaber antbori
486 1755 1522 1895 Rhneider von Stäßisburg s dießen tau
1243 1853 1286 1916 3
506 1838 1504 1990 eig wahrgeichen gegenw�rtig beyder
503 1915 1506 2062 stell undeinen todschlag alhierin der
490 1984 1513 2150 Statt Stey ohnborch ein gerechtigkeit
496 2073 1520 2231 brunnen begangen und deßtlegen flüchtig
482 2149 1505 2298 husgesehethat inmaßen erleader an
481 2244 1521 2383 dem erstenn anderen nachdritten angestelt
471 2286 1517 2465 Landtag auf die ofenttlich beschehene fbri
381 2374 1491 2526 dist rust sich nichtgesoelt und über die
361 2490 487 2567 nach an
466 2450 1510 2618 Wrübte that sich vesprochen und verant
344 2548 457 2618 harung
481 2538 1484 2689 horte hat als habend bir auf gethan
355 2597 485 2651 eegen.
364 2615 1523 2774 e lachenseg y unseren eyden zu recht
344 2715 493 2778 formations
357 2682 1164 2821 endte erkent undgesprochen
1163 2716 1494 2855 daß gedachter
339 2801 479 2874 schoff gg
346 2750 1507 2931 inkn Jacob Rat von Friedin Einfrieden, von
339 2826 1495 3007 seyn sicherheit in unsicherkeit erkennt und
331 2886 1426 3051 saus also sein leib der wiblogs gethanen
318 2962 1481 3142 soh  ffunder anglicherlanbt und alle
392 3050 1488 3223 Den ader zu niheren handen verfallen
414 3116 1512 3276 sehen Anber der gethatten Jacob Rottuner
439 3202 1493 3334 statts kalder und gebirt für einhundertund
432 3265 1474 3424 ein jahr verlohren haben und selbige fürohin
437 3334 1538 3500 nicht mehr befrelden, solle auch so erdarin beu
432 3389 1091 3541 Actum d. 16. May 1730
421 3489 1495 3592 wurde nach der statt beken sahnung mit dem schwerdt son
440 3521 1419 3646 leben zum todt hingerichtet werden solle etc. Errchtund
1878 433 2772 615 Beranbnuß und dogrgicht
1675 592 2794 785 Johann Jacob Silmieds, for¬
1823 703 2822 856 von Obrburg sey Löngsfalten von 63 jehren
1823 801 2837 920 alterd seiner profession im clein uhrenmacher
1817 878 2751 1019 gebohren zu Nieder Bipp allloo sein vatter
1808 958 2791 1105 pfarrherr gewesen, zu Basel auch als ein
2066 1059 2543 1194 Burger recipiert.
1736 1221 2820 1367 Bennach Denen hochgachten, hochgethelesen
1733 1328 2857 1479 hherren auf lofmahliger gegleystung zu banden
1738 1431 2839 1567 verstmleten ehren gesandten loben Eydtanoßschafft
1742 1515 2848 1647 hinderbracht worden . Ob sollten in eine und an
1726 1581 2858 1695 Heren antoren verschied ene particular personen
1735 1671 2796 1787 sich befinden, welche sich erfrechet mit muntz,
1736 1749 2297 1878 frägen umbzugehen.
2352 1759 2818 1859 Darauf dann beider
1748 1833 2849 1964 auß vlegten  der rähten und alleinstiger hochge
1740 1919 2826 2022 ehren gestandten veranstaltung etwelche als mit
1738 1988 2832 2130 solchem vluntz pragen interesierte personen hin
1747 2076 2797 2202 und her in dero landen, auch under anderem
1737 2149 2806 2297 dieser Johann SJacob Bchmied allhier in der
1732 2237 2815 2374 haupt statt angehalten und fist gestezt, auch folge
1724 2327 2818 2459 lich auß hochgedacht jhr gol befolch durch neine
1732 2409 2818 2544 hochgracht, hoch und wolgeehete herren herr ait
1720 2490 2819 2622 Leuth SeckelMeyster Sinner herr zeymlicher
1737 2574 2779 2711 von Luternaub herr Reüsfer Sturler und
1719 2645 2811 2789 herr zuymblicher sulber, als hierzu verordnete
1727 2737 2812 2864 herren examinatoren. wie auch hern de großwegen
1718 2823 2810 2966 bel Kurker und den grichtschreibern Tschickeli
1709 2903 2798 3038 wie auch in deßelben abwesenhin, hrem Johann Ru
1715 2991 2806 3106 olff Eggerd in der oberen gefangenschafft in allem
1728 3063 2773 3195 zu Neue und erschiedlichen mahlern als den 1 auo
1719 3142 2785 3275 auoti u und 16 septembris 47 und 25t
1714 3196 2787 3340 Octobris 4 und 27. novembris und 8 decembris
2456 3300 2777 3392 alles a. 1730.
2788 386 2854 479 370
