4032 3024
431 516 1447 689 herzlich beyd seye, darfür sie den hochen gott
451 599 1453 755 umb seine gnädige barmhertzigkeit und ver
425 669 1450 844 ziehung dehmuchtigst bätte. Actum it Supra
570 822 1222 977 Triminal, Urteill
546 961 1286 1107 Der Maria Weibel
660 1086 1059 1188 von Seewyl.
389 1230 1477 1399 Dit Schultheis Sein und Prope
425 1354 1445 1474 rähte der statt gern Urkundtend hier
422 1441 1463 1566 mit, demnach uns die bedaurliche
419 1524 1460 1634 Nachricht eingeloffen, wie daß gegenwar
418 1592 1452 1710 etige Maria Weybel eine unverehelichte
425 1670 1456 1766 Weibs persohn von Seewyl in der kirchhore
423 1746 1426 1876 Rapffers Wyl geburtig von ohngefehr 25
410 1823 1422 1946 jahren alters freitags den mt octobrio
420 1902 1452 2038 deß 135 jahrs abends etwann umb suns
416 1994 1457 2124 Uhren zu Seedorff bey Aarberg in Abraham
416 2088 1446 2211 tiffenbachs sehaußung in geheimb ohne
427 2175 1412 2287 einichen angeruffenen beystand eines
398 2247 1464 2377 kindts niderkommen und selbiges elendig
413 2333 1415 2443 lich von ihra verwahrloaset, ja gewalt,
425 2418 1396 2534 sthatiger weise umbs leben gebracht
427 2492 1373 2599 worden. Als habend wir hierauff
425 2562 1447 2684 diesere Delinquentin in allhiesigen ver-
409 2649 1423 2759 schafft bringen laßen, allwo sie dann in
437 2730 1405 2864 denen mit ihra güetlich ohne enaiche be-
430 2812 1444 2931 streüwung der marter verrichteten exa,
416 2930 1451 3027 munibus über angezogenen kinder-Mord
427 2990 1469 3129 nachbeschriebene freywillige bekammtnuß
420 3069 604 3177 gethan
410 3143 1458 3291 srammlichen, daß als sie vor letst verstrchen,
413 3241 1447 3374 osteren zu dieters wyl in diensten gewesen
1240 3363 1357 3457 Sie
1616 487 2683 629 Sie sich vielmahlen von einem unter ehelichtem
1610 561 2652 688 jüngling von daselbsten ohne einiche gethane
1621 630 2659 753 ehe versprechung beschlaffen und allso schwan-
1620 704 2673 833 igeren laßen, solche ihre schwangerschafft be
1620 778 2691 890 greits vor oster zeit gewahret, dennoch aber
1610 852 2671 1000 selbige gar Niemandem angezeigt und ge-
1615 923 2598 1038 offenbahret, im gegenteill solche ihrem
1618 999 2671 1134 diensts meyster, welcher sie ohnlang vor
1624 1092 2660 1213 der genist zum zweiten mahl darüber zu
1621 1153 2695 1290 red gestoßen, harträckig verlaugnet habe.
1623 1258 2685 1359 gestallten sie zu gemelltem seedorff in
1618 1307 2705 1432 geheimb ohne einichen angerüfften beystand
1617 1392 2695 1529 1. Da doch ihre meyster Leüth umb den weg
1617 1458 2733 1617 sich befunden und würklich etwelchen wort
1618 1549 2643 1680 Wochsel mit ihro gehalten) nach einichen
1615 1628 2717 1758 geburts-Schmerzen auff einer Lauben das
1606 1700 2637 1843 kind aebend zur welt gethän, daßelbige
1625 1788 2697 1926 etwas zeits under sich verdeckt gehalten.
1621 1867 2736 1970 nachwerts mit der lincken landt unbarm
2242 1939 2561 2015 s
1591 1957 2710 2094 sheetzig bey dem habs ergriffen getruckt
1617 2053 2700 2177 gewurgt und auff diese weise flendiglich
1611 2122 2726 2262 umb das leben gebracht, volgends selbiges
1620 2201 2710 2332 allso todt in ihr schlaff gemach hingetragen
1609 2279 2633 2408 und blutt nackend versteckt liegen
1613 2364 2689 2473 laßen, anbey so thane verloffenheit eine
1600 2439 2689 2563 Zeit lang denen, die sie darüber zu Red¬
1602 2527 2635 2667 gestoßen boßhafftig verlaugnet habe
1576 2652 2702 2797 Die nun wir einerseits dieser Malesi-
1622 2748 2723 2875 cantin Maria Weybel angehörte bekant,
1607 2825 2697 2943 uß und vergicht mit allen ihren umb
1725 2882 1792 2949 gen
1807 2887 1896 2935 an
1601 2898 2728 3020 standen undersucht und al in g
1594 2962 2712 3090 betrachtung gezogen, daß sie wieder unsere
1606 3052 2593 3177 außgegebene gsaz und ordnungen
1597 3124 2695 3247 groblich gefehlt, ihres eygenen ffleisch und
2341 3201 2578 3259 noem Rä
1597 3208 2659 3338 blutsschandtlich vergeßenger ihr
1604 3290 2671 3417 aenes unschuldiges kindtlin vorsezlich
2529 3413 2632 3505 ge¬
