4032 3024
393 453 1516 629 Z ob die dann d w nicht seiner sammns seye tuhll,
426 536 745 665 hafftig worden.
749 556 779 653 1
414 617 1524 799 N. nein. Er botte gott drauß und eine hache
430 701 1531 849 oberkeitumb gnad und verzeichung dieses seines bekangen
425 786 1494 925 eer spoatern sunden, er seye bereit wiltig die
429 856 1520 1006 ihme deß wegen außlegende leibliche straafe zu
436 935 1432 1073 ertragen, es möge ihme ergehen, wie es wolle
430 1004 1518 1157 allem er habe die wahrheit an tag geben, er habe
427 1089 1517 1218 die tatt nicht witers verbracht und sein gewißen in
412 1167 905 1289 Mehrerm nicht beladn
400 1250 1517 1412 a. ob erd nicht vorherd und nachtork bey diesen when
443 1337 799 1471 übernacht gebehn.
798 1349 865 1458 1
410 1431 1468 1564 S. Vorher sege Er einmahl auch bey Ihra im Bott
425 1499 1489 1623 über nachst gelegenn, habe aber keine leibs gemein
410 1581 1501 1708 schafft mit ihre damahls gehalten und seine kleider
424 1657 1490 1790 weide wahl allezeit angehabt. Nachtorrts habe er
408 1734 1459 1869 Wie hievord angezeigt, dergleichen getahn auch zu
424 1805 1486 1941 ihra slilt zegehen, Sie habe aber die Juhr zuge-
423 1890 640 1988 schloßen.
412 1965 1437 2096 e. Ob er das sagen dörffa, daß es in veruebung
431 2041 1478 2176 dieser lebs gemeinschafft nicht so weit kommen, daß
433 2116 1429 2236 das mensch darfan hätte kannen schwanger werden.
411 2189 1476 2331 d. ntan sie hatte dardan nicht können spranger
420 2272 611 2362 werden.
399 2362 1488 2512 ierauf Ward Catri Stämp keli ihme an die seiten
418 2447 1462 2563 gestellt und wurden vorstehende quadtiones gnen
421 2523 1450 2647 ihnen beiden wiederhollet und sie zu bekanntneß
421 2584 1465 2707 der völligen wahrhet nachtrucklich extrortieret
414 2661 1453 2797 Nit deso weniger haben bruder eines mlehreren als
414 2724 1455 2886 hirvorstelt, nicht geständig seyen wollen. Wurde
430 2792 1449 2944 also beider seils wieder umb an ihr ortgeführt.
403 2887 1284 3034 Oitum d17 Mprit io 173.
2728 416 2808 491 85
1776 475 2784 670 Montags den 30. aprilis 1731.
1697 626 2770 825 Ihr auf zeitt den hierzu angesellen
1716 744 2746 950 ibige mit dem Glut sSchander Sammel
1699 875 2715 1040 Rehrland verführte Coramina und
1697 979 2770 1130 Weracht vor Megss und d l und t.
1711 1098 2740 1256 gewesen von menbs groß beibel kepfer
1705 1209 2809 1373 als deßen fürsprech zu seinen gensten dar bort
1711 1308 2824 1480 drthen und volglich durch muhgs nommen
1703 1399 2781 1572 Morlolh die frste nemung bey syden
1705 1505 2804 1687 gegeben worden, Ist demenach zur Bochren
1702 1634 2779 1802 kommen, ob mit der heürtheilung fort
1690 1746 2825 1900 gefahren, oder aber ein mehrers taamen
1709 1857 2759 2015 vergenommen werden solle: Da den vast
1711 1955 2786 2117 einhählig erkendt worden, daß der Caruo
1697 2058 2787 2237 berelleilet und hiemit fortzufahren seye.
1678 2158 2778 2344 Daraufhen 40 stimmen befunden, daß er
1669 2291 2768 2441 Keheland mit dem Schwerdt vom leben zum
1688 2375 2825 2536 Todt hingerichtet, St. Stimmen aber erkendt
1703 2488 2787 2647 und gesprochen, daß er durch den schante
1670 2578 2765 2742 Richter auggeschmeizet, gebrandtzeicheet
1703 2678 2679 2838 und von Mrgß Rattund landen
1662 2787 2568 2959 Elig banewat werden solle.
1629 2906 2786 3081 Gedel an Herrn Großleibel Küpfer und
1714 3017 2750 3170 Grebtschreiber Tschisfeli Sie dieser
1686 3101 2736 3270 erkandtnuß berichten mit befelch, selbe
1698 3184 2785 3360 in caecution srellen zu laßen, wie zuthun
1680 3278 2157 3421 sie lußen werden.
