4032 3024
857 -4 1927 141 erlaser etc. dem Scharsen richter übergebern, durch selbigen
871 87 1924 228 gebunden oben auß auf die gewohnte Richt, statt
857 167 1921 303 geführt, daselbsten zu seiner bestraffung und excempel
851 253 1918 395 und schreiben allerd dergleichen und anderer wiß elahteren
851 336 1912 470 mit dem stranzen vom leben zum todt hingerichtet
835 428 1885 573 worden und biß anf unseren vernere etwordnung
850 514 1526 655 am hohgericht hangen bleiben solle.
839 609 1895 760 D Atum Cocam 200. den 24 tprilis 1130
839 718 1900 851 und Oleschriebener maßen word dem richter stull an der
836 783 1834 940 Krih gßen abgelesen und alsob alt cacqiiert zinstags
828 869 1090 1005 131 1ib.
2172 39 2994 202 Dormular vnd Sermnialo
2363 146 2939 322 D Lnd. Tagius.
2085 255 3106 457 Zedub An Heirrn gichtscheiber lschikli
2080 417 3216 557 Weilen auf dem 2te maii wieder den außgebrittung
2086 498 3222 627 Wodtschluger Jacob Raht der Erste und Andere Landt¬
2078 582 3153 708 stag von ihr m angesegt worden, Als haben
2090 663 3188 783 dieselben eich herren grichtschreiberin befehlen wollen
2067 731 3145 868 Nachte Wemnerd von Wardt eine copi von der
2075 822 3193 967 insormation fürderlich zuzustellen, damit er damenach
2054 906 3151 1043 seine clag einzurichten wüße, Da übrigens
2075 998 3185 1139 ihro gul auch eine cope von der ordnung vom
2057 1091 3142 1205 a9 setembris mm wie die landtagen verführt
2057 1166 3154 1304 worden sollen, zusanden wollen, umb zevon die
2055 1243 3165 1382 behörige wuß enschafft zu haben und auch seines orts
2058 1316 2959 1450 in der geüchschriberen enschreiben zu laßen.
2055 1404 2609 1545 Ad. d. 157 April 1730
2646 1447 3076 1627 Canzlig Cono
2349 1666 2721 1817 Sctraut
2025 1790 2939 1943 Auf dem policu, sich der statt Bertn
2390 1937 2674 2072 Ordnung
2035 1982 3138 2163 Wegen abanderung der formalitet der Land-
2166 2087 2904 2228 tagen alhier in der Statt
2011 2188 3097 2363 aus vielfaltig vorgestelten grunden habend
1993 2288 3111 2423 meyhe und oberen rahts am befunden, die
1946 2347 3113 2500 rmalitet der landtogen alhier in die statt
2006 2427 3094 2567 auf einen anderen sus zusezen, allermaße
1990 2499 3102 2666 dan hochgedacht meybe und oberen nach vorgen
2007 2574 3090 2737 gangener berahtschlagung deß wegen erkent
1990 2629 2413 2749 und beschloßen.
2648 2671 3071 2788 Namenden
1994 2725 3084 2880 Wag in tadschlags fahlen die anverlandten des
1997 2812 3072 2979 entleibten die nach wider den todschläger in
3173 14 3232 90 23
