4032 3024
393 383 1480 597 Angenommen, wohl verwahrt angeschloßen
396 486 1471 654 und zufleißiger arbeit streng ange
389 558 1497 752 halten werden solle. Actum ut supri
362 641 1481 865 N. Dieser Ciotian zimmerman ist koen
388 783 1471 926 allhiesigen thurn weyblen zufalligern
385 850 1493 1001 weise zu Thun betretten und in daselbsten
389 942 1498 1098 igen verhafft gesezt worden, da dan megl
395 979 1461 1150 die rähte in bestätigung der vom höchsten
380 1067 1463 1218 Bewalt sub 2 decembris d7 32 ergan
370 1154 1493 1309 genen Urteill ihne frischer dingen angleicher
374 1228 1453 1389 ort auff die Haleren zu verschicken erkennt
398 1328 1468 1472 volgends ward er biß auff gelegenheit zu
336 1404 1476 1558 seiner abführung in allhiesigen verhafft ge
373 1492 1483 1628 ubracht, allwo er aus deoperation vorge-
375 1579 1459 1734 bend wegen obiger Urteill sich selbsten
365 1662 1466 1790 mit einem aus dem Täfelwerch herausge
349 1744 1450 1889 klaubten isen, nagel gewalt angethan
356 1838 1444 1959 und deß Lebens berauben wollen, solches
355 1914 1453 2040 aber nicht vollends außgeführt, allso
351 2001 1437 2127 daß dieses sein verzweiffeltes begunnen
357 2063 1483 2197 wiederwahl vor Meghe die räht gelanget
351 2162 1474 2283 Allda die quastion ob vorstehende erkant,
346 2237 1450 2367 nuß ohne anders zu bestähtigen oder dieser
354 2317 1436 2458 Casus vor den höchsten gewalt zubringen
341 2405 1458 2529 seye. inngestanden und von ihr gr herren
333 2466 1455 2611 ambts schultheyß das letstere beliebet
337 2542 1427 2699 worden, heüte vor Mughl raht und d aber
344 2658 1469 2795 1. Weilen diese sach ohne das gewohnliche cere¬
341 2712 1460 2863 moniale nammlich ohne inotruiert und ver-
341 2795 1462 2959 handene procedun ohne vorlegung deß
348 2866 1444 3023 blut-stabs und ohne deß herren groß
341 2953 1469 3118 Weybels vorwort und fürbitt etc. alle
337 3026 1476 3214 dahin gelanget, ist vorlänffig die frag vor-
347 3130 1478 3271 kommen, ob dieser casus zu instruierung eine
315 3179 1491 3397 formalischen criminal-procedier zu Ruck geschikt
1295 3347 1389 3437 oder
2575 380 2676 459 145
1592 440 2677 582 oder aber in instanti abgesprochen werden.
1593 535 2689 668 solle, Welche quastion abermahl in equili-
1602 596 2644 735 brium gefallen und das letstere von
1602 681 2702 831 ihr gn herren ambt-schultheyß under
1612 739 2704 915 stüt und angenommen worden, gestalten
1609 848 2675 991 dann zwar etliche vota zum todt, die
1606 913 2710 1068 Mehreren aber zu obbeschriebener urteill
1604 1018 2166 1163 herauß kommen sint.
