4032 3024
759 1057 846 1142 13.
776 49 889 168 12.
941 13 1901 169 obschon Sie von Pieferken hielbeg durch ein
938 116 1894 249 gleiche weg geführt worden, so seye der
916 199 1868 327 Rychiner dennoch zu Sollothurn ihme
928 271 1868 409 nachkommen, giengen mit einander
926 344 1886 517 ie die schlandlen zu sein kofers elteren
886 425 1886 560 von danne auf sein Ryhiners beßtone
915 513 1874 660 diges anstrangen begaben, sie sich nach
896 586 1887 728 ägertsch, allwo Sie Nachts in dem Auh¬
915 655 1868 792 Hersten haus aus dem Stall l Schälf
925 733 1861 873 entlandt, wolche der rychiner alhierin
895 801 1869 949 gern seinem vorgeben nach um sthal
904 872 1885 1039 verkaufft, aldiebeil er kofer ihme wüßen
911 939 1609 1058 in einem Holzlin gebartet.
901 1022 1872 1188 Hernach habind die sich zu Hunziken über
910 1124 1838 1239 die arstoßen laßen, über gelp und
901 1186 1848 1338 das thurnen moob nach der Gütschel allen
889 1272 1836 1411 ment sich begeben und tags eingesehen.
892 1323 1847 1483 so sie ihren streich machen könten. Geyder
901 1389 1828 1551 lacht etwan um g uhren bekamen sie
879 1460 1869 1613 also bald ein pferdt, so er Hofer alsobeid
892 1548 1839 1702 angehal�eret ein anders könten sie
892 1603 1761 1744 nicht fangen und geratheten also im
886 1673 1833 1801 Kaßli an das vringe, so der Rychiner
877 1745 1823 1887 für sich destiniet sotte, könten solches
889 1799 1852 1975 endlich auch bekommen. mit diesen pferdten
872 1873 1846 2026 ritten sie bey de fort nacher Nrubenburg
876 1942 1837 2120 daselbst habe der Rychiner das Eintepferd
882 2028 1795 2160 einem herren verkaufft, das andere
881 2092 1803 2249 auch zuverhandlen getrachtet, Als sie ein
873 2152 1771 2314 zu Neübenburg hin und seo gienge
876 2227 1811 2399 und viel brühe mit ihnen redten, auch
880 2288 1829 2475 under anderen einer ihne hoher befragte
881 2358 1832 2551 ob sie nicht unlangst zu Pieferlen gebeßen
866 2432 1816 2621 habe er hofer unvermerkt sich aus dem
851 2490 1804 2651 staub gemacht von obigen verkauffte
861 2559 1805 2765 pferdt habe er hofermehr nicht als s tha
862 2611 1282 2760 in dishand bekommen.
1971 2484 2053 2560 16
1996 1364 2080 1473 15
2041 52 2147 190 11
2378 -2 2446 83 90
2165 2 3286 154 von Neulenburg begabe er sich nach
2129 94 3292 254 Mueten, alleo er eine kalzseren gekaufft,
2135 204 3280 351 von dannen gienge er nacher Waberen
2142 264 3279 441 aldars zleüschen gro� und klein waberen
2136 383 3253 533 hinzig glören pferdt nachts ab der weyd
2133 468 3252 615 entbende und solche nacher grnstgen
2124 562 3265 692 führt, das Einte Pferdt habe man Ihme
2122 646 3244 784 gu dihog zur zeit seines verhafftsge
2132 737 3219 863 nommen, das andere aber habe ermit
2117 800 3247 945 obgedachten wihrt a ledclis des france zu
2123 885 3233 1028 derson verkauschet und 8 thals nlachen
2111 980 3235 1108 gelt bekommen. Diesers erkanschte pferdt
2108 1053 3212 1186 habind sie zu duhog auch behalte, wo¬
2116 1130 3202 1266 aufhin er zu duhag in verhafft gesetzt
2116 1214 3218 1351 worden und endtlich sich looßrei�en können.
2113 1354 3196 1498 von dusog hinbeeg verfügte er sich über
2108 1437 3185 1571 Gruß nach dulgn und von dar in die
2082 1512 3158 1661 schwandlen, alleo er sich mit seinem
2086 1579 3171 1731 Weib eine zeit lang in abroham schiid
2082 1667 3189 1802 bers haus aufgehalten, von danan giengen
2099 1747 3168 1865 es beiters und name einzig ohnbeid
2083 1804 3144 1952 Burgdorff an einem abend gbüschen
2089 1877 3164 2030 tag und nacht zwee pferdt ab der weydn
2081 1939 3156 2095 führte solche über den sonderstey mitt
2075 2015 3130 2162 Hilf zleyer Sännero die Grinnin hinab
2088 2095 3124 2243 in dos Wolleß kand, daselbsten bey dem
2070 2167 3136 2312 Sad habe er das einte dem sadmeister
2091 2236 3137 2376 Dm 16. eebris das andere um 18 lb ver
2080 2295 3136 2454 kaufft, under vorgeben solche seinten vatter
2084 2374 2571 2506 entführt zu haben.
2080 2478 3126 2648 Als er mit diesen zweyn pferdten zu Munin
2077 2569 3095 2710 durch geritten, habe er im vorbeygang dem
2057 2618 3083 2748 ochßenwihrt alda ein sattel und ein
2082 2696 2581 2787 haumdentleendt.
