4032 3024
478 529 1412 725 hinbigg und widrumb in die hindere stuben
489 653 1447 829 in ihr schlaak bott beschen und also das kide
730 725 982 821 feschmagschhug.
301 749 1142 907 ms vorsah iegen und vethaug laßen.
433 852 1465 1007 Wie nit wie einersteits dieser Mateficanten
474 941 1429 1097 Maria Sutzs angehörte bekanntnuß und vor
468 1015 1403 1167 gicht mit allen ihren umbständeng undersucht
473 1085 1410 1251 und also in reisle betrachtung gezogen, daß
470 1180 1423 1338 Sie wider unsere auß gegebene gsutz und ordnung
470 1255 1396 1418 gröblich gefehlt, ihrer ergenen fleisch undt
455 1357 1392 1491 blutz schandtlich vergeßßen habe und durch
451 1450 1351 1581 solche gransamme und frefelhaffte untahten
454 1537 1420 1664 Blit schulden dem ganzen land auffgeladen
445 1611 816 1724 worden kannten:
1003 1629 1445 1724 Andorseits dann wir
866 1623 938 1724 0
458 1711 1421 1835 deß vor Gott den allerhöchstein regenten uns
453 1797 1449 1914 zu bestraffung dergleichen übeltahten anvertraute
440 1873 1457 2013 ten hach oberbeitlichen ambs und daran hangender
441 1959 914 2083 Ppflichten erinneret:
1064 1967 1436 2082 Ald habend Wir
457 2037 1434 2204 darauf hin bi unseren eyden zu racht erhnnt
453 2121 744 2264 undgesprochen.
389 2228 1440 2396 Daß vor allen diegen dieser delinquentin theüre
431 2341 1464 2484 Siele in die haus ihret erlösers und saligmacher
454 2407 1417 2559 anbefohlen, ihr leib aber zu Wolverdienter
420 2499 1449 2635 jedach gnädiger straagk dem Scharsl rtichter über
419 2587 1400 2737 geben durch selbigen gebunden, ober auß auß
437 2679 1430 2827 die geohnte richtstald geführet, daselbsten zum
435 2757 1447 2895 excempet und schreikeng aller solcher und anderer
438 2825 1392 2976 Übeltahteren ihro mit dem schwert das haubt
441 2906 1404 3051 abgeschlagen und also sie vom keben zum todt
444 2986 1432 3117 ingerichtet, der Körper dann flachtrrt an das
428 3058 1416 3211 gewohnte verschmachte oot verschareet werden, solle.
422 3126 1417 3296 Ar ctum Coram 200. den 22 Juni 1733.
421 3235 1410 3387 An des krntz gasßen verlesen und cxequiert den
438 3313 681 3408 23 16 l
2653 316 2763 407 175
1618 422 2709 620 Beanhnuß und regicht
1628 575 2601 755 Ies Christian zumvemanns
1614 663 2744 847 von Grolfingen gebürtig dermahl von etwann
1774 746 2458 913 27 a 28 jahren alters
1596 891 2763 1092 Remnach Clristian Zum ermann1: welcher
1569 993 2738 1198 wegen vielfaltig beides in ihr ge landen und
1606 1078 2759 1293 hinder Neübenburg begangner diebstahlen offters
1616 1139 2763 1370 in verlrafs gerahten ausgeschmëzt, gebrantmahlet
1622 1273 2716 1443 in scheltenwerck geschmkdet und vermagn von
1599 1322 2789 1558 Meghliz und Orem st un. 6 sub 2 t Xbrio 1132.
2459 1412 2764 1523 auff die ga
1613 1461 2171 1621 gefällter Wteill nacher
1604 1483 2791 1695 daren verschickt worden. ohnlang hernach von
1619 1592 2790 1752 den goliereni kooßkommen, magher landafdent
1613 1672 2755 1856 dich guit ohngschricht betrettin nud sich zu Thum
1620 1748 2767 1920 bekandnen laßen, volgends er von Hochgedacht
1606 1838 2771 2043 Mug zund oberne sub 16 xoris 1734 für
1624 1924 2734 2103 die noch übrige zeit seiner lrbend in das stellen
1633 2024 2746 2176 werdle ergennt worden, mit dem ausgetrinkten
1630 2124 2797 2244 Antang und ernst anrinten beifürgen, Daß wann
1599 2192 2805 2331 Er sich erfrnhen und auch den leyß und nommen tahte
1621 2288 2801 2433 er auff betretten vernerer begnädigung nicht gewarn
1626 2366 2781 2511 Item, sondere ohne anders vom leben zum todt
1627 2451 2175 2573 hingerichtet werden solle.
2343 2456 2768 2578 Dieser dannen
1634 2518 2734 2657 ohngeracht deßen alleßin den 14 . junii 1735
1629 2614 2748 2762 auß dem schellen werdk entrißen, nach eihen
1607 2665 2792 2860 Wuchen im amt Suniß Walst angehallen und in
1647 2746 2772 2944 deselbstiger schlaß gefangen gebracht, volghends
1652 2851 2793 3029 van daselbsten ans ihro gal befelch in alllie
1635 2923 2792 3108 sigen verhafft gesehzet und beides durch nimen
1642 3003 2738 3209 hochgethehen herren Rahtsherrnn Im Hofd als
1648 3094 2781 3317 hirzu vererdneten herren coaminatore, wie auch
1632 3182 2778 3415 ihr ga dienerem netehln 3 Grrs weybel
2349 3358 2718 3506 Freutdawrich
