4032 3024
710 9 766 107 3
821 -1 1878 150 dar auf, der Rot aber antwortete du darfst
818 87 1853 244 mich nit zu halten, ich besiche feür und liecht
814 193 1849 319 und jahr dem auf dem boden ligenden zu
811 273 1846 400 und als er gesehen, daß er sich nichts regte
809 347 1844 476 sagte der rot, er wolle den schärer halten
820 420 1847 557 und gienge hinauf gegen herren scharer Wyße
807 504 1879 626 bachs haus, er gezeng und sein Cambad aber
808 571 1848 699 begaben sich auf die wacht, dan es hin der zeit
808 648 1840 772 bare, Im übrigen seye dieser zufall
804 718 1860 849 so geschloind vorgeloßen, so daß sich niemand
811 793 1752 934 hatte darzwischen legen und scheiden können.
820 885 1876 1053 Endeten also ihre außaagen. Actumut supra
817 1101 1842 1261 Dn 3. aprilis 1730 sind derurch metthe
819 1194 1853 1327 serren Großbeybel Wurstemberger und
814 1248 844 1307 u
861 1248 959 1308 eden
813 1274 1843 1424 grichtschreibern Sschißeli nachver
820 1344 1857 1502 melte drey weibspersohnen über obige zutra
812 1411 1842 1564 genheitin ihren außogen angehört worden
1071 1494 1372 1604 lare volget
820 1558 1830 1761 Dorotdea Meyer geburtig von oberhofen
830 1691 1832 1817 di�mahl bey Jo fe von Waltenlyl in ber
821 1749 1856 1909 dienend von eowan 30 jahren alters heügete.
810 1846 1853 2037 Es seye der müller rot vor herren franzauden
819 1941 1845 2099 Dorg Sturlers haus gestanden, als die müller
817 2006 1831 2138 die statt hinab kommen, den der müller an
819 2087 1863 2240 redte mit diesen worten du biß mir schuldig
812 2124 1832 2266 der seidenlaber antworfeten, ja 1sis
817 2197 1833 2338 bahr der müller fragte weiters wiltu
814 2258 1805 2433 mich bezahlen, der seidenbäber sagte, ich
813 2309 1798 2497 habs dißmahlen nit darauf sprach der
814 2391 1826 2564 Müller du bistenkunp, der bidern
816 2450 1818 2654 bäber antwortete, ish glaubts nicht
786 2532 1816 2704 Der müller sagte wociters iarinamur
815 2592 1825 2794 bistu und gabe dem stidenbäber zbren
827 2659 1817 2848 toß ohne daß dieser sich gelahrt, bey dem
798 2737 1812 2906 witten stoß wolte er sich auch behren, da
2039 3 3169 192 Ergriste der müller den seidenwuber bey den
2033 132 3171 280 halß, so daß er alsobald ganz brann worden.
2038 231 3174 372 sie sto�ten einanderen bis auf den bank allleo
2029 308 3172 459 der müller eine zeit lang anden lage Bald
2044 404 3163 571 aberschl�üngt er den seidenwäber einsmahls
2056 480 3167 640 unf den ruken zu boden und hielte ihne ale
2050 566 3161 718 geit bey dem halß, hatte auch ihme etliche
2050 644 3161 798 mahl den kopf auf den boden geknntscht.
2036 733 3154 885 da hat die kebend magd gweegen wächteren
2039 811 3150 948 ein zugerichten, welche den müller beschulte
2033 900 3174 1040 sagende, er hatte nicht selbsten sollen richter
2029 978 3166 1115 seyn, sondern bon er etwas zuforderen sich
2027 1062 3167 1187 bee dem richder anmelden, er solle jez
2035 1119 3168 1266 sehen, was doraus erfolget: Darauf sagte
2042 1198 3155 1341 der Müllers der seidenwäter ihne nur
2045 1288 3161 1401 so dergleichen, er seye nit so übel, daser
2044 1358 3171 1488 ihmen keintn sp auch geben habe, erbolle
2045 1419 3168 1563 einen scharer halen und giengt also dar
2042 1487 2141 1605 von.
2087 1638 3177 1836 Anna Hbser von Chin, auch beysyl
2057 1771 3159 1918 von Wattenlögl in diensten von 24 jahren
2431 1852 2655 1938 Alterg
2024 1885 3145 2077 zeügete: Sie habe einen brief bollen auf die
2011 2007 3143 2155 Jo� Jraglen, sahe indeme diese beyde m�nner
2013 2099 3131 2229 den finden von oben hinab den anderen vogunden
2027 2174 3131 2298 hinauf gegen einanderen kommen, da fragte der
2003 2237 3147 2368 Müller den anderen, wilte mich bezahlen und
2014 2308 3105 2435 bortete der stidenbaber, da ich wolte es
1999 2372 3133 2504 gersthun, allein ich habs dißmahl nit, darauf
1990 2443 3076 2561 sagte der müller du biß kein brofer man
2005 2517 3107 2654 der seidenbäber replicirte, er glaube wohl,
2019 2586 3105 2717 er seye ein soiderman. Worüber der müller
2012 2659 3101 2788 sprach, soll ich die sagen berdubiß der
2005 2736 3098 2867 andere verdeütet, ja er solls uid sagen
2014 2828 3113 2944 hierauf der müllersprach dubist in Lump
