4032 3024
684 140 1663 292 4ihr gnaden her schultheiß befihlt demm
682 239 1676 360 herren großweibel die fführen zu offnen und zu
688 316 1675 448 rusten ob jemnam verlonge des recht zuge
688 418 873 507 frachen
991 489 1173 622 Et
664 591 1665 712 hn herren großwebel sunder der thuren mit er¬
680 674 1684 795 hobener stumm. Ist jinand zugegen der begen
680 741 1681 859 dann an nitti begangenemm todtschlag verlangt
677 838 1656 964 das recht zu Gebramchang dar frette hertor
671 900 1651 1042 zumm ersten mahl biderhohlet alieden auff
676 979 1660 1133 zum anderen mahl laßet die schuhe offen
670 1080 1434 1201 stechen und grittet biden herei.
674 1205 1685 1367 S mann nieinand erschaint, stuhet der sang
683 1308 1663 1415 stn herr neüer auff grittet imr spenz und
701 1372 1641 1497 begehret das recht biden den odtschlger
687 1465 1659 1569 mn im nahmen der statt Gerrn eter
698 1528 1662 1662 langt auch daß er moge eitiert und ihme
679 1613 1662 1737 hervorgereffen berden, sezt solches zum
679 1709 1648 1826 rachten wirdt hierauff zu Erst angefragt
688 1772 1672 1902 und durch die ammfrag die erste cotattion
681 1825 845 1929 Erkent.
685 1952 1621 2105 7 r gnaden herr schaltheis befahlt dem
689 2045 1593 2159 hern großbribel demm beflagten raffen zu
691 2110 812 2214 haßen.
680 2174 1653 2306 d herren großweibel writtet h maus und laßet
686 2286 1674 2382 durch einen weibel zu Obrist auff den raht
685 2331 1504 2448 Hanß stägen dei beklagten ruftanme
694 2446 1650 2565 Der weibel rafft oben aust den rahthaus
670 2527 1657 2655 stägen mit erhabenen stimm. Ist m Burger
691 2580 1669 2710 mn nirgents hier, er trette sertor und stele
686 2641 1590 2774 sich allheer vog recht zur veranteerthung
694 2706 1634 2840 wegen deß an mm begangenem todtsclages
1370 2836 1516 2908 Deßen
1930 142 2957 300 Desen traurige Wahrzeichen gegenbertig bei den
1931 248 2152 371 Vnll Jrud.
1936 339 2703 464 Zumm ersten anst zum ersten mahl
1921 420 2717 557 zum Ersten Rust zum anderen Mahl
1936 495 2973 628 zumm ersten gast zum arttten mahl jeder
1949 581 2807 716 mahl mit repetitvor obigen deshalren.
1937 654 2922 810 herren großweibel trittet bider herli und
1927 769 2950 892 berichtet, daß er den beklegten ettieren laßen
1926 844 2484 978 sein aber nicht erschinen.
1933 942 2953 1093 D a Herr Nenner alrfläger verlangt der bedche
1929 1041 2952 1176 henen extation und deß außbleibens ein vr
1927 1133 2676 1246 kund, sezt solches zum rachten
1940 1224 2925 1379 12 dar Urfund birdt nech gehaltener umm
1926 1318 2907 1437 frez ihme ertheilt. zieranff berden die
1930 1418 2937 1534 thüren geschloßen zumm zeichen, daß der erste
1932 1504 2967 1618 ondtag Porbli und wirdt zumm zweiten landt
1925 1572 2546 1696 weg geschriften bie volget
1932 1719 2884 1812 3 Gegehet herr Penner llen allezeit imm
1931 1794 2900 1890 freüz stechen bleibt fnn nahmen der statt
1922 1869 2898 1980 on daß auch der andere sondtag zu
1931 1928 2910 2051 erspahrung zeit und sosten gehalten beyden
1919 2014 2694 2139 mochte, sezet solches zum rechten
1907 2093 2933 2259 1 medt durch eine Aufrag Erkant und
1849 2195 2706 2320 Darauff die jhar lider geoßnet
1925 2339 2950 2444 15. Denne begehrt herr megar beien der zweite
1929 2410 2963 2526 somstag gehalten werden solle, daß demm thäten
1922 2481 2956 2610 bieder zumm anderen landsag hervor geruffen
1910 2546 2056 2647 berde.
1928 2613 2328 2747 161 Vide A 7.
1918 2713 2344 2835 27 dide A 58
