4032 3024
453 440 1535 694 Abends seye er mit seinem Meyster und demander
436 569 1499 756 Keßler nach Marzihli zu deß Grunners hauß kommen
445 673 1518 847 Allwo der Meyster wein geforderet, allwo man ihm
427 771 1527 920 auch wein und darzu Suppen und Fleisch zum nachte
442 841 1517 987 Eßen geben, Der Gruner befande sich starck
427 929 1497 1065 berauscht, ließe sich dennoch ein schoppen wein
440 1005 1506 1187 darreichen: Nachwerts habe Er sich zu bett begeben
421 1110 1497 1269 hernach seye Er widrumb auffgestanden under zwey
432 1189 1515 1338 mahlen habe ihme eine an den kopff versezet, alß
440 1264 1486 1415 daß ihme der hut ab dem Kopff gefallen, ohne
436 1356 1495 1505 einichen vorher gehabten wort-streitt inmaßen er
436 1439 1477 1574 den ersten satz mir für venade geachtet, Als
417 1514 1516 1664 Er nun Ihme den zweysten Satz geben, sagte Er istons
423 1612 1487 1742 er grnmer schlage ihne nit als ein ehrlicher mann
418 1688 1469 1812 hernach seye der Grüner zum zweyten mahl vom
406 1761 1467 1896 Bott auffgestanden, zoge seine hosen an, und fiele
405 1859 1477 1980 ihne dessons widerumb an und gab ihme den
419 1921 1449 2052 ersten meßer stich in bauch, Worauff er den
422 2003 1458 2137 Bruner bym Kopff gefaßet und auff den boden
408 2089 1484 2213 gezogen, darnach aber zur stuben hinaus gegan
402 2168 1481 2288 gen, deme der Gruner nachgefolget und mit dem
403 2244 1468 2376 Meßer drüßen im gang noch einen stich in bauch
405 2351 575 2457 geben.
584 2523 1209 2661 elatio medica.
309 2706 1452 2898 Hochgeachste et. Gnedige herren
372 2897 1456 3064 Jurver Gnadi Revcripto de nt sctobris letsthin.
373 3006 1462 3133 entspricht dero sollegiam gnedicum in under
399 3087 901 3197 jähnigkeit wie volget.
327 3161 1445 3321 2 Daß der Collegialische Schluß de at ocbris sol
388 3262 1440 3414 gn vorgetragen worden, nach bißhar neblichem
1151 3371 1301 3515 Sib
1593 1380 1666 1498 2
2747 314 2855 403 127
1622 459 2783 663 Otiso eingerichtet gewesen, da e gr wohl ihrers
1644 537 2820 762 Collegii meinung wißen in die rationes oecidendi.
1669 686 2256 828 aber nicht eintretten wollen
1600 781 2818 977 2. Mann mehle Gtroßweybel und grichtschreiber mehr
1667 888 2844 1076 eren(als dem medico ordinario) von unserem
1665 972 2790 1146 Collegio wurde entbotten haben den leichnahm zu
1677 1074 2844 1232 offnen, ware denenselben wie jeder weilen biß dahin
1648 1147 2512 1335 geschehen, schuldigst entsprochen worden.
1669 1311 2842 1485 Daß die nicht Signierte Relation nicht animo et inten-
1662 1417 2831 1560 itione documenti porobantio concipiert worden, sonder
1668 1508 2851 1616 nur als ein pro memoria für den medicum ordina
1664 1588 2848 1707 irium als in mehreren mundtlichen referent von
1661 1645 2804 1809 her Collegio medico, welches dann laut dero
1915 1755 2801 1856 tenbris über deßelben rationen-hin
1667 1779 1951 1882 befehl de 3.
1675 1847 2830 1962 einen schlußfaßen und derselbige f gn als das
1666 1901 2807 2027 einige Documentum probano vorgetragen werden
1662 2004 2845 2135 sollen, wie dann auch die von dem Medico ordina
1666 2079 2823 2215 irio und denen beyden Chyrurgio Viditatoribus
1676 2166 2803 2298 underschriebene bericht und schluß nur zu dem
1675 2240 2818 2374 endt underzeichnet worden, damit ex post facto
1674 2305 2812 2477 weder der hoche noch sub delegierte richter durch
1664 2393 2820 2538 ungleiche oder ungleich gefaste berichte in einem
1646 2469 2836 2620 so treffen cadu Iere gemacht werden können etc.
1657 2569 2810 2718 Wann aber e gn dem sollegio dermahlen in
1662 2632 2843 2816 mehrerem und ferneren anbefehlen. Die zwey locter
1640 2720 2834 2894 Ggrurgos vor uns in geseßenem Collegio zu be¬
1666 2818 2824 2979 ruffen 2 in ihrer relation neben dem men
1676 2873 2803 3040 edico ordinario zu vernemen. 3. hierüber eine
1676 2953 2832 3116 irund umbständtliche relation in rationibus
1657 3013 2804 3191 proetcontra samt dem Schluß pro letalitate
1671 3075 2823 3304 absolucta aut non absolucta zu Papyr zu bringen.
1662 3166 2838 3360 als ist zwar durch die mundtliche relation derer
1674 3229 2829 3443 hierzu beruffenen extra chyrurgorum desenedi
1678 3321 2819 3537 ie ordinari ehmahls abgelegter mund und schrifft
1683 3392 2172 3551 s mhl sunen
2538 3543 2685 3662 licher
