4032 3024
585 1413 645 1532 3.
583 82 649 159 1
582 767 652 879 2.
681 40 1670 207 So habe er vor etlan einem Jahr seil
697 139 1668 264 seiner landsverbrisung mit deane
681 229 1620 352 Muenods einem auch banihiete
689 292 1673 428 Weibebild mit deren er im shallen
692 369 1660 511 berk bekantschafft gemacht sich ver
687 447 1598 584 ehrlichet und zu dulte in ihrem
683 523 1651 656 Beymahs spulieren laßen, welche da
688 602 1639 735 nun sich zchwangeren leibs befinde.
688 744 1652 861 habe er vor etwean 6 jahren dem Peter
694 843 1670 964 stuli zu Bursählen nachts aus der
685 910 1682 1060 stall ein pferdt anbeuden, welches shrigen
670 993 1685 1132 Hofersein vatter gut gemacht, deß Enklin
689 1069 1685 1199 er zur füchtigung auf gedacht seing
676 1144 1664 1268 vatters ansuchen fur ein halb jahr in
679 1210 1662 1346 die spinn stuben gethan worden, sey aber
660 1284 1601 1432 vor außlaug der zei außgerißen.
673 1408 1644 1578 zu gommerkinden habe er nach berts
699 1521 1628 1657 mit hilf eines gelaußen Gygers ans
692 1593 1625 1733 dem sollothurner gebitt namens
694 1661 1646 1784 Christen n einen seier nachte ausdem
682 1738 1646 1869 Stall entberdt, dahero er alhier in
682 1809 1640 1934 das Schallenbort geschmedet border
694 1880 1658 2001 vor außgang der bestimten zeit aber
699 1949 1380 2083 auch daraus entlossen seÿe.
573 2038 1650 2207 tu zu münsingen vor ungefehrd dreyen
691 2151 1659 2301 jahren seye er in dem wihrtshauß zum
693 2239 1659 2363 ochßen über nacht gelegen, alleo er am
701 2301 1649 2446 Morgen bey seinem hinbeg gehen dem
695 2365 1643 2517 wiset ein rindshaus genammen
706 2437 1657 2583 und einer wittfrauben alhierum d
698 2511 1648 2653 berrn giaben verkaufft. Der wihrtsteüe
662 2575 1661 2711 vermuhtlich seines schadenshalb von
680 2645 1660 2798 sein hofere vatter zufrieden gestelt
701 2718 850 2808 worden.
1795 1590 1892 1694 90
1833 2489 1900 2625 z
1925 -4 3020 160 Am gleiche zeit habe er sich under jerh
1923 63 3030 234 Obers Maÿ und Hr Haup Man von
1929 165 3027 347 Sonstelten in briegs dienste underhalten.
1935 278 3003 440 aßen, seye aber von beyden devertirt
1931 380 2967 519 deßentwegen er abermahls in das
1923 459 3016 613 Schallenberk gerathen, von dannen gleichen
1924 566 3022 707 fahls nach etlang 1 2 jahren lao�geri�en.
1935 696 2998 863 Im kurchenberg habe er 14 tag nach
1836 715 1911 846 6
1906 799 2973 948 seiner sothane entrißung bachts ab
1924 886 2982 1031 der weyd en pferdt genommen und zu
1864 970 2989 1111 Fryburg um 30 l. verkaufft, solches
1935 1061 2980 1203 Pferdt seÿe von dem verlüestigen pecla-
1921 1154 2994 1270 miet worden, denoch aber erst nach
1927 1220 2974 1323 deme er albereit mit dem geltfort
1922 1291 2891 1419 geleßen, dahero man ihne nachbeeten
1901 1369 2973 1497 widerum alhier in gefangenschafft
1923 1443 2110 1538 gesect.
1931 1552 2977 1704 etliche monat heenach, weilen er diedeane
1921 1655 2957 1780 muenods geschlangeret und ihro die
1924 1730 2929 1861 ehr versprochen gehabt, die auch loegen
1924 1789 2935 1928 Beiniger des denen Badwescher in der
1914 1874 2962 2009 schlandlen verübten gelte diebstahls halb
1913 1939 2949 2069 beschehenen aber damahls von ihme ver
1910 2021 2949 2148 langnets anflog, ward er biderun
1918 2077 2933 2191 als zum stenmahl in die oberehe
1919 2174 2933 2271 gangenschafft gesezet und nachwerts
1910 2223 2911 2363 offentlich mit ruthen gestrichen und
1907 2297 2941 2444 samt der muenods aus dem landbar
1896 2364 2136 2466 nisieret.
1906 2493 2939 2637 Aldiebeil er das letzters mohl in dem
1897 2590 2921 2701 Sch�llenberk sich befande, seye eroffer
1924 2640 2920 2777 mahls mit demen spitthalen jugen auf das
1863 2708 2907 2845 Feld auf die arbeit gegangen und also
2647 2816 2787 2956 byp
