4032 3024
282 3175 454 3316 55
331 446 1493 584 I In dem 4tag examine de 7. decembris wurde
467 554 1490 674 kraff aufgetragenen befelchs vom 27. novembris
451 624 1406 738 ihra Grätz der scharpfrichter und die
449 698 1477 824 Marter gezeiget, wolte aber nicht ge-
449 771 1472 895 stehen, daß sie auß Vorsatz gifft in das
452 870 1426 968 wemwarin gethan, wohlaber seye sie
454 922 1429 1036 Dennoch der anlaß zu dem Angluck,
460 994 1470 1113 sintemahlen das jenige Pulferlin, so sie
460 1073 1434 1178 umb ihren scharback zuvertreiben habe
434 1137 1490 1256 hohlen laßen, ihro das maul und Bilderen
456 1204 1475 1334 durchfreßen, weil nun disers Pulferli
457 1281 1474 1394 nicht mehr in ihrem losament seye, so
455 1353 1461 1464 mueße es an dem Zunker geklebt seyn,
442 1422 1494 1550 zumahlen sie den von ihrem kind gebrachten
448 1488 1505 1613 zinker ab dem papyr geschrißen, seye alles
454 1565 1460 1669 darab gangen, und habe vermeint, Es
438 1628 1374 1745 seye gestoßener zunker, habe aber
449 1701 1477 1817 wußentlich niemand vergiftet, und nicht
454 1765 1412 1883 vergifften wollen, auch ihr lebenlang
442 1836 1459 1951 weder selbst noch durch jemand anders kein
436 1914 1457 2024 gufft kauffen laßen, sonsten sie auf den
448 2011 1465 2092 biel boden geflohen wart, müeße aber
445 2056 1478 2155 folgen, daß gifft in disem pülferlin ge-
460 2132 1469 2235 wesen, weilen sie nnvergiffet ins hanß
454 2207 1471 2301 vergifftet aber darauß gangen, glaube
441 2254 1468 2359 also, daß dises ohnglink von ihra komme,
443 2354 1441 2433 hingeger glaube sie nicht, daß die alten
448 2384 1486 2501 Ris so schlamm seye und ihres eigenen sohns
457 2466 1417 2576 kinder vergifftet hatte. Auch ihr
442 2535 1399 2637 blut ware nicht unschuldig, weilen ein
445 2589 1473 2696 kind gestorben und wegen ihrer unvor-
444 2663 1487 2775 sichtigkeit das leben einbußen müeßen,
452 2743 1417 2835 wolle ihr leben gern daran sezer
453 2815 1469 2916 weilen ihr gelaußen sage, daß sie vil
460 2859 1477 2983 leicht könne schuldig seyn, maßen sie den
449 2924 1472 3052 zuker ab dem papyr geschrißen und
451 3004 1430 3129 darmit eine vergifftung vorgangen
458 3070 613 3173 seye.
454 3186 1466 3339 In dem 5ten examine de 19. decembris
446 3282 1504 3402 krafft Mryhl befelchs vom 14. dito wurde
1327 3373 1454 3468 die etc.
2763 340 2859 434 51
1750 405 2846 575 die del Grätz zwey mahl an der lahren
1759 476 2886 649 Marter aufgezogen, die dann folgendes be
1758 608 1936 696 krent
1904 647 2870 792 Gey vorstellung des scharpfrichtegs.
1755 743 2825 911 daß sie von dem Wëiwarmn geßen und
1756 816 2879 961 dardurch sich zu toden verlanget, auch diffs
1762 908 2869 1022 in das weiwarin gethan habe, welches
1758 981 2761 1124 nicht gemein gifft gewesen, sie habe
1759 1050 2871 1190 nemlich von ehmner frauen von Grystensee
1755 1121 2878 1266 vürgirende sachenkaufft und weil sie von
1758 1192 2853 1317 den doctoren sagen gehört, daß i allen
1756 1259 2862 1392 vomitifen gifft seye, so habe sie die dosin
1751 1357 2347 1468 desto großer gemacht
1878 1436 2826 1571 Bey dem ersten auffzug an der
2108 1513 2547 1622 lähren Marter
1741 1589 2866 1716 wolte sie vollkommen unschuldig seyn, s
1741 1663 2876 1787 gend, sie wolle lieber sich zu Sticken zer
1744 1772 2860 1863 reißen laßen, als etwas wider ihr ga
1740 1825 2790 1927 wüßen bekennen, man solle die alte
1750 1875 2854 1999 R sinfragen, sie del habe nichts als
1742 1949 2715 2080 den zinker ins weinwarmgethan
1825 2045 2856 2188 Nach dem zweyten auffzug an der
2139 2146 2625 2246 lahren Marter
1741 2169 2850 2351 bekennte sie, sie seye wegen ihres h sel
1740 2276 2851 2410 in einer schwarzen melancholie gewesen
1733 2323 2843 2496 und da ihr kind gestorben, seye sie noch
1735 2401 2871 2580 schwährmühtiger worden, derowegen habe
1732 2473 2844 2642 sie sich selbsten umb das leben zubringen
1724 2567 2793 2701 gesucht, die kinder aber nicht und da
2788 2642 2860 2712 3
1738 2624 2832 2791 hero gifft in das weinlarin gethan
1738 2687 2830 2840 dann sie der meinung gewesen, sie werde
1731 2763 2831 2953 ob dem oben ab eßen sich mir erbrechen
1732 2839 2797 2979 und sie wolle das dike an dem boden
1735 2887 2852 3074 Eßen, dises gifft habe sie in ihrer tante
1726 2995 2765 3127 matten in dem Mittleren hauß in der
1731 3033 2815 3202 underen stuben auß einer runden trinken
1705 3125 2849 3316 genommen und zwar auß vorsatz einganzes
1708 3183 2838 3374 Papyr voll in gedachtes Weinloarin gethan
1727 3273 2831 3441 Dennoch aber nicht gedenckt, daß es denen
1714 3334 2832 3511 kinderen etwas thür. Hernach bekennt sie
2653 3494 2840 3584 sieh.
