4032 3024
249 2710 391 2801 2 art.
334 2788 379 2859 23
376 494 1435 675 Als nammblichen und erstlich so habe er dreyn
456 600 1451 733 im Erzogene Kinder bey leben, welche dermahl
458 655 1429 789 in dem ambt Pferten bey seinen elteren in
446 729 1429 866 Zimblichem Mangel sich befinden sollen, Im
444 808 1413 938 maßen seine ehefrauw kurz vor seinem
436 887 1419 1026 gefänglichen verhafft verstorben, er dann
437 953 1408 1086 ohne zeitliche mittel sich und die seinige
437 1016 1421 1182 lediglich durch tägliche hand arbeit durch.
434 1136 833 1244 bringen müßen.
427 1176 1437 1317 Denne ward er von ermeltem Peter hauwer
393 1293 1441 1410 angeklagt, als er mooser in verndrigem
261 1365 425 1469 ac h.
446 1353 1432 1469 Uiter an Val de travers bey daselbstigem
429 1420 1441 1547 Weibel Berthon sich auffgehalten, haben
413 1500 1440 1618 herren capitaen Lieut Kon deß alldortigen
412 1560 1432 1686 herren lastlahnen sohn mit ihme einen accord ge-
427 1635 1460 1746 troffen und ihme, wann er auff die werbung
420 1701 1422 1790 ausgehen werde, über alle auflauffende
409 1763 1416 1876 Kösten aus deß tags einen halben gulden
427 1834 1422 1944 versprochen, er möge gleich jemand andin,
423 1905 1436 2026 gen oder nicht, und dann von jedem Mann
418 1984 1427 2101 so er ihne zubringen werde, annoch ihme
419 2052 1393 2152 darüber- aus einen Neubentahler zu¬
592 2117 1407 2237 Diesers Erscheinet aus der
416 2135 589 2223 geben,
414 2189 1390 2295 von Niclans Niggeler dem Vatter und
422 2253 1443 2375 von weibel oerthon erteillten außaag,
411 2326 1435 2445 daß namblich er Mooser solches ihnen
408 2393 1416 2529 selbsten angesagt habe oder gerühmet.
417 2458 1425 2584 Er Mooser aber hat niemahls geständig
404 2525 1417 2643 seyn wollen einen solchen accord mit herre
424 2619 1041 2737 Roii getroffen zu haben.
426 2717 1410 2868 Er Moser habe hierauff den Peter Munger
433 2836 1393 2955 von Seedorff ambts friemsperg seinen
430 2897 1433 3024 nevende dem herrn roch zugeführt, welcher
403 2966 1412 3095 selbigen gleich angeworben, Ihme einen
412 3040 1415 3140 Neuwen thaler zum handtgelt samt
420 3106 1430 3209 einer coccarde zugestellet ihme mooser
418 3175 1439 3293 aber auch einen wulen thaler zum trink,
409 3240 1402 3366 gelt entrichtet. Diesers wirt gezeüget
1158 3351 1328 3474 durch
2594 448 2715 514 1891
1563 459 2681 619 Durch gemellten Weybel Berthon und Hanns
1571 551 2692 688 iggeler den sohn. hingegen hat er mooser
1595 613 2705 733 nicht bekanntlich seyn wollen, gesehen zu haben,
1579 692 2686 807 daß dem Peter minger eine coccarde und eine
1580 750 2690 879 Neülen tahler zum handtgelt ihme selbsten
1589 827 2689 957 aber auch ein stenwer tahler zum trunkgelt
1583 903 2688 1044 von herrn roii entrichtet worden soye, sondern
1592 970 2690 1134 beharrete, es seye ihme umbekannt gewesen,
1593 1063 2683 1199 daß herr roii in kriegsdienste anwerben
1579 1142 2695 1275 wolle, sondern mann ihme vorgeben, ja der
1591 1214 2697 1346 Weybel herthon und Hanns Niggeler der
1575 1298 2700 1446 sohn selbsten, er wolle auff ein besitzenden
1591 1367 2736 1525 berg, gutt drey biß vier Knechten dingen
1586 1444 2722 1596 dahero er mit dem Peter Munger von Val
1581 1535 2747 1670 fravers zu demselben nacher covet gegangen.
1593 1631 2722 1758 und nicht einen ganzen sondern nur einem
1587 1692 2758 1836 halben Neulen tahler bekommen habe, wein
1580 1784 2764 1915 gerwollte er gestehen, daß der alte Niggen
1587 1856 2689 1992 eler, wie er gezeüget, ihne von dergleichen
1585 1946 2191 2065 anwerben abgemahnt.
1484 2041 1618 2149 3e
1534 2128 2767 2278 3.ß dard er weiters beklagt. Er mooser seye
1524 2236 2771 2355 Denpresse zweymahl von Val de travers hin-
1587 2320 2675 2442 weg nach dettlingen gegangen, allda dem
1587 2386 2787 2518 bendicht munger obigen Peters bruder bey molhen
1569 2464 2766 2587 Seckelchreiber Fischers Lechenmann dienende,
1600 2551 2772 2662 vorgegeben, ermellt sein Bruder Peter liege
1585 2622 2742 2760 hinder Neuwenburg todt kranck, wann Er
1580 2691 2743 2856 selbigen annoch Lebend zusehen verlange, so
1590 2788 2703 2938 müße er gleich mit ihme dorthin gehen.
1546 2843 2753 3067 Diesers vorgeben wirt von bendicht äschbacher
1602 2965 2776 3117 dem lehenmann von dätligen laut deßelben
1584 3030 2759 3197 außaag bezeüget, er Mooser aber hat deßen
1580 3109 2762 3274 keines wegs und allso anders nichts bekannt
1587 3192 2763 3353 seyn wollen, als daß er in sein heimath nach
1574 3258 2748 3439 höchstetten gegangen und im vorbey Reisen
2500 3417 2641 3565 bet
