4032 3024
549 458 1533 623 Allrs Ad 1130 autlich und Ernstwörtig, auch
539 560 1518 711 binmahl mit vorwisung des schwrrb richter
554 643 1542 787 und des watter 1cbb setzung auß dem stuhl
552 727 1522 874 mit zusemen, bindung der hunden und fürßden,
532 812 1510 971 jedoch ohne weitere fortsezung derselben caani
534 882 1514 1017 iniere worden. Welcher da beides mund
540 968 1502 1099 lich und durch schrifflich auffgestezte erant
514 1058 1500 1183 oertungen sladbescheibens vergicht und bekannt,
502 1147 931 1270 unß abgestattet hat.
442 1301 1523 1476 Ad Erstlich ward eir bekuntlich, daß ser ellich und
511 1418 1469 1548 zwanzig jahren er zu Besel mit umbpragung
514 1505 1506 1625 Franzsischer dupbown umbgegangen sene. Dan
525 1586 1505 1724 er dann in drey oder vier jahren zeit bey 20000
510 1664 1518 1781 Stud derin umb gefraget habe. Allein deßent
517 1740 1448 1876 tehen habe er dan jren löngen majotat in
491 1821 1505 1949 Frauwreych dardon und ein aboum condurtum
508 1897 1447 2024 erhalten, maßen diß also ein außgemachte
513 1967 741 2085 hachsege
497 2109 1484 2256 2. Sage er mit dem Shufelbergr vdon brladen vor
524 2202 1480 2338 Mbann 20 jahren Faltisch Nuntzend halb in ver
509 2286 1455 2424 acht gerahren dennach gantz unschuldiger dingen
491 2366 1453 2483 daßen ohngracht darumb ihme zu Bahel all
502 2444 1475 2573 sein und seines eheweibt Haab und gutt wegge
505 2525 864 2638 gnonen worden.
491 2619 1491 2790 3. Ungesehrlich a N2tz als er schmid dat
505 2716 1421 2863 kozterr wahl auß hollandt kommen, habe der
485 2783 1475 2955 Wihrl Anlicber im voggentahl ihne außge
500 2847 1476 3019 sucht und zu sich ind margentahl genommen, under
506 2948 1478 3080 vorgeben, es seye eine sorieret entstanden, so
502 3001 1508 3164 zwey venckienische Goldmacher bey handen habind,
509 3067 1426 3218 die da ghald in ale probam nachen Lommand.
500 3136 1479 3320 habe also er sich in de monat lang dort auß ge-
494 3220 656 3339 hallen.
1181 3312 1434 3420 4 daselbsten
2732 466 2811 567 39
1755 500 2771 671 4. Daselbstan habe auch der Anlicken und der
1798 615 2791 753 im Hagb von Zoffingen ihme vorheben, die
1771 694 2821 808 societet wolle das von dem venctianeren an
1781 783 2830 919 schaffende gold vermetten und ihne seines darzu
1786 865 2800 993 gebrauchen, und daß zu dem end hin mann
1775 941 2788 1090 sich umb ein leyserlich nuntz Prisitiguum
1778 1030 2813 1164 bewerben werde, auch der im soaf albereit mit
1777 1106 2788 1249 einem vornehmen wütschen herren gredt habe
1781 1200 2251 1317 umb ihm zu lodieren
1765 1291 2791 1452 8. mit diesen versprechungen habe er sich vom
1768 1397 2807 1526 Uelicker und im Hooff bethören, mnd also nach
1773 1482 2797 1617 leyserstuhl sich hinführen laßen, da dann der
1756 1576 2791 1675 obervogt Schnorff ihn in das schloß zu Weiß
1757 1639 2774 1755 waß erstelzen nit quartieret habe, alld ahin
1751 1717 2783 1850 er von obigen beiden, wie auch der obervortin
1762 1789 2795 1912 und der Frantl in tochter Clara beglichet word
1752 1881 1852 1998 an
1744 1965 2808 2122 6 Daselbsten habe er aufs des obervogtd anteies
1750 2067 2806 2211 in erbartung das mündtz privitegis , so statthel
1744 2157 2806 2290 ster schnors ald leyferliher raht erworben sollen,
1756 2234 2825 2360 ein dnotrument oder Oruek, werde zum Nuntzen
1756 2309 2800 2442 on 4. stuck fisen und zwagen näglen gemacht,
1749 2395 2791 2517 und nachborts, weilen diß zu Rangsamb schine
1748 2484 2791 2589 um mann wuchentlich mehr nicht als 4 ob dub.
1752 2544 2754 2678 darmit machen konnte, habe er aus gleichen
1756 2618 1872 2723 bsehl
1745 2762 2796 2895 7. Ainen Balancier im trait und schrott
1713 2831 2792 2992 Werde, vorschird am frantzostische samp duple
1732 2927 2789 3063 neie Stempfel, Namentlich fur alte duplown
1748 2996 2735 3132 1. acht fr zwey einfachr und einan doppellen
1726 3055 2774 3210 für die mit zwey scepteren auch zwey einfachr
1738 3146 2780 3283 und ein doppallen zuleg einfahr mit schilt und
1720 3224 2775 3373 3. Litien und zwey a Double t von 6 th
2434 3343 2633 3429 Wie auch
