<?xml version="1.0" encoding="UTF-8" standalone="yes"?>
<PcGts xmlns="http://schema.primaresearch.org/PAGE/gts/pagecontent/2013-07-15" xmlns:xsi="http://www.w3.org/2001/XMLSchema-instance" xsi:schemaLocation="http://schema.primaresearch.org/PAGE/gts/pagecontent/2013-07-15 http://schema.primaresearch.org/PAGE/gts/pagecontent/2013-07-15/pagecontent.xsd">
    <Metadata>
        <Creator>prov=University of Rostock/Institute of Mathematics/CITlab|PLANET AI GmbH/Gundram Leifert/gundram.leifert@planet-ai.de:name=German_Kurrent_XVI-XVIII_M1(htr_id=19584)::::v=2.6.7
prov=University of Rostock/Institute of Mathematics/CITlab|PLANET AI GmbH/Tobias Gruening/tobias.gruening@planet-ai.de:name=de.uros.citlab.module.baseline2polygon.B2PSeamMultiOriented:v=2.6.7
prov=University of Rostock/Institute of Mathematics/CITlab|PLANET AI GmbH/Tobias Gruening/tobias.gruening@planet-ai.de:name=/net_tf/LA73_249_0mod360.pb:de.uros.citlab.segmentation.CITlab_LA_ML:v=2.6.7
Transkribus</Creator>
        <Created>2021-03-11T14:21:29.257+01:00</Created>
        <LastChange>2022-09-12T15:19:05.858+02:00</LastChange>
        <TranskribusMetadata docId="1334847" pageId="52362802" pageNr="115" tsid="114644660" status="IN_PROGRESS" userId="9570" imgUrl="https://files.transkribus.eu/Get?id=SJESIOHYPZPTEAFLLENODNGM&amp;fileType=view" xmlUrl="https://files.transkribus.eu/Get?id=QLXIZTKQNRPSZHNZWPCIKTQG" imageId="19931720"/>
    </Metadata>
    <Page imageFilename="IMG_8986.jpg" imageWidth="4032" imageHeight="3024">
        <ReadingOrder>
            <OrderedGroup id="ro_1687513654203" caption="Regions reading order">
                <RegionRefIndexed index="0" regionRef="r1"/>
                <RegionRefIndexed index="1" regionRef="r2"/>
            </OrderedGroup>
        </ReadingOrder>
        <TextRegion orientation="0.0" id="r1" custom="readingOrder {index:0;}">
            <Coords points="360,571 360,3388 1472,3388 1472,571"/>
            <TextLine id="r1l1" custom="readingOrder {index:0;}">
                <Coords points="411,680 556,690 858,619 918,654 1306,619 1458,656 1457,601 1340,556 1234,583 1148,552 1085,584 1004,531 870,580 408,594"/>
                <Baseline points="416,653 467,648 519,644 571,640 623,635 674,630 726,625 778,621 830,616 881,614 933,611 985,608 1037,606 1088,606 1140,606 1192,608 1244,611 1295,615 1347,623 1399,630 1451,639"/>
                <TextEquiv>
                    <Unicode>hoffnung zur wider genesung, dennach keine</Unicode>
                </TextEquiv>
            </TextLine>
            <TextLine id="r1l2" custom="readingOrder {index:1;}">
                <Coords points="418,773 621,711 832,698 870,728 948,687 1419,716 1426,658 1164,621 907,654 858,619 796,661 414,681"/>
                <Baseline points="423,731 472,726 522,722 572,715 622,710 672,705 722,699 772,694 822,689 872,685 922,681 971,678 1021,676 1071,675 1121,675 1171,676 1221,678 1271,682 1321,688 1371,695 1421,704"/>
                <TextEquiv>
                    <Unicode>sichere Salutario Prognosio zustellen seye,</Unicode>
                </TextEquiv>
            </TextLine>
            <TextLine id="r1l3" custom="readingOrder {index:2;}">
                <Coords points="418,813 498,839 587,794 663,828 743,780 935,796 1041,758 1465,788 1462,725 1013,694 417,771"/>
                <Baseline points="425,806 476,803 528,798 579,794 631,789 683,782 734,778 786,771 838,767 889,762 941,758 993,755 1044,752 1096,752 1148,752 1199,753 1251,756 1303,762 1354,768 1406,778 1458,789"/>
                <TextEquiv>
                    <Unicode>umb so weniger, da ingenere die haubtus</Unicode>
                </TextEquiv>
            </TextLine>
            <TextLine id="r1l4" custom="readingOrder {index:3;}">
                <Coords points="404,904 751,902 877,859 959,902 1185,855 1356,903 1440,880 1438,839 1354,807 1018,761 922,820 402,845"/>
                <Baseline points="410,882 461,881 512,879 563,876 614,871 665,868 716,863 768,858 819,853 870,848 921,844 972,840 1023,837 1074,836 1126,834 1177,834 1228,836 1279,841 1330,846 1381,854 1433,864"/>
                <TextEquiv>
                    <Unicode>den, wann sie gleich anfänglich ganz gerien</Unicode>
                </TextEquiv>
            </TextLine>
            <TextLine id="r1l5" custom="readingOrder {index:4;}">
                <Coords points="411,1022 566,962 765,994 1078,924 1361,968 1439,918 1112,860 957,917 841,888 781,925 549,899 408,928"/>
                <Baseline points="416,963 466,960 517,957 568,954 619,950 670,947 721,944 771,940 822,936 873,934 924,932 975,929 1026,927 1077,927 1127,927 1178,927 1229,929 1280,930 1331,934 1382,938 1433,944"/>
                <TextEquiv>
                    <Unicode>anscheinen im außgang nicht nur offters ge</Unicode>
                </TextEquiv>
            </TextLine>
            <TextLine id="r1l6" custom="readingOrder {index:5;}">
                <Coords points="394,1092 483,1059 577,1086 909,1034 1116,1049 1263,1010 1413,1051 1423,967 1316,945 1268,974 1164,932 782,997 669,962 391,1010"/>
                <Baseline points="399,1050 452,1046 506,1041 559,1037 613,1032 667,1029 720,1025 774,1020 828,1019 881,1014 935,1013 988,1010 1042,1010 1096,1008 1149,1008 1203,1008 1257,1010 1310,1012 1364,1015 1418,1019"/>
                <TextEquiv>
                    <Unicode>fährlich sonder gar lethal befunden werden</Unicode>
                </TextEquiv>
            </TextLine>
            <TextLine id="r1l7" custom="readingOrder {index:6;}">
                <Coords points="415,1131 510,1160 825,1121 918,1156 1130,1122 1328,1158 1436,1145 1436,1102 1303,1062 1269,1083 1215,1030 1111,1073 1057,1042 1001,1083 414,1076"/>
                <Baseline points="422,1131 472,1130 522,1128 573,1125 623,1124 674,1121 724,1119 774,1117 825,1114 875,1113 926,1110 976,1109 1026,1109 1077,1109 1127,1109 1178,1112 1228,1114 1278,1117 1329,1121 1379,1127 1430,1134"/>
                <TextEquiv>
                    <Unicode>Diß ist was in aller ausprichtigkeit und tießen</Unicode>
                </TextEquiv>
            </TextLine>
            <TextLine id="r1l8" custom="readingOrder {index:7;}">
                <Coords points="359,1225 1434,1214 1433,1162 1244,1133 1156,1168 1056,1132 500,1163 418,1130 358,1164"/>
                <Baseline points="365,1208 418,1206 471,1203 524,1202 577,1199 630,1196 683,1194 736,1191 789,1190 842,1188 896,1186 949,1185 1002,1184 1055,1184 1108,1184 1161,1185 1214,1187 1267,1191 1320,1194 1373,1199 1427,1205"/>
                <TextEquiv>
                    <Unicode>Respect haben reserieren sollen. Actum den 5.</Unicode>
                </TextEquiv>
            </TextLine>
            <TextLine id="r1l9" custom="readingOrder {index:8;}">
                <Coords points="380,1285 565,1288 591,1270 641,1306 717,1298 765,1322 841,1273 876,1271 874,1229 814,1198 782,1226 709,1210 669,1235 580,1215 533,1244 420,1211 378,1221"/>
                <Baseline points="386,1274 411,1274 436,1272 462,1272 487,1271 513,1269 538,1269 563,1268 589,1266 614,1266 640,1265 665,1263 691,1262 716,1262 741,1261 767,1260 792,1260 818,1260 843,1260 869,1260"/>
                <TextEquiv>
                    <Unicode>Decembrio 17306 etc.</Unicode>
                </TextEquiv>
            </TextLine>
            <TextLine id="r1l10" custom="readingOrder {index:9;}">
                <Coords points="389,1449 417,1464 495,1424 599,1414 628,1434 785,1401 1075,1410 1073,1351 981,1327 745,1355 683,1323 603,1357 515,1309 457,1346 386,1332"/>
                <Baseline points="395,1406 428,1407 462,1407 495,1407 529,1407 563,1407 596,1406 630,1405 663,1403 697,1401 731,1400 764,1398 798,1397 831,1395 865,1394 899,1393 932,1392 966,1392 999,1392 1033,1394 1067,1394"/>
                <TextEquiv>
                    <Unicode>Burer Hocher Gnaden</Unicode>
                </TextEquiv>
            </TextLine>
            <TextLine id="r1l11" custom="readingOrder {index:10;}">
                <Coords points="797,1524 923,1522 979,1564 1041,1567 1065,1545 1176,1564 1243,1536 1271,1561 1425,1522 1427,1476 1314,1471 1098,1417 965,1430 800,1401"/>
                <Baseline points="804,1508 834,1508 865,1506 896,1506 927,1508 957,1508 988,1508 1019,1509 1050,1511 1080,1511 1111,1512 1142,1514 1173,1515 1203,1516 1234,1517 1265,1518 1296,1518 1326,1520 1357,1520 1388,1520 1419,1520"/>
                <TextEquiv>
                    <Unicode>Underthänigst gehorsamme</Unicode>
                </TextEquiv>
            </TextLine>
            <TextLine id="r1l12" custom="readingOrder {index:11;}">
                <Coords points="1013,1581 1119,1602 1158,1590 1193,1614 1216,1602 1250,1616 1314,1600 1435,1607 1436,1548 1305,1544 1271,1562 1243,1536 1200,1570 1066,1544 1037,1569 1013,1561"/>
                <Baseline points="1020,1586 1045,1587 1071,1587 1096,1589 1122,1589 1147,1589 1173,1589 1198,1589 1224,1590 1249,1590 1275,1590 1300,1590 1326,1592 1351,1592 1377,1594 1402,1595 1428,1598"/>
                <TextEquiv>
                    <Unicode>Steck M. D.</Unicode>
                </TextEquiv>
            </TextLine>
            <TextLine id="r1l13" custom="readingOrder {index:12;}">
                <Coords points="377,1659 429,1667 452,1650 496,1672 621,1659 651,1633 737,1626 737,1593 644,1560 598,1583 580,1572 557,1582 517,1551 477,1558 438,1535 376,1535"/>
                <Baseline points="383,1619 409,1619 436,1619 463,1619 490,1619 516,1620 543,1620 570,1620 597,1620 623,1619 650,1619 677,1619 704,1617 731,1616"/>
                <TextEquiv>
                    <Unicode>Anderschrieben</Unicode>
                </TextEquiv>
            </TextLine>
            <TextLine id="r1l14" custom="readingOrder {index:13;}">
                <Coords points="947,1693 1025,1676 1116,1697 1187,1687 1258,1732 1294,1709 1327,1728 1403,1729 1427,1722 1430,1640 1360,1653 1304,1622 1257,1643 1048,1585 974,1632 949,1628"/>
                <Baseline points="954,1676 980,1676 1006,1677 1032,1677 1058,1679 1084,1679 1110,1680 1136,1680 1162,1681 1188,1682 1214,1683 1240,1683 1266,1683 1292,1685 1318,1685 1344,1686 1370,1686 1396,1688 1422,1688"/>
                <TextEquiv>
                    <Unicode>Daberling opte</Unicode>
                </TextEquiv>
            </TextLine>
            <TextLine id="r1l15" custom="readingOrder {index:14;}">
                <Coords points="920,1768 959,1764 984,1788 1019,1766 1074,1784 1131,1770 1195,1803 1295,1773 1322,1795 1360,1770 1413,1801 1452,1776 1453,1744 1293,1711 1243,1746 1169,1694 1099,1705 1026,1682 922,1719"/>
                <Baseline points="927,1754 954,1756 981,1757 1008,1758 1036,1760 1063,1761 1090,1761 1118,1763 1145,1764 1172,1764 1200,1766 1227,1766 1254,1767 1282,1767 1309,1767 1336,1769 1364,1769 1391,1769 1418,1769 1446,1770"/>
                <TextEquiv>
                    <Unicode>d fr König chgrarg.</Unicode>
                </TextEquiv>
            </TextLine>
            <TextLine id="r1l16" custom="readingOrder {index:15;}">
                <Coords points="904,1860 942,1869 983,1839 1022,1872 1195,1871 1218,1859 1257,1869 1260,1775 1197,1804 1147,1789 1126,1796 1102,1776 1055,1794 1019,1767 983,1787 950,1766 907,1793"/>
                <Baseline points="912,1832 938,1833 964,1833 990,1833 1016,1833 1042,1832 1068,1832 1094,1832 1120,1832 1146,1833 1172,1835 1198,1839 1224,1844 1251,1851"/>
                <TextEquiv>
                    <Unicode>GRuhn optr</Unicode>
                </TextEquiv>
            </TextLine>
            <TextLine id="r1l17" custom="readingOrder {index:16;} person {offset:29; length:6;}">
                <Coords points="353,2009 999,2023 1101,1995 1200,2039 1279,2002 1414,2016 1415,1958 1156,1968 1072,1916 959,1943 890,1901 663,1945 354,1893"/>
                <Baseline points="360,1991 412,1992 464,1994 517,1995 569,1997 621,1998 674,1998 726,2000 778,2000 831,2000 883,2000 935,2000 988,2000 1040,2000 1092,2000 1145,2000 1197,2000 1249,1998 1302,1998 1354,1998 1407,1998"/>
                <TextEquiv>
                    <Unicode>Den 13en dembris 1736 als er wagner nach</Unicode>
                </TextEquiv>
            </TextLine>
            <TextLine id="r1l18" custom="readingOrder {index:17;}">
                <Coords points="401,2078 574,2090 630,2129 692,2091 809,2136 977,2070 1122,2119 1250,2067 1342,2102 1443,2081 1443,2030 1348,2049 1239,2008 1190,2042 1061,1994 875,2028 400,2000"/>
                <Baseline points="408,2066 459,2071 510,2073 562,2077 613,2078 665,2079 716,2079 768,2079 819,2078 871,2076 922,2075 973,2074 1025,2072 1076,2070 1128,2069 1179,2069 1231,2069 1282,2069 1334,2069 1385,2070 1437,2073"/>
                <TextEquiv>
                    <Unicode>dem befelchen megsein über nlachgesetzte der vor,</Unicode>
                </TextEquiv>
            </TextLine>
            <TextLine id="r1l19" custom="readingOrder {index:18;}">
                <Coords points="393,2183 476,2220 584,2164 671,2208 895,2166 937,2189 979,2153 1380,2150 1379,2103 1207,2081 1142,2125 1065,2098 767,2144 691,2095 591,2139 391,2113"/>
                <Baseline points="398,2145 446,2150 495,2154 544,2155 593,2157 641,2159 690,2159 739,2159 788,2157 836,2156 885,2155 934,2153 983,2150 1031,2148 1080,2146 1129,2144 1178,2141 1226,2139 1275,2137 1324,2136 1373,2135"/>
                <TextEquiv>
                    <Unicode>gegangene begegneßen quaestioniert worden</Unicode>
                </TextEquiv>
            </TextLine>
            <TextLine id="r1l20" custom="readingOrder {index:19;}">
                <Coords points="383,2260 515,2252 562,2286 750,2244 865,2288 928,2245 1413,2238 1411,2171 1356,2159 1205,2164 1155,2200 1005,2172 966,2207 859,2170 656,2232 381,2185"/>
                <Baseline points="389,2243 439,2244 490,2246 541,2247 592,2247 643,2249 694,2249 744,2249 795,2247 846,2247 897,2246 948,2244 999,2241 1050,2240 1100,2238 1151,2234 1202,2231 1253,2226 1304,2222 1355,2218 1406,2213"/>
                <TextEquiv>
                    <Unicode>namblichen 4 Ob er nit auch der bewußten</Unicode>
                </TextEquiv>
            </TextLine>
            <TextLine id="r1l21" custom="readingOrder {index:20;}">
                <Coords points="388,2338 694,2332 759,2365 806,2329 1028,2316 1237,2310 1327,2355 1431,2330 1429,2259 1323,2236 1209,2285 1034,2240 936,2293 826,2292 750,2245 579,2307 498,2254 387,2260"/>
                <Baseline points="395,2315 446,2316 497,2319 549,2321 600,2322 652,2322 703,2323 755,2324 806,2322 858,2322 909,2321 960,2319 1012,2319 1063,2316 1115,2315 1166,2312 1218,2309 1269,2306 1321,2303 1372,2299 1424,2294"/>
                <TextEquiv>
                    <Unicode>schutz auß den herren seckelshibern mlag ge-</Unicode>
                </TextEquiv>
            </TextLine>
            <TextLine id="r1l22" custom="readingOrder {index:21;}">
                <Coords points="701,2412 850,2430 1020,2395 1056,2426 1152,2414 1206,2372 1301,2393 1452,2369 1449,2310 1403,2350 1334,2358 1200,2323 1119,2362 1028,2316 921,2374 807,2331 759,2379 699,2363"/>
                <Baseline points="707,2402 743,2400 780,2398 817,2396 854,2394 891,2393 928,2391 965,2390 1002,2388 1039,2386 1076,2385 1112,2384 1149,2381 1186,2379 1223,2377 1260,2376 1297,2373 1334,2371 1371,2368 1408,2364 1445,2361"/>
                <TextEquiv>
                    <Unicode>2. Ob Er nicht diejenige vermüinete</Unicode>
                </TextEquiv>
            </TextLine>
            <TextLine id="r1l23" custom="readingOrder {index:22;}">
                <Coords points="398,2408 412,2404 454,2427 482,2400 506,2418 522,2418 532,2408 549,2418 549,2347 529,2343 493,2320 483,2328 470,2321 423,2352 398,2348"/>
                <Baseline points="404,2399 431,2396 459,2396 487,2396 515,2397 543,2397"/>
                <TextEquiv>
                    <Unicode>lehn</Unicode>
                </TextEquiv>
            </TextLine>
            <TextLine id="r1l24" custom="readingOrder {index:23;}">
                <Coords points="405,2513 588,2510 630,2476 775,2501 933,2453 1080,2490 1132,2452 1204,2478 1388,2431 1450,2457 1456,2395 1207,2373 1056,2425 997,2395 850,2430 707,2412 594,2457 401,2449"/>
                <Baseline points="410,2475 462,2477 514,2477 566,2477 618,2475 670,2474 722,2472 774,2470 826,2468 878,2465 930,2462 982,2459 1034,2455 1086,2451 1138,2448 1190,2444 1242,2441 1294,2437 1346,2433 1398,2430 1451,2427"/>
                <TextEquiv>
                    <Unicode>Pferson geweßen, so vor etwas zins bekänter maßen</Unicode>
                </TextEquiv>
            </TextLine>
            <TextLine id="r1l25" custom="readingOrder {index:24;}">
                <Coords points="410,2570 565,2586 786,2547 930,2575 1015,2535 1084,2566 1163,2528 1280,2554 1443,2510 1441,2476 1238,2462 407,2512"/>
                <Baseline points="416,2552 467,2553 518,2555 569,2555 620,2553 671,2553 722,2552 773,2549 824,2547 875,2544 926,2541 977,2537 1028,2533 1079,2529 1130,2525 1181,2521 1232,2517 1283,2513 1334,2509 1385,2504 1436,2501"/>
                <TextEquiv>
                    <Unicode>nächtlicher Weile in der statt herumb gegangen</Unicode>
                </TextEquiv>
            </TextLine>
            <TextLine id="r1l26" custom="readingOrder {index:25;}">
                <Coords points="420,2634 567,2628 620,2660 657,2620 814,2654 932,2617 976,2649 1128,2596 1442,2575 1419,2521 1359,2557 1142,2550 952,2594 776,2548 594,2590 417,2579"/>
                <Baseline points="426,2622 476,2624 526,2624 577,2624 627,2624 678,2622 728,2622 778,2621 829,2618 879,2616 930,2613 980,2610 1030,2607 1081,2604 1131,2600 1182,2594 1232,2590 1282,2584 1333,2579 1383,2572 1434,2565"/>
                <TextEquiv>
                    <Unicode>und finicht ppersonen angegrifften oder ob</Unicode>
                </TextEquiv>
            </TextLine>
            <TextLine id="r1l27" custom="readingOrder {index:26;}">
                <Coords points="415,2727 570,2755 628,2705 802,2733 927,2698 974,2734 1021,2694 1132,2714 1181,2677 1340,2685 1462,2644 1447,2567 1353,2613 1018,2619 954,2676 529,2625 466,2672 410,2662"/>
                <Baseline points="420,2715 471,2714 523,2713 575,2711 626,2709 678,2706 730,2705 781,2702 833,2699 885,2696 937,2693 988,2689 1040,2685 1092,2681 1143,2676 1195,2670 1247,2665 1298,2658 1350,2651 1402,2644 1454,2636"/>
                <TextEquiv>
                    <Unicode>dißörtige tätzter ihne nicht wenigstens bekannt</Unicode>
                </TextEquiv>
            </TextLine>
            <TextLine id="r1l28" custom="readingOrder {index:27;} person {offset:39; length:5; continued:true;}">
                <Coords points="419,2814 643,2789 719,2816 875,2775 1184,2793 1217,2754 1480,2728 1468,2656 1241,2707 1185,2682 1101,2728 675,2725 544,2774 415,2748"/>
                <Baseline points="425,2789 477,2789 529,2789 582,2789 634,2789 686,2787 739,2786 791,2784 843,2783 896,2780 948,2777 1000,2773 1053,2769 1105,2764 1157,2758 1210,2751 1262,2745 1314,2736 1367,2727 1419,2718 1472,2708"/>
                <TextEquiv>
                    <Unicode>sagen und 3 ob kr nicht, als er in der sebel</Unicode>
                </TextEquiv>
            </TextLine>
            <TextLine id="r1l29" custom="readingOrder {index:28;} person {offset:0; length:11; continued:true;}">
                <Coords points="439,2874 810,2863 912,2892 971,2847 1029,2867 1473,2800 1471,2753 1327,2784 1236,2754 1140,2798 880,2774 813,2814 434,2813"/>
                <Baseline points="444,2859 495,2859 546,2859 597,2859 648,2859 699,2858 750,2857 801,2856 852,2853 903,2851 955,2847 1006,2843 1057,2839 1108,2835 1159,2829 1210,2822 1261,2815 1312,2806 1363,2797 1414,2787 1466,2777"/>
                <TextEquiv>
                    <Unicode>Schreibereÿ einem Schutz auff eine oferson, so inn</Unicode>
                </TextEquiv>
            </TextLine>
            <TextLine id="r1l30" custom="readingOrder {index:29;}">
                <Coords points="438,2962 673,2939 798,2970 874,2924 1066,2959 1239,2897 1429,2882 1385,2822 1202,2856 1145,2830 1065,2885 994,2861 883,2898 748,2864 704,2891 432,2877"/>
                <Baseline points="443,2933 491,2934 540,2934 589,2933 638,2933 687,2931 736,2930 785,2928 834,2927 883,2924 932,2921 980,2917 1029,2913 1078,2909 1127,2905 1176,2900 1225,2894 1274,2888 1323,2881 1372,2875 1421,2867"/>
                <TextEquiv>
                    <Unicode>Einbruch und erfangen wollen getahn, damahlen</Unicode>
                </TextEquiv>
            </TextLine>
            <TextLine id="r1l31" custom="readingOrder {index:30;}">
                <Coords points="447,3037 505,3021 626,3063 984,2997 1073,3028 1321,2958 1398,2977 1441,2950 1437,2891 1222,2942 1134,2923 1066,2960 1012,2929 917,2967 844,2939 796,2970 441,2960"/>
                <Baseline points="452,3014 501,3014 550,3012 599,3011 648,3010 697,3009 746,3006 795,3005 844,3003 893,3000 942,2997 991,2994 1040,2989 1089,2984 1138,2980 1187,2974 1236,2967 1285,2960 1334,2952 1383,2943 1433,2933"/>
                <TextEquiv>
                    <Unicode>selbisten einzubrrchen willens getaßen oder zu</Unicode>
                </TextEquiv>
            </TextLine>
            <TextLine id="r1l32" custom="readingOrder {index:31;}">
                <Coords points="426,3112 503,3129 560,3092 622,3132 663,3101 766,3128 816,3091 1123,3091 1178,3062 1231,3088 1334,3037 1436,3038 1424,2965 1078,3027 983,2997 625,3064 507,3022 422,3051"/>
                <Baseline points="431,3090 480,3090 530,3090 580,3090 630,3089 680,3089 730,3087 779,3087 829,3085 879,3083 929,3080 979,3077 1029,3074 1079,3069 1128,3065 1178,3059 1228,3053 1278,3045 1328,3037 1378,3027 1428,3018"/>
                <TextEquiv>
                    <Unicode>solchem end mit innanden einem progect dder</Unicode>
                </TextEquiv>
            </TextLine>
            <TextLine id="r1l33" custom="readingOrder {index:32;}">
                <Coords points="1097,3203 1138,3201 1212,3134 1272,3162 1343,3113 1387,3137 1418,3112 1457,3112 1451,3068 1426,3073 1396,3050 1345,3064 1319,3055 1254,3092 1175,3067 1147,3092 1084,3103"/>
                <Baseline points="1097,3146 1122,3142 1147,3138 1172,3136 1197,3132 1222,3129 1247,3125 1272,3121 1297,3119 1322,3115 1347,3112 1372,3108 1397,3104 1422,3100 1448,3096"/>
                <TextEquiv>
                    <Unicode>hat derselbe ohn¬</Unicode>
                </TextEquiv>
            </TextLine>
            <TextLine id="r1l34" custom="readingOrder {index:33;}">
                <Coords points="437,3161 514,3205 617,3172 640,3191 718,3174 761,3194 948,3153 948,3099 874,3113 813,3090 725,3146 656,3121 607,3132 562,3091 503,3130 437,3104"/>
                <Baseline points="444,3159 470,3159 496,3159 522,3159 548,3159 574,3159 600,3159 627,3159 653,3161 679,3161 705,3161 731,3161 757,3161 784,3161 810,3159 836,3159 862,3157 888,3156 914,3155 941,3152"/>
                <TextEquiv>
                    <Unicode>Anschlag gemacht habe.</Unicode>
                </TextEquiv>
            </TextLine>
            <TextLine id="r1l35" custom="readingOrder {index:34;}">
                <Coords points="428,3257 604,3237 720,3295 798,3244 952,3237 1077,3274 1128,3229 1421,3200 1472,3148 1333,3183 1214,3135 1123,3201 1040,3172 965,3216 888,3162 731,3214 609,3175 426,3216"/>
                <Baseline points="434,3233 485,3234 537,3234 588,3236 640,3236 692,3237 743,3237 795,3237 846,3236 898,3236 950,3234 1001,3232 1053,3229 1104,3227 1156,3222 1208,3216 1259,3211 1311,3204 1362,3196 1414,3186 1466,3176"/>
                <TextEquiv>
                    <Unicode>erachtet meinigfaltigen an ihme beschehenen vor</Unicode>
                </TextEquiv>
            </TextLine>
            <TextLine id="r1l36" custom="readingOrder {index:35;}">
                <Coords points="420,3347 993,3357 1106,3302 1428,3257 1302,3206 1012,3283 417,3260"/>
                <Baseline points="425,3308 474,3308 524,3308 574,3308 624,3308 674,3308 723,3309 773,3309 823,3309 873,3308 923,3307 972,3306 1022,3304 1072,3302 1122,3297 1172,3294 1221,3289 1271,3283 1321,3276 1371,3269 1421,3260"/>
                <TextEquiv>
                    <Unicode>stellungen und wafftigen catrortationen</Unicode>
                </TextEquiv>
            </TextLine>
            <TextLine id="r1l37" custom="readingOrder {index:36;}">
                <Coords points="1155,3410 1177,3411 1209,3370 1225,3365 1271,3378 1301,3358 1344,3364 1334,3296 1321,3294 1290,3309 1254,3340 1240,3339 1193,3311 1143,3322"/>
                <Baseline points="1157,3371 1182,3367 1207,3362 1232,3359 1258,3355 1283,3352 1308,3350 1334,3347"/>
                <TextEquiv>
                    <Unicode>hierüber</Unicode>
                </TextEquiv>
            </TextLine>
            <TextEquiv>
                <Unicode>hoffnung zur wider genesung, dennach keine
sichere Salutario Prognosio zustellen seye,
umb so weniger, da ingenere die haubtus
den, wann sie gleich anfänglich ganz gerien
anscheinen im außgang nicht nur offters ge
fährlich sonder gar lethal befunden werden
Diß ist was in aller ausprichtigkeit und tießen
Respect haben reserieren sollen. Actum den 5.
Decembrio 17306 etc.
Burer Hocher Gnaden
Underthänigst gehorsamme
Steck M. D.
Anderschrieben
Daberling opte
d fr König chgrarg.
GRuhn optr
Den 13en dembris 1736 als er wagner nach
dem befelchen megsein über nlachgesetzte der vor,
gegangene begegneßen quaestioniert worden
namblichen 4 Ob er nit auch der bewußten
schutz auß den herren seckelshibern mlag ge-
2. Ob Er nicht diejenige vermüinete
lehn
Pferson geweßen, so vor etwas zins bekänter maßen
nächtlicher Weile in der statt herumb gegangen
und finicht ppersonen angegrifften oder ob
dißörtige tätzter ihne nicht wenigstens bekannt
sagen und 3 ob kr nicht, als er in der sebel
Schreibereÿ einem Schutz auff eine oferson, so inn
Einbruch und erfangen wollen getahn, damahlen
selbisten einzubrrchen willens getaßen oder zu
solchem end mit innanden einem progect dder
hat derselbe ohn¬
Anschlag gemacht habe.
erachtet meinigfaltigen an ihme beschehenen vor
stellungen und wafftigen catrortationen
hierüber</Unicode>
            </TextEquiv>
        </TextRegion>
        <TextRegion orientation="0.0" id="r2" custom="readingOrder {index:1;}">
            <Coords points="1577,490 1577,3400 2715,3400 2715,490"/>
            <TextLine id="r2l1" custom="readingOrder {index:0;}">
                <Coords points="2554,542 2574,545 2586,542 2590,547 2598,544 2609,553 2620,550 2627,557 2636,554 2653,559 2661,504 2640,492 2627,499 2604,491 2586,502 2577,496 2561,495"/>
                <Baseline points="2562,530 2591,533 2620,539 2649,542"/>
                <TextEquiv>
                    <Unicode>215.</Unicode>
                </TextEquiv>
            </TextLine>
            <TextLine id="r2l2" custom="readingOrder {index:1;}">
                <Coords points="1620,668 1821,616 1879,647 1987,625 2626,669 2660,584 2140,552 2086,578 1995,536 1622,570"/>
                <Baseline points="1628,626 1679,623 1730,619 1781,617 1832,615 1883,615 1934,615 1986,615 2037,615 2088,617 2139,618 2190,620 2241,623 2292,625 2344,629 2395,631 2446,635 2497,638 2548,642 2599,645 2651,648"/>
                <TextEquiv>
                    <Unicode>hierüber nlichts bekennt, sonder betheürete, daß</Unicode>
                </TextEquiv>
            </TextLine>
            <TextLine id="r2l3" custom="readingOrder {index:2;}">
                <Coords points="1645,752 1707,702 1857,733 2220,692 2460,759 2520,719 2664,739 2666,684 2274,635 2166,678 2048,634 1973,662 1815,621 1648,655"/>
                <Baseline points="1653,699 1703,696 1753,695 1803,693 1854,693 1904,692 1954,692 2004,692 2055,693 2105,693 2155,695 2205,696 2256,698 2306,700 2356,702 2406,705 2457,709 2507,713 2557,715 2607,720 2658,725"/>
                <TextEquiv>
                    <Unicode>er des erst ander und dritten vorgelaßnen</Unicode>
                </TextEquiv>
            </TextLine>
            <TextLine id="r2l4" custom="readingOrder {index:3;}">
                <Coords points="1647,809 1846,788 1924,823 1975,779 2165,818 2287,781 2632,803 2603,735 2408,757 2229,695 2136,753 2092,722 1978,756 1904,716 1702,706 1647,745"/>
                <Baseline points="1653,780 1701,777 1750,776 1798,776 1847,774 1896,773 1944,773 1993,773 2041,773 2090,773 2139,773 2187,774 2236,774 2284,776 2333,776 2382,777 2430,779 2479,780 2527,782 2576,783 2625,785"/>
                <TextEquiv>
                    <Unicode>Patti halb gänzlich unschuldig sage, auch von</Unicode>
                </TextEquiv>
            </TextLine>
            <TextLine id="r2l5" custom="readingOrder {index:4;}">
                <Coords points="1673,891 1791,858 1883,905 1954,847 2021,866 2053,840 2149,884 2241,839 2489,848 2583,888 2652,857 2652,802 2588,786 2427,812 2242,785 2115,823 1982,785 1915,831 1846,788 1777,827 1673,795"/>
                <Baseline points="1679,860 1727,855 1775,851 1824,849 1872,846 1920,845 1969,843 2017,843 2065,842 2114,842 2162,843 2210,843 2259,845 2307,845 2355,846 2404,848 2452,848 2500,849 2549,851 2597,851 2646,852"/>
                <TextEquiv>
                    <Unicode>dißortigen tözteren gar keine wüßenschhafft</Unicode>
                </TextEquiv>
            </TextLine>
            <TextLine id="r2l6" custom="readingOrder {index:5;}">
                <Coords points="1671,979 1719,981 1851,922 1893,938 2119,921 2155,944 2316,904 2326,870 2218,847 2105,902 2008,861 1885,904 1782,876 1760,894 1732,871 1667,893"/>
                <Baseline points="1676,941 1708,938 1740,935 1772,932 1805,930 1837,928 1869,926 1901,924 1934,923 1966,921 1998,921 2030,919 2063,918 2095,917 2127,917 2159,915 2192,914 2224,914 2256,912 2288,911 2321,909"/>
                <TextEquiv>
                    <Unicode>habe. Ictum obstatt</Unicode>
                </TextEquiv>
            </TextLine>
            <TextLine id="r2l7" custom="readingOrder {index:6;}">
                <Coords points="1757,1183 2028,1155 2600,1180 2624,1106 2533,1072 2441,1099 2355,1038 2222,1092 2170,1049 2070,1110 1758,1101"/>
                <Baseline points="1764,1163 1806,1160 1849,1158 1891,1156 1934,1155 1977,1154 2019,1153 2062,1152 2104,1154 2147,1154 2190,1155 2232,1155 2275,1157 2317,1158 2360,1160 2403,1161 2445,1163 2488,1165 2530,1167 2573,1169 2616,1170"/>
                <TextEquiv>
                    <Unicode>sriminal, Urteill</Unicode>
                </TextEquiv>
            </TextLine>
            <TextLine id="r2l8" custom="readingOrder {index:7;} person {offset:0; length:13;}">
                <Coords points="1753,1302 2192,1297 2327,1340 2530,1325 2531,1254 2446,1250 2305,1175 2199,1216 2106,1184 2072,1213 2009,1201 1969,1170 1755,1183"/>
                <Baseline points="1760,1292 1798,1291 1836,1290 1874,1290 1912,1290 1950,1290 1988,1290 2027,1290 2065,1292 2103,1292 2141,1293 2179,1293 2217,1295 2255,1295 2294,1296 2332,1297 2370,1298 2408,1299 2446,1299 2484,1301 2523,1301"/>
                <TextEquiv>
                    <Unicode>snael Wagners</Unicode>
                </TextEquiv>
            </TextLine>
            <TextLine id="r2l9" custom="readingOrder {index:8;}">
                <Coords points="1571,1525 1638,1481 1820,1497 1877,1468 1972,1529 2025,1500 2107,1522 2151,1482 2441,1521 2641,1466 2641,1392 2445,1428 2288,1361 2248,1394 2142,1371 2075,1418 1976,1356 1837,1408 1730,1355 1570,1416"/>
                <Baseline points="1577,1484 1629,1482 1682,1480 1735,1478 1788,1476 1841,1475 1894,1474 1946,1473 1999,1472 2052,1472 2105,1472 2158,1472 2211,1472 2264,1472 2316,1472 2369,1472 2422,1472 2475,1472 2528,1472 2581,1473 2634,1473"/>
                <TextEquiv>
                    <Unicode>N38 Schultheiß Keein und</Unicode>
                </TextEquiv>
            </TextLine>
            <TextLine id="r2l10" custom="readingOrder {index:9;} place {offset:22; length:4;}">
                <Coords points="1608,1616 1711,1578 1852,1623 2689,1582 2689,1529 2579,1482 2441,1521 2166,1495 2102,1529 2030,1499 1849,1531 1608,1485"/>
                <Baseline points="1614,1577 1667,1578 1720,1578 1774,1578 1827,1577 1881,1577 1934,1577 1987,1576 2041,1575 2094,1575 2148,1574 2201,1574 2254,1574 2308,1574 2361,1574 2415,1574 2468,1574 2521,1574 2575,1575 2628,1576 2682,1578"/>
                <TextEquiv>
                    <Unicode>roßen rahte der statt Beru</Unicode>
                </TextEquiv>
            </TextLine>
            <TextLine id="r2l11" custom="readingOrder {index:10;}">
                <Coords points="1655,1703 1934,1679 2173,1717 2204,1689 2689,1679 2689,1624 2636,1658 2443,1609 2286,1639 2227,1609 2145,1655 1963,1600 1655,1624"/>
                <Baseline points="1661,1674 1712,1676 1763,1676 1814,1677 1865,1677 1916,1677 1967,1677 2018,1677 2069,1677 2120,1677 2171,1677 2222,1677 2273,1677 2324,1677 2375,1676 2426,1676 2477,1676 2528,1676 2579,1676 2630,1677 2682,1677"/>
                <TextEquiv>
                    <Unicode>Urkundend hiermit; als dann uns</Unicode>
                </TextEquiv>
            </TextLine>
            <TextLine id="r2l12" custom="readingOrder {index:11;}">
                <Coords points="1646,1811 2082,1774 2202,1806 2335,1774 2591,1804 2663,1784 2664,1720 2579,1750 2346,1685 2233,1747 2157,1711 1947,1727 1828,1688 1760,1731 1647,1723"/>
                <Baseline points="1653,1772 1703,1770 1753,1770 1803,1769 1853,1769 1904,1769 1954,1769 2004,1769 2054,1770 2104,1770 2155,1770 2205,1770 2255,1772 2305,1772 2355,1773 2406,1773 2456,1775 2506,1775 2556,1775 2606,1776 2657,1776"/>
                <TextEquiv>
                    <Unicode>zu höchster betrüebnuß hinderbracht</Unicode>
                </TextEquiv>
            </TextLine>
            <TextLine id="r2l13" custom="readingOrder {index:12;}">
                <Coords points="1670,1874 2102,1895 2189,1860 2253,1899 2339,1863 2596,1923 2706,1900 2708,1801 2524,1851 2385,1778 2307,1819 2244,1794 2194,1823 2145,1785 1864,1837 1762,1792 1672,1807"/>
                <Baseline points="1677,1862 1728,1860 1779,1859 1830,1859 1881,1859 1932,1859 1983,1859 2035,1860 2086,1860 2137,1862 2188,1863 2239,1863 2290,1865 2341,1866 2393,1868 2444,1870 2495,1871 2546,1872 2597,1874 2648,1875 2700,1875"/>
                <TextEquiv>
                    <Unicode>worden. Wie daß dieser vor angenste</Unicode>
                </TextEquiv>
            </TextLine>
            <TextLine id="r2l14" custom="readingOrder {index:13;} person {offset:31; length:7; continued:true;}">
                <Coords points="1664,1980 1761,1957 1840,2000 1891,1960 2033,1957 2090,1999 2266,1958 2428,2002 2503,1961 2692,1961 2679,1899 2597,1924 2410,1897 2294,1937 2075,1883 1953,1924 1665,1899"/>
                <Baseline points="1671,1944 1721,1947 1772,1949 1823,1950 1873,1952 1924,1953 1975,1953 2025,1955 2076,1955 2127,1955 2178,1955 2228,1955 2279,1955 2330,1955 2380,1955 2431,1955 2482,1955 2532,1953 2583,1953 2634,1953 2685,1953"/>
                <TextEquiv>
                    <Unicode>schende elende mentsch namrens emannel</Unicode>
                </TextEquiv>
            </TextLine>
            <TextLine id="r2l15" custom="readingOrder {index:14;} person {offset:0; length:6; continued:true;}">
                <Coords points="1650,2045 1848,2099 1934,2064 2357,2105 2431,2056 2591,2044 2707,2080 2708,1996 2659,1977 2509,2025 2215,1970 1978,2008 1710,1961 1650,1982"/>
                <Baseline points="1656,2033 1708,2035 1760,2037 1812,2039 1864,2040 1917,2042 1969,2043 2021,2043 2073,2043 2125,2045 2178,2045 2230,2045 2282,2045 2334,2045 2386,2045 2439,2045 2491,2045 2543,2045 2595,2045 2647,2045 2700,2045"/>
                <TextEquiv>
                    <Unicode>Wagner von ohngefehr 30 jahren alters</Unicode>
                </TextEquiv>
            </TextLine>
            <TextLine id="r2l16" custom="readingOrder {index:15;}">
                <Coords points="1643,2145 2695,2148 2695,2112 2559,2050 2306,2106 2130,2068 1842,2098 1644,2045"/>
                <Baseline points="1650,2115 1701,2117 1753,2118 1805,2121 1857,2123 1909,2124 1961,2126 2013,2127 2065,2128 2117,2129 2169,2130 2220,2130 2272,2130 2324,2130 2376,2130 2428,2130 2480,2130 2532,2129 2584,2129 2636,2127 2688,2127"/>
                <TextEquiv>
                    <Unicode>Freitags den 30ten novembris ersthin</Unicode>
                </TextEquiv>
            </TextLine>
            <TextLine id="r2l17" custom="readingOrder {index:16;}">
                <Coords points="1663,2216 1865,2204 1926,2238 2108,2212 2152,2248 2202,2219 2258,2243 2296,2210 2462,2214 2516,2254 2640,2224 2641,2165 2588,2153 2374,2197 2032,2134 1848,2173 1665,2137"/>
                <Baseline points="1670,2193 1718,2194 1766,2196 1814,2196 1862,2199 1911,2201 1959,2202 2007,2204 2055,2205 2103,2206 2152,2208 2200,2208 2248,2210 2296,2211 2344,2211 2393,2211 2441,2211 2489,2211 2537,2211 2585,2210 2634,2210"/>
                <TextEquiv>
                    <Unicode>abends nach sechs uhren in der beyder</Unicode>
                </TextEquiv>
            </TextLine>
            <TextLine id="r2l18" custom="readingOrder {index:17;}">
                <Coords points="1640,2319 1690,2296 1769,2329 1912,2283 2071,2324 2145,2293 2211,2342 2494,2304 2546,2344 2700,2300 2701,2233 2597,2222 2096,2263 1985,2216 1896,2240 1843,2204 1778,2238 1642,2204"/>
                <Baseline points="1647,2276 1699,2277 1751,2277 1804,2279 1856,2280 1908,2282 1961,2283 2013,2285 2065,2288 2118,2289 2170,2291 2222,2292 2275,2294 2327,2294 2379,2295 2432,2295 2484,2295 2536,2295 2589,2294 2641,2292 2694,2291"/>
                <TextEquiv>
                    <Unicode>jungferen schwösteren zechender behau¬</Unicode>
                </TextEquiv>
            </TextLine>
            <TextLine id="r2l19" custom="readingOrder {index:18;}">
                <Coords points="1666,2399 1709,2413 1828,2388 1887,2394 1922,2375 1974,2389 2106,2385 2108,2311 2070,2325 2053,2309 1997,2345 1951,2324 1826,2341 1743,2312 1723,2321 1669,2292"/>
                <Baseline points="1674,2363 1699,2364 1724,2364 1749,2364 1774,2364 1799,2366 1824,2366 1849,2366 1874,2367 1899,2367 1924,2367 1949,2369 1974,2369 1999,2371 2024,2372 2049,2375 2074,2376 2099,2378"/>
                <TextEquiv>
                    <Unicode>sung an der Kr¬</Unicode>
                </TextEquiv>
            </TextLine>
            <TextLine id="r2l20" custom="readingOrder {index:19;}">
                <Coords points="2273,2392 2316,2373 2361,2399 2421,2387 2445,2410 2498,2395 2524,2414 2574,2387 2598,2392 2637,2375 2637,2360 2577,2327 2546,2344 2530,2335 2469,2346 2442,2326 2400,2337 2371,2322 2341,2342 2327,2333 2273,2344"/>
                <Baseline points="2280,2378 2305,2378 2330,2378 2355,2378 2380,2378 2405,2378 2430,2378 2455,2378 2480,2378 2505,2378 2530,2378 2555,2379 2580,2381 2605,2381 2631,2384"/>
                <TextEquiv>
                    <Unicode>aßen allhier</Unicode>
                </TextEquiv>
            </TextLine>
            <TextLine id="r2l21" custom="readingOrder {index:20;}">
                <Coords points="2128,2417 2159,2408 2201,2431 2227,2413 2246,2424 2262,2411 2284,2425 2310,2416 2341,2432 2367,2429 2371,2375 2343,2384 2316,2373 2285,2388 2263,2363 2219,2338 2134,2341"/>
                <Baseline points="2136,2399 2161,2400 2186,2401 2211,2402 2236,2403 2261,2403 2286,2406 2311,2409 2336,2413 2361,2420"/>
                <TextEquiv>
                    <Unicode>Sibdohat</Unicode>
                </TextEquiv>
            </TextLine>
            <TextLine id="r2l22" custom="readingOrder {index:21;}">
                <Coords points="1680,2457 1788,2499 1996,2454 2241,2500 2505,2466 2559,2493 2600,2461 2695,2490 2705,2421 2659,2402 2577,2442 2426,2395 2219,2438 2003,2394 1908,2431 1834,2402 1680,2422"/>
                <Baseline points="1686,2441 1736,2443 1787,2445 1837,2447 1888,2448 1938,2449 1989,2451 2039,2453 2090,2454 2140,2456 2191,2457 2242,2459 2292,2460 2343,2462 2393,2463 2444,2463 2494,2465 2545,2465 2595,2466 2646,2466 2697,2466"/>
                <TextEquiv>
                    <Unicode>eine grausamme seuchel morderen be¬</Unicode>
                </TextEquiv>
            </TextLine>
            <TextLine id="r2l23" custom="readingOrder {index:22;}">
                <Coords points="1655,2579 1728,2538 1844,2580 2025,2533 2529,2543 2605,2585 2703,2553 2704,2500 2493,2469 2453,2507 2197,2529 1984,2473 1876,2514 1656,2496"/>
                <Baseline points="1662,2528 1713,2528 1765,2528 1817,2529 1869,2529 1920,2530 1972,2531 2024,2532 2076,2534 2127,2535 2179,2537 2231,2538 2283,2540 2334,2540 2386,2541 2438,2543 2490,2543 2541,2543 2593,2543 2645,2543 2697,2543"/>
                <TextEquiv>
                    <Unicode>gangen habe; Da namlich die einte</Unicode>
                </TextEquiv>
            </TextLine>
            <TextLine id="r2l24" custom="readingOrder {index:23;}">
                <Coords points="1673,2635 1920,2626 1989,2657 2052,2627 2120,2654 2316,2625 2403,2654 2449,2625 2611,2630 2612,2586 2529,2543 2104,2592 2013,2552 1852,2584 1674,2560"/>
                <Baseline points="1680,2610 1726,2612 1772,2612 1818,2612 1864,2613 1911,2613 1957,2615 2003,2615 2049,2616 2095,2616 2142,2618 2188,2618 2234,2619 2280,2619 2326,2621 2373,2621 2419,2621 2465,2621 2511,2621 2557,2621 2604,2621"/>
                <TextEquiv>
                    <Unicode>und altere Schwöster mit zweyen</Unicode>
                </TextEquiv>
            </TextLine>
            <TextLine id="r2l25" custom="readingOrder {index:24;}">
                <Coords points="1668,2706 2176,2749 2264,2708 2351,2745 2689,2721 2689,2683 2543,2629 2358,2682 2219,2635 2109,2659 2051,2628 1886,2682 1775,2625 1669,2636"/>
                <Baseline points="1674,2694 1724,2694 1774,2695 1825,2696 1875,2697 1926,2698 1976,2699 2026,2700 2077,2702 2127,2702 2178,2703 2228,2705 2278,2705 2329,2706 2379,2706 2430,2706 2480,2706 2530,2706 2581,2706 2631,2705 2682,2705"/>
                <TextEquiv>
                    <Unicode>Wunden allso bald auff der stett Todt ge¬</Unicode>
                </TextEquiv>
            </TextLine>
            <TextLine id="r2l26" custom="readingOrder {index:25;}">
                <Coords points="1685,2778 1938,2837 1994,2805 2197,2828 2282,2804 2322,2835 2395,2800 2475,2850 2643,2803 2644,2772 2504,2735 2448,2772 2294,2737 2164,2755 2058,2717 1871,2755 1687,2707"/>
                <Baseline points="1692,2774 1739,2775 1786,2777 1833,2778 1881,2780 1928,2781 1975,2783 2022,2784 2070,2786 2117,2787 2164,2789 2211,2790 2259,2792 2306,2793 2353,2793 2400,2795 2448,2796 2495,2796 2542,2798 2589,2798 2637,2798"/>
                <TextEquiv>
                    <Unicode>blieben, die Jungere aber samt Ihrer</Unicode>
                </TextEquiv>
            </TextLine>
            <TextLine id="r2l27" custom="readingOrder {index:26;}">
                <Coords points="1663,2874 1763,2908 2079,2880 2190,2930 2394,2886 2531,2937 2718,2902 2719,2855 2611,2814 2473,2858 2371,2804 2128,2847 2023,2805 1896,2852 1665,2811"/>
                <Baseline points="1670,2865 1722,2865 1774,2865 1826,2865 1878,2867 1930,2868 1982,2870 2034,2871 2086,2873 2138,2875 2191,2877 2243,2879 2295,2880 2347,2882 2399,2883 2451,2883 2503,2883 2555,2883 2607,2882 2659,2880 2712,2877"/>
                <TextEquiv>
                    <Unicode>Magd mit so vielen gefährlichen stichen</Unicode>
                </TextEquiv>
            </TextLine>
            <TextLine id="r2l28" custom="readingOrder {index:27;}">
                <Coords points="1677,2978 1790,2952 2020,2994 2110,2968 2207,3013 2274,2970 2638,2980 2688,2971 2689,2929 2531,2937 2489,2898 2422,2942 2297,2900 2166,2938 2101,2910 1930,2931 1864,2898 1678,2935"/>
                <Baseline points="1685,2948 1734,2948 1784,2949 1834,2950 1884,2952 1934,2954 1983,2955 2033,2957 2083,2958 2133,2960 2183,2961 2232,2963 2282,2964 2332,2964 2382,2966 2432,2966 2481,2966 2531,2966 2581,2965 2631,2964 2681,2963"/>
                <TextEquiv>
                    <Unicode>und wunden, dergestalten übel von</Unicode>
                </TextEquiv>
            </TextLine>
            <TextLine id="r2l29" custom="readingOrder {index:28;}">
                <Coords points="1654,3075 1856,3051 2067,3087 2237,3050 2436,3088 2701,3048 2701,3020 2578,2981 2208,3015 2081,2978 1983,3012 1830,2976 1655,2997"/>
                <Baseline points="1661,3030 1712,3033 1764,3035 1815,3037 1867,3039 1919,3041 1970,3042 2022,3044 2074,3045 2125,3045 2177,3047 2229,3047 2280,3047 2332,3047 2384,3045 2435,3045 2487,3044 2539,3043 2590,3042 2642,3039 2694,3038"/>
                <TextEquiv>
                    <Unicode>ihme zugerichtet worden, daß sie lang</Unicode>
                </TextEquiv>
            </TextLine>
            <TextLine id="r2l30" custom="readingOrder {index:29;}">
                <Coords points="1685,3119 1933,3123 2000,3159 2447,3131 2497,3167 2686,3159 2722,3081 2471,3062 2360,3105 2123,3052 2059,3099 1879,3071 1686,3098"/>
                <Baseline points="1692,3113 1743,3114 1794,3116 1845,3117 1896,3119 1947,3119 1998,3120 2050,3121 2101,3122 2152,3122 2203,3123 2254,3123 2305,3123 2356,3123 2408,3123 2459,3123 2510,3122 2561,3122 2612,3120 2663,3120 2715,3119"/>
                <TextEquiv>
                    <Unicode>in Lebens gefahr darinder gelegen.</Unicode>
                </TextEquiv>
            </TextLine>
            <TextLine id="r2l31" custom="readingOrder {index:30;}">
                <Coords points="1628,3236 1850,3263 2050,3217 2713,3232 2713,3172 2602,3150 2412,3153 2359,3187 2239,3137 1858,3168 1768,3119 1628,3127"/>
                <Baseline points="1635,3204 1688,3204 1742,3204 1795,3204 1849,3203 1902,3203 1956,3203 2009,3203 2063,3203 2116,3203 2170,3201 2224,3201 2277,3201 2331,3201 2384,3201 2438,3201 2491,3201 2545,3201 2598,3201 2652,3203 2706,3203"/>
                <TextEquiv>
                    <Unicode>Als habend wir darauff hin, diesen</Unicode>
                </TextEquiv>
            </TextLine>
            <TextLine id="r2l32" custom="readingOrder {index:31;}">
                <Coords points="1672,3317 2137,3301 2233,3339 2413,3284 2685,3313 2685,3256 2567,3211 2511,3250 2407,3221 2350,3258 2236,3220 2156,3250 2049,3217 1943,3266 1672,3237"/>
                <Baseline points="1679,3282 1731,3282 1784,3282 1836,3282 1889,3282 1941,3282 1994,3282 2047,3282 2099,3282 2152,3282 2204,3281 2257,3281 2309,3281 2362,3279 2415,3278 2467,3278 2520,3278 2572,3276 2625,3275 2678,3275"/>
                <TextEquiv>
                    <Unicode>Grausamen Tohter, durch allerhand Vor¬</Unicode>
                </TextEquiv>
            </TextLine>
            <TextLine id="r2l33" custom="readingOrder {index:32;}">
                <Coords points="2494,3428 2508,3429 2518,3419 2580,3420 2635,3379 2663,3375 2676,3382 2691,3376 2688,3312 2657,3328 2605,3318 2574,3340 2556,3335 2543,3344 2527,3338 2521,3345 2490,3345"/>
                <Baseline points="2498,3380 2524,3378 2551,3378 2578,3377 2604,3375 2631,3373 2658,3372 2685,3369"/>
                <TextEquiv>
                    <Unicode>gefehrte</Unicode>
                </TextEquiv>
            </TextLine>
            <TextEquiv>
                <Unicode>215.
hierüber nlichts bekennt, sonder betheürete, daß
er des erst ander und dritten vorgelaßnen
Patti halb gänzlich unschuldig sage, auch von
dißortigen tözteren gar keine wüßenschhafft
habe. Ictum obstatt
sriminal, Urteill
snael Wagners
N38 Schultheiß Keein und
roßen rahte der statt Beru
Urkundend hiermit; als dann uns
zu höchster betrüebnuß hinderbracht
worden. Wie daß dieser vor angenste
schende elende mentsch namrens emannel
Wagner von ohngefehr 30 jahren alters
Freitags den 30ten novembris ersthin
abends nach sechs uhren in der beyder
jungferen schwösteren zechender behau¬
sung an der Kr¬
aßen allhier
Sibdohat
eine grausamme seuchel morderen be¬
gangen habe; Da namlich die einte
und altere Schwöster mit zweyen
Wunden allso bald auff der stett Todt ge¬
blieben, die Jungere aber samt Ihrer
Magd mit so vielen gefährlichen stichen
und wunden, dergestalten übel von
ihme zugerichtet worden, daß sie lang
in Lebens gefahr darinder gelegen.
Als habend wir darauff hin, diesen
Grausamen Tohter, durch allerhand Vor¬
gefehrte</Unicode>
            </TextEquiv>
        </TextRegion>
    </Page>
</PcGts>
