4032 3024
913 -4 1935 126 ihrem eigenen losten nicht selbsten suchet
907 63 1926 219 sonder lieber der hohen landsoberklih
908 165 1911 301 überlaßen bolten, daß danzumahlen auf
900 239 1928 399 den zu dieser Criminal procedus angesehzen
891 313 1925 511 tag der große raht in der Burger stuben
880 398 1921 535 zusamen komen, der saduo barnunes
872 475 1917 647 zethun alda durch jor ge obere hult
848 563 1911 724 heiß proponiet  nachberts durchein
854 627 1903 793 gebesenden herren gricht schreiber neben
860 719 1899 901 den thron stehend, die eydtlich aufgenomen
865 812 1897 987 men deformation und künschafften
857 888 1912 1092 abgelesen werden und daraufhin der jungste
827 948 1879 1164 von muchlin den Prnneren von seinem siz
814 1044 1846 1224 sich in der mitte der stuben stollen und im
843 1141 1888 1337 aunn der statt Bern wider den todschläger
832 1205 1823 1377 recht anruffen solle, wornach dan die
837 1313 1866 1468 gro�e burger stuben thur zuöffnen und
832 1365 1866 1542 dem beklagten um sich guveranfworten
827 1458 1867 1646 durch einen stattweibel vorder große
805 1534 1867 1732 gang thüren oben auf der Stagen zu dreyen
813 1605 1852 1795 mahlen mit erhobener stim herkorzen
817 1687 1241 1826 e�sten seyen wirdt.
779 1777 1852 1970 Wan der thater behändiget, soll er aus der
793 1881 1847 2061 gefangenschafft ungebunden auf das Reht
791 1967 1832 2142 hans in die gricht stuben geführt, aufdem
788 2028 1846 2224 Rubt des weibels allein in die große stuben
792 2097 1767 2296 vor seinen richter zu anhorung des herren
776 2151 1812 2382 klägers wegen des beyangenen Todschlags
794 2236 1834 2453 führenden klag eingelaßen und ihme
789 2305 1819 2540 den beklagten zu seiner verantwortung
791 2406 1818 2577 an einen beliebigen fursprechen, der seine
783 2437 1806 2662 sach nach bestei vermögen defendieren
790 2502 1793 2732 bewilliget werden, welcher danin sein des
795 2567 1790 2808 br klagten bey seyn das selictum verfechte
786 2639 1761 2856 nach welcher verfechtung der beklagten
1520 2844 1722 2963 wider
3182 17 3249 100 25
2079 55 3248 212 wider hinaub der gloahesammen hut der
2088 138 3221 305 bestelten thurn weibel in erwartung der
2097 245 3232 420 und urtheil übergeben und wider in die gricht
2097 311 2815 478 stuben geführt werden soll.
2108 464 3224 584 Es wird aber der enthaltene Delinquent
2090 517 3214 672 seines fursprechen halben einiche tag vor
2063 607 3193 782 haltung des blutgerichts durch den herren
2064 678 3208 825 Gro�weibel befraget werden, an wen er
2053 786 3211 922 spreche, damit dieser angesprechene Hr
2059 862 3215 1023 fursprech pr gedel zusamt überschikung
2058 947 3191 1091 der procedus deßen zu seinem verhalt
2070 1021 2958 1162 brnachrichtigkt werden könne.
2062 1104 3179 1312 Erfolgte auf diesere verfechtung nach lal-
2063 1223 3169 1415 bruder uimfrag durch die mehreren stimmen
2043 1319 3140 1469 so dan der Herr kläger die erste meinung
2049 1390 3182 1550 geben wird eine urtheil zum tad sollselbige
2048 1468 3143 1608 nach bißhar gebohntem heremonial im
2036 1530 3162 1697 gegenwahrt Megen 7 lb und b offentlich
2028 1590 3154 1773 an der seühe haße vor dem richterstuhl
2026 1672 3155 1835 abgelesen und folgendlich der maleficant
2025 1773 3151 1903 zu vollstrekung der über ihne ergangene
2024 1828 3143 2007 todts urtheil dem scharff-richter übergeben
2031 1902 2284 1982 werden.
2001 1964 3136 2197 shen aber daß der bellegte icht behandge
1995 2080 3108 2243 so soll ihme von landtag ju landtag auf
2017 2154 3122 2311 obige beis und förm gerüßen, die zeit von
2009 2227 3128 2385 einem zum anderen entloeders gsazmos
2007 2301 3094 2458 sig oder nach den umstanden der zeit und des
2006 2368 3123 2548 ohrte, ober sich befundt, gesezt, und auf nicht
1999 2448 3105 2608 erscheinen wider denselben nach außbeisung
1991 2521 3101 2682 der statt bernsahung geürtheilet werden.
1979 2608 3075 2768 Actum vor räht und Bürger d 19 septembris
1990 2670 2145 2787 1714
1982 2724 3097 2915 Fedel an herren Großbeibel und Grichtschrei
2903 2885 2995 2981 ber
