4032 3024
484 364 1532 551 bekannt, der aber alle jahr komme und
490 490 1530 623 von Prnedig sich außgebe, gifft gekaufft un
490 567 1538 698 darvon inderacht in das weinwaren, wo-
491 632 1506 757 von sie aber nichts geeßen, gethan, umb
473 697 1534 833 die kinder auß vorsatz zu vergifften, habe
479 779 1510 918 auch noch mehrere vergifftet, ihrem
483 853 1526 985 Sohnli Sigmundli habe sie in der latwern
466 940 1513 1052 gen gifft beygebracht, da er in einem
472 997 1526 1130 tag gesund in ihrer Lantl Matten ver-
484 1083 1533 1199 lauhenen somer gegangen und morndrist
481 1155 1430 1274 gestorben, Denne habe sie Hans
487 1226 1499 1345 Bachmanns ihrer sante haußmanns drey
490 1290 1496 1425 buben und drey meidtlenen etwa 10 tag
480 1356 1507 1473 nach dem 2t weinldarin in anken
468 1433 1487 1549 schnitten gifft gegeben, seye aber keines
482 1526 940 1613 darvon gestorben
1038 1532 1475 1633 Weiters haben
478 1586 1468 1709 sie dem Here Predicanten Frisching sel. von
465 1672 1527 1779 haßle, als er nach sigrißloyl promovirt
476 1738 1488 1851 worden und von gern hinauf gereiset
460 1801 1490 1921 auch bey ihnen im vorbeygang zugesproc
463 1884 1472 1996 chen, in einem trunk lorm, goff, so sie
473 1955 1491 2056 in die Kraußlen gethan, geben, darvon
479 2032 1449 2129 er gesorret und etwa in 14 tagen
459 2118 1509 2212 gestorben, dises habe sie gethan, weilen
464 2168 1492 2284 er in einer compagiie spottische Reden
469 2234 1469 2353 wider sie geführt, derowegen sie ihme
454 2317 834 2418 gehäßig worden.
439 2394 1523 2519 Werners bekenntein, sie haben auch ihrem
460 2460 1500 2595 herren sel an dem huldigungstag nachts, da
469 2549 1500 2664 Herr landvogt Stürler bey ihnen über
468 2602 1510 2724 nachtete und bereits in seiner ruhe ware,
460 2668 1511 2807 es wa nach 10 uhren in einem sacher mit
466 2758 1517 2867 wein, demer außgetruncken gifftin gros
448 2834 1525 2936 ser quantitet gethan, den er außgetrun¬
475 2900 1522 3002 kein, wovon er auch umb 12 uhren gestorben
469 2959 1517 3081 darauf sie del ihne bey dem kopf und ihre
457 3025 1515 3153 Dienst magd Barbara Agerter von Gur-
453 3105 1515 3223 zelen (die gesehen, daß der herrn tod seye und
469 3164 1509 3291 dera sie einen halben thaler zugeben Versproc¬
454 3248 1528 3361 chen und entrichteti bey den füeßen genommen,
467 3328 1496 3434 und in den see geschleipfet, da dann die
1240 3382 1513 3486 Grund welle
1666 1298 1730 1377 8.
1788 458 2798 589 grundwellen ihne bald wegg geschwemmet, habe
1783 532 2816 658 aber solches dem herren landvogt nicht angezeiget
1780 614 2785 730 alle dise anthaten habe sie auß trüflischer
1781 679 2585 787 boßheit und versuchung gethan.
2631 711 2792 808 h
1777 742 2729 873 diser ihrer nun gethanen bekanntnuß
1787 796 2491 911 kame sie leben und sterben.
2122 864 2284 938 und nach
1735 879 2812 1040 ise ihre an der Marter gethane bei
1780 1001 2810 1102 kantmus ist ihram der examination
1774 1041 2807 1158 stuben wörtlich vorgelesen worden, welche
1774 1110 2305 1223 sie auch bestätiget.
1783 1257 2734 1387 In dem 8ten examine de 24. janu
1766 1344 2713 1486 krafft Befelchs vom 22. dito, so ohne
1770 1428 2821 1548 Marter vorganger, widerrüffte sie del
1757 1500 2825 1634 alle vorhero in denen mit ihro so wol ohne
1750 1564 2776 1668 als mit der lähren Marter und anhan
1775 1642 2762 1753 iung des 25 lb  strins gehaltenen
1760 1700 2826 1823 7. examimibus gethane bekanntnuß
1762 1772 2816 1915 sagte, daß solche faltsch und inwahrhafft
1762 1856 2821 1972 habe dieselbe mehr auß vereierung und
1769 1927 2802 2042 verzweißlung gethan, maßen sie die
1763 1981 2809 2100 Marter nicht außstehen möge, sonderen
1760 2048 2795 2164 an derselben sagen wurde, sie hatte die
1740 2104 2811 2242 ganze stadt vergifftet Batte aber eine
1750 2190 2750 2292 hohen oberkeit umb verzeichung, wolle
1753 2247 2825 2391 nu dermahlen die unndt wahrheit bekennen
1730 2327 2780 2447 hatte es eher gethan, habe aber ihrem
1742 2387 2804 2528 kind verschonet und gestunde zuerst gift
1749 2456 2798 2599 in das weinwarin, dennoch aber nicht
1740 2530 2771 2664 auß vorsatz gethan zu haben, hernach
1742 2607 2785 2720 bekennte sie, weilen die mauß ihra an
1735 2649 2785 2792 den Käsen großen Schaden gethan habe
1720 2731 2804 2859 sie auß ihrer cante und haußfr Reih
1723 2790 2795 2928 ser anrahten und geheiß Zinstags den
1732 2864 2805 2998 19. septembris ein zedeli, darauf mansentäfel
1729 2962 2784 3072 gestanden in ihrer schwiger hauß, weil
1744 3010 2769 3142 sie in der tante Matten kein papyr
1723 3098 2790 3225 gehabt, geschriben, solches samt einem bazen
1727 3169 2687 3271 ihrem kind Roseli geben, mit befelch
1724 3232 2783 3342 daßelbe bemelter haußfr Reuser zu
1727 3293 2776 3419 überliferen, damit sie die Tafeli kaufen,
2602 3380 2744 3472 undetc.
