4032 3024
362 433 1543 677 Den 22 und 29sten septembrio 17 32 bey aber mah
366 577 1535 763 beschehener oxamination hat dieser Wilchelm Hirgle
458 671 1517 809 oberger bekennt, daß er den ersten brandesteuwen
457 745 1514 885 brieff etc. Bereits vor etwann 3 jahren von einem
438 820 1511 985 Schlesinger studenten bekommen, der ihme auch dazu
449 903 1525 1059 mahlen den ersten faltschen abscheyd wegen zielland
428 995 1506 1144 geschrieben habe, welchen er letstmahls durch den
429 1067 1501 1232 Frantz Stockhammer früscher dingen habe abschreiben
438 1177 1498 1310 laßen, ob angezogener brand-steulor, Grieff seye
445 1247 1484 1423 dermahl nicht bey der stell, er wüße auch nicht
433 1334 1502 1499 eygentlich, ob er solchen zu Baaden bym Hirschengen
423 1437 1497 1595 laßen, oder ob die dorten gewesene Studenten
418 1506 1100 1658 selbigen mit genommen habind.
369 1589 1516 1791 Denne ward er auch bekanntlich, daß er a. 1728
423 1721 1478 1869 Vor beschehenem Raub zu Seengen den so genannten
410 1815 1492 1961 Gapen fridel und sein weib, welche eine große
401 1868 1477 2031 frauw zu Baaden bym Sternen losierend, gesehen
427 1983 1506 2132 und gekannt habe. Daß nachwerts er selbige
412 2056 1478 2202 ohnweit kinzingen widerumb angetroffen und auff
417 2151 1453 2288 dero ansuchen er mit einem studenten ermellten
409 2232 1457 2372 Gapen-fridel über 20 stundt wegs biß auff
399 2301 1458 2431 rotlyl begleitet und für diese muche 50 gulden
418 2401 1460 2527 in gelt versprochener maßen von ihme bekommen
409 2489 1499 2615 habe, Damahls habe der Gapen,friedel under
406 2571 1479 2693 wegs bey einer fysen Schmelzi eine cisten mit vie
398 2669 1477 2782 dlein allerhand silber, zeug liegend gehabt und mit
380 2734 1339 2868 sich genommen, auch viel gelt auff sich getragen
413 2834 1463 2954 bey diesem allem verneinete er Wilhelmimmerhin,
404 2910 1474 3045 daß er auch einer von denen Seengischen kauberen seye,
398 2986 1478 3103 daß er seines wüßens einen anderen namen als wil
385 3068 1470 3182 helm Hieschberger trage, vordeütete anbey, daß nach
393 3147 1460 3258 dem einbruch zu Seengen mann zu Baaden alle
391 3215 1440 3348 wihrts-hauser genauw durchgesucht und ihme seine ge
375 3272 1486 3406 habte fasosport abgeforderet, daß er nachwerts selbsten
364 3392 1387 3499 solche auff dem rahthauß habe abholen müßen.
381 3452 775 3580 actum obstaht.
864 3468 1368 3606 Nach vernamsete
1551 2270 1617 2366 1.
1575 2833 1625 2920 2
2662 440 2757 522 109
1680 576 2747 788 ach Vornamisele drey weibes persohnen uindt
1677 728 2736 859 lbenfahls wegen von allhiesigen luhrn Weybeln bey
1653 805 2761 947 schehenen Nachjagen mit denen beyden frantz Stockhammer
1675 894 2754 1025 und silhelm Hirschberger etc. zu Solotuhrn angehalten
1672 974 2732 1109 und in gefängnuß gesezt, volgends auff ihr ge
1665 1070 2753 1198 begehren von Loben in standt solotuhrn krafft verträgen
1653 1152 2717 1294 außgelieferet und gewahrsamlich in hiesigen verhafft
1654 1232 2768 1351 gebracht, Hierauff dann auch von dem hochgeachten tc.
1643 1307 2771 1449 muchhe zeügn herren stürher hierzu somittiertem herren
1652 1398 2783 1531 examinatoren mit zuthun ms lohn  Groß weibel kupffers
1675 1485 2756 1623 und gricht schreibern freüw denrychs den 9. aa8 29
1660 1581 2770 1706 Augusti d0 20 22 und 23. Septembris a 1732.
1654 1656 2765 1783 beydes in der guete und ernstwortig und mit anben-
1666 1736 2743 1845 edung deß daumel, eisens excaminiert worden.
1647 1819 2742 1927 Welche dann nachbeschriebene bekanntnuß und ver-
1661 1887 2772 2013 gicht von sich gegeben und erteillt haben, und zwar
1635 1978 2765 2153 Ersthichen Dorolsea Plisabetha Anfriedin.
1666 2097 2738 2226 zugenannt Föglerin geburtig von Mannsfelden
1658 2188 2756 2310 ohnweit Schwabisch hall von etwann 37 jahren alters.
1633 2237 2757 2455 Diser ward bekanntlich, daß sie der Lutherichen Religion
1655 2380 2785 2523 zugethan von ehrlichen elteren her, namens Hanns Michel
1653 2451 2784 2594 Unfried und wva Schulerin von Adelmanns felden erbohre
1639 2533 2784 2661 (.welche zwar längsten verstorben) und annoch mit anse-
1665 2591 2760 2738 henlichen geschwisterten versehen seye, dahero sie anfangs
1659 2667 2750 2835 sich auß mannheim gebürtig zu seyn angeben und ihr
1665 2719 2372 2872 rechter Vatterlandt verlaugnet habe.
1652 2836 2739 3006 Wegen gedacht ihrer elteren fruhe zeitigen todts und
1660 2931 2764 3077 ihres durch eine erlittene Feulors brunst zu Grund ge¬
1664 2993 2754 3147 gangenen haußes und alles haab und gutts seye sie
1658 3066 2768 3215 ganz jung von hauß hinwegg und in verschiedene dienste
1664 3134 2757 3283 bey vornemmen leüten kommen, Nachwerts 3 jahr lang
1661 3207 2748 3355 mit einem studenten und vier jahr lang mit einem
1651 3255 2730 3447 Singer, weib herumb gezogen, vor etwan 6 jahren
2541 3444 2673 3543 dann
