4032 3024
1945 151 2973 312 Auß Aulas deß von NN. Graper An Mau¬
1950 269 2971 406 dice priction e 83 septembris 1732 begange
1955 361 2973 476 nen Nodtschbages und deßentbeyen zu ver¬
1938 441 2972 570 führenden auch würklich den 10. novembris 1732
1945 511 2974 653 uerstührten landttags(da sich dann bei deßen
1942 612 2961 735 verführung über dienferemonialiar etwelche
1954 699 2922 815 difficulteten ereügret) habend meine
1950 770 2949 904 grdige herren die raht wie auch meinen
1943 867 2958 996 gnadige herren s und B. Mir llein gricht
1941 931 2949 1069 schreiben fründenrych anbefohlen ein stolstand
1941 1006 2928 1143 vnd seremdnrate Condttoger zu Prorectieren
1933 1092 2958 1220 Den prouect. meinem gnedigen Herren Ambt
1943 1198 2937 1287 Schulthaiß Steiger zue sorrection und appro
1942 1243 2940 1350 bratiae porzelegen und solchen nachzerts
1933 1309 2991 1423 zu Fünsttiger Mgbeisung, un der große sschuen
1931 1401 2926 1515 sach einzuschreiben, auch dasvon der sanzlei
1936 1474 2523 1582 eine sopli zu abergeben.
1937 1553 2973 1681 Nachstechender formulare ist meinei hua
1940 1625 2928 1753 digen Herren ambtschultheiß Stuger vor
1931 1716 2899 1839 gelegt vnd von Ismer aprobieet und
1939 1812 2452 1902 gut geheißen worden.
2102 1891 2869 2043 Fomutere landttags
1922 2081 2922 2208 A Die fleider dleß entleibten sollen in
1919 2162 2924 2301 der großen stuben bei demm kreühzen ziggen.
1925 2292 2929 2441 2 Ir junden zur Amb schuethiß thut
1922 2390 2937 2508 die prapprition und eröffnet worumb es
1925 2472 2148 2571 zu Rhre
1940 2565 2939 2714 z der grichtschreiben lißt die prrcedur abe
1909 2692 2943 2784 sambt der aufgenomenen Insormation und
1921 2740 2709 2848 der retatione medico Ehirurgica.
