4032 3024
432 550 1431 733 3. Auch mit der unglüklichen Maria
395 673 1433 785 Kraniger wohnhafft in dem so genanten
382 760 1428 873 Schnartz Obeiher Riggisperg, dieseren
400 836 1419 975 bekantschafft mit ihro und den ihrigen
385 917 1441 1025 habe bereits angefangen, da Er, wie ge¬
400 997 1459 1111 acht bey Peter Berger ihrer mutter bruder
394 1076 1451 1175 in der lehrnzeit gestanden und biß auf
392 1157 1426 1264 diese zeit gewahret, gestalten er in der
373 1246 1305 1370 Muhle Ihnen auch bedienet gewesen.
370 1322 1420 1457 Diesere bekanntschafft nun habe sich in so
373 1401 1441 1518 weiterstreket, allso daß zu end angste
376 1481 1460 1610 oder anfangsjüngst verstrichenen herbst
367 1558 1412 1685 monats, da die Maria Kranger bey
387 1626 1418 1745 entstandenem Regenwetter von selbsten
382 1708 1403 1850 an einem abend von Herzwoyl her durch
378 1785 1432 1913 etwas umbwegs zu Riggisperg in seine
369 1873 1418 1985 Mühle kommen und die ganze nacht über
371 1953 1426 2072 allda verblieben, er mit ihra zum fahl
371 2031 1432 2164 gerahten und in selbiger nacht sonsten
373 2117 1434 2236 aber vor und seither niemahls leibs
372 2218 1377 2335 gemeinschafft getrieben, ohne daß sie
367 2285 1408 2410 einich wort gesprochen, im fahl sie
364 2361 1443 2494 etwann schwänger wurde, wie es dan
347 2469 778 2584 hergehen söllte.
379 2554 1475 2692 die veranlaßung und zu sothäner fleischlichen
363 2635 1418 2762 vertrabung vorgegangene ambständ
366 2726 1428 2848 Waren folgende, Namlichen, als das
363 2789 1477 2938 Mentsch wie gemelt in seiner mühle angelangen
351 2870 1444 3009 habe es ihne von freyen stucken umb die
346 2960 1456 3086 herberg selbige nacht über ersucht, mit ver
373 3051 1456 3179 edenten, sie seye nit so gar wohl auff an
380 3122 1444 3267 fangs wolte er nicht einwilligen, sie
372 3197 1474 3338 aber haltete verners umb den auffenthalten
386 3299 1443 3402 an, mit vermelden, sie wolle nachwerts
1260 3382 1376 3497 zu
2600 465 2692 533 223
1611 541 2671 682 zu hauß vorgeben, daß sie bey ihrem ver-
1626 619 2683 742 wandten im bach übernachtet, darauff er
1623 697 2713 835 ihra die herberg zugesagt, nachwerts mahl
2058 772 2689 891 als er inquisit zuruk
1622 808 2059 908 vertragen.
1636 869 2721 988 kommen, fande er das mentsch droben in seinen
1611 930 2704 1081 stuben würcklich auff dem betth liegend
1626 1029 2716 1160 .dann er nur diß betth und sonst nieman
1622 1093 2704 1264 bey sich im hauß hatte. Er wartete hier
1618 1199 2680 1302 auff weiters seiner mühlen ab biß in di
1598 1271 2686 1411 spahte Nacht, und als Ihne angefangen
1616 1368 2670 1506 zufrostelen, gienge er in seine stuben
1624 1451 2686 1596 hinauff, legte sich auch zu dem mentschen
1624 1544 2677 1689 auffs betth, auff solche weise seye er ihra
1615 1630 2686 1769 teillhafftig worden, sonsten aber weder
1640 1724 2212 1870 vorhero noch seithero.
1611 1836 2717 1994 Seith der zeit seye ihme von diesem verlauff
1630 1976 2724 2079 nicht die gernngste andung geschehen biß
1624 2031 2728 2136 auff bewußten zinstag den 8. diß octo
1618 2100 2704 2224 ibris als das Mentsch tags zu Ihme in die
1620 2181 2708 2296 mühle kommen, dennoch aber nicht ein wort
1634 2246 2734 2374 von der schwangerschafft geredt, sondern
1634 2339 2758 2439 lediglich gesprochen, daß die mutter mit
1607 2426 2756 2533 ihme zu reden und auff sontag den 13.
1621 2515 2721 2642 Dito ihne zu dem end bey sich in ihrem
1621 2575 2380 2703 hauß zusehen verlange.
2394 2589 2718 2721 welche so be¬
1629 2662 2696 2797 schehene einladung ihme zwar zu Sinn
1634 2731 2749 2870 gelegt, es möchte wohl umb die schwanger
1633 2832 2167 2952 schafft zu tuhn seyn.
1642 2916 2702 3062 Worauff er an selbigem sontag den 13.
1585 3001 2705 3124 Nurrentio Nachts etwan umb 9 Uhren
1645 3083 2712 3223 nach einichen besorgten mühle, geschaffen
1627 3159 2682 3272 sich einzig nach besagtem hauß in dem
1621 3220 2752 3344 Schnartz sich begeben, als er dorthen ankommen
2516 3373 2652 3466 habe
