4032 3024
311 500 396 620 19
425 493 1425 655 möchte noch den vierten bekommen, darauf e
420 585 1436 741 zur antwort geben, er hätte zwar auch auß
429 650 1415 800 in einen solchen dienst zugehen, allein er
409 711 1460 873 habe seine sachen noch nicht in völlige richtig
413 777 1417 936 keit gebracht; darbey es auch verblieben
394 894 1447 1026 Hat allso dieser Hann� Maoser niemahls ge
405 956 1429 1107 ständig seyn wollen, daß er von dem ver
411 1044 1438 1149 borgenen bösen anschlag und einer solchen
394 1117 1448 1249 Soldaten anwerbung die wenigste Wißen,
402 1202 1434 1334 schafft gehabt, noch auch von dergleichen das
401 1284 1451 1404 geringste nicht vermercket, maßen er selben
399 1372 1409 1488 isten sich auch allso hatte dingen laßen,
389 1438 1450 1569 Wann er nicht mit weib und Kindten ware
398 1537 887 1648 Versehen gewesen.
684 1639 1208 1788 Coriminal Urtechl
504 1751 1148 1904 des Hanns ploosos
345 1873 1441 2026 Montag den 6t februarii 1736 ist zuvorbescheie,
383 1976 1447 2104 bene des Hanns Moosers crimmal procidur sart
393 2065 1393 2176 anderen darzu dienenden schrifften der mughl
389 2132 1402 2238 und oberen s und b wörtlich abgelesen und vol
382 2208 1419 2310 agends darüber nachdem müthi GroßWeybel
379 2253 1444 2377 Freudmeych mit einer wolgestelltem sad getohnter
386 2322 1412 2451 form nach kräfftiglich für ihne intcrudiert
388 2382 1442 2547 von hochgedachst Neghl uund 1b bey Eiden zu selchen
386 2471 1419 2623 Ennd aaprespo versammlet und bey vorgelegtem Bleth
378 2529 1447 2684 st ab durch die mehrere sennen erkennt und gesprochen
378 2636 1423 2759 worden. Daß ihme moaser war an dem
379 2694 1442 2831 leben auß gnaden verschonet, erd dann zu seiner wol
383 2745 1437 2909 vordienten jedach gnädigen straaff durch den scharhe
386 2828 1429 2961 richter an gewohnten oog mit ruhten gestrühen,
383 2902 1423 3044 volgends in das schellen werd geschwiedet und de
381 2956 1426 3108 benhlanglich wolderwahrt darinann enthalten und
389 3057 1267 3177 warker zur arbeit gezogen werden solle.
380 3111 1468 3254 Aadul an netoll  Graß weybel und grichtschwreiber
390 3198 1426 3336 mit gestimen ihme moosterd diese ergangene wovill
383 3274 1425 3392 zueroßne und ihre anzumahnen sich dera gelaßen
1145 3346 1250 3465 lich
2637 343 2739 413 193
1568 394 2748 613 sich zu und ertorelden, auch die anstald vorzukehren, daß
1574 461 2751 671 derselben gung getahn und fr dem herren Schellentzauß de
1554 569 2112 762 gele esen wede
1569 640 2689 832 Wol an mehl auslren Mëller und hernen
1576 721 2773 929 enhauß gnosectaren veley. Sie obig ergangen
1579 801 2687 977 weill zu benachrichten, mit freundlichem gestameng
1574 857 2768 1058 dieselben auß zu fyren in das schellenwanl anze-
1583 938 2760 1108 nunn und die anstalt zu verfüegen, daß der solben in
1576 1038 2184 1186 alle weggnng gekuhren werde
1573 1108 2246 1298 Mtu Coram 200 ut supra
1544 1208 2594 1448 d at d megh hulthzeyß und raht
1566 1340 2747 1533 e habend Nlegh zun  rätzt und Burger
1581 1425 2752 1602 hu morgene, da es umb haurtrillung des hann
1580 1480 2786 1670 mooses von höchstetten, welcher mit unerlaubter
1580 1584 2751 1728 volck wegbung umb gegangen, zutuhen ware auß
1575 1635 2784 1824 bchschmes andetin vherrin gr Groß wäybel Frei
1563 1730 2798 1897 Uinrycht wahrgenommen, daß derselbige auß enwetem
1580 1804 2786 1982 Megssch befelch dermahlen fur diesem delinquentern
1589 1906 2765 2048 das intercessions wort vorbringen mürßen, da dorch
1582 1986 2767 2114 die dißörtigen inform atwnen und examina ohne
1581 2050 2792 2194 deßelben zutähen von mnzalhen der kecrusamer
2628 2112 2770 2173 ddutu.
1595 2149 2758 2266 vorgnommen worden, also er von dem geschafft eben
1582 2214 2768 2358 nicht dehand gugsamme bekautnuß  opfen können
1557 2292 2745 2444 derowegen anß iehen anlaß hoch geracht megke
1590 2367 2783 2528 und oberen fütrer Gnagen zwr durch freüwlich zu
1593 2446 2807 2604 erstuhin und auff zulrägen nöchtig erachtet, daß den
1585 2520 2777 2690 selben beleben wachte nachdenkens zu halten, ob
1597 2601 2791 2758 und wir in künfftigin zeiten, da dre eamina und
1593 2663 2791 2845 informationin nicht in leieson ir herren groß
1576 2733 2743 2933 wybels vorgehin wurden, dergleichen ermminat
1575 2820 2751 2999 waldin vor den höchsten gewalt gebracht und
1590 2883 2802 3107 des maleficenten firbilt, dargetahren werden solle.
1599 2953 2813 3188 und dem lüber Wersen gedarcken hochged achtelagen
2686 3139 2716 3182 9
1606 3039 2772 3265 und oberm zu gut feindender vorordnung zu hin
1584 3105 2798 3315 befrigen. Wie zutuhen er ga basend wißen
1588 3200 2640 3430 worden. Act horam 200 ut suptaw.
