4032 3024
508 413 1523 599 dises kind bekommen ( so nach mrhhen
502 519 1534 655 samtlichen meinung in einem conros
492 606 1547 758 Fischen gifft bestanden) so viel schware
496 710 1529 837 zufähl Entstanden, wie solche, die
506 808 1532 946 die erstlich darzu beruffene medici
494 889 1513 1023 angetroffen haben, auf welche der
486 975 1519 1115 tod einaußbleiblich folgen müeßen.
450 1046 1509 1212 Diß ist also der bericht, so er dan
494 1151 1478 1272 in aller gebühr referirt werden.
469 1217 1504 1352 sollen. Acte den 23. septembris 1730.
574 1355 819 1470 siquirt
875 1376 1549 1556 Jacob Säy Insullschreibe
465 1784 1456 2018 Dtcontaa den 3. febr 172.
373 1990 1508 2213 Sardem Meys und  lund g ge
452 2129 1530 2297 befundener mußen die ollkommene Fraldar
430 2262 1513 2422 sambt Ieformatione und kundtschafft Ansig
439 2402 1425 2545 soll son bort zu Bort abgelesen worden.
436 2505 1529 2668 Meldhs Großbeibel die verfechtung gehen,
443 2606 1480 2795 ein mehls von Werdt als jüngster
442 2748 1462 2924 Nenner die erste meinung gegeben
418 2880 1449 3068 Ist solglich über der Casmna Grätz
443 3026 1461 3194 verbrechen mit dem stlehr nachsol-
403 3122 1473 3313 gende Urtheil, jedach daß solche erst
426 3228 1512 3402 Morgens über acht rrequirt werden solle,
415 3367 889 3519 heraūs kommen.
2730 475 2827 568 61.
1780 476 2647 647 Crminal Urtheil
1786 597 2516 779 Bieder Cosina u rät¬
1723 718 2760 923 Wie schuldtheiß klein undgroßen
1766 876 2785 1058 Lahle der stald gey erkundend hiemit
1712 994 2816 1153 Demnach des hinderbracht worden, bie daß
1779 1104 2806 1251 unsers Gergers und stald leüters saruel
1761 1195 2802 1343 lichsen und Jhanna lihr syallegn fünd jahr
1755 1281 2726 1434 alters den 22 tobr 170 abendts zlöüschen
1765 1397 2749 1554 acht und neüen ehren von einem zbey tag
1736 1482 2815 1638 Zuter gebachten vnd Ihme Zinsen gege¬
1715 1604 2793 1748 ebenen weinbaren gestorben, auch an deß
1751 1684 2785 1850 Uesmisten lichsen Magd Marra Müreli
1757 1792 2821 1950 vn Campelen so vondem gebenselh deß
1749 1888 2765 2047 im pfänneli geköchten Weinbarmr
1751 2010 2723 2183 geschläcket, enfehlbare kennzeichen
1744 2110 2725 2278 der Vergiffung abzunemen seÿen
1733 2220 2669 2365 dardūrch dan Wir veranlaßet
1741 2314 2705 2479 larden, gebührende Insormation
1735 2427 2759 2601 ausnemmen, die Kundtschafften
1743 2540 2688 2699 fechoren vnd dernach diesere
1729 2647 2703 2827 gegenbertige Cosina Gräle in
1732 2778 2759 2966 gfängliche verhafft seyen, auch durch
1739 2909 2813 3079 unser besteltes Colleaium Insularum
1723 3017 2744 3163 das verstorbene Kindt äußerlich
1736 3131 2759 3292 und zuerlich beschauben, endtlichen
1732 3221 2782 3391 beschaffenheit alleßen derhinderbringen
2492 3354 2671 3483 laßen
2730 3418 2782 3504 3
