4032 3024
683 135 1686 283 bffentlich beschechene förfliche Rast, sich nicht
692 237 1695 351 thor recht gestelt und aber die verubte that
685 312 1548 431 suh versprochen und veranthortheit hat.
689 380 1692 509 Als habend bir nach Anhöhrungn deßentbegen
682 454 1683 582 Auß genommener Information und Pundtschafft
682 535 1639 675 außagen. Auff gethanen rechtsahen bei
695 616 1683 742 Ausugen eiden zu Recht Erkent und gep¬
699 690 1641 836 chen dlaß Gedachter M. Von Frred In
677 795 1689 918 Aufrieden von Sicherheit in Unsiherheit Er
683 848 1668 998 ekent und all sein geth zu underen handen
672 940 1673 1054 verfallen sein. Anbei der gethater Ist under
677 1014 1681 1158 stätt sandr und gebieth für einfandert und
686 1086 1696 1217 ein jahr verlohren haben, und selbige fürohin
674 1198 1696 1311 nicht mehr betretten, auch (wo er darin ergrißfen
680 1236 1687 1368 wurden sach unser stett Bera racht und sa¬
675 1324 1681 1451 zum mit dem schgährt vomm haben zum godt
671 1395 1653 1537 hingerichtet berden solle att
