4032 3024
2571 488 2689 579 163
1567 518 2261 675 Bekandtnuß und verguht
1588 634 2584 783 der Magia Sutteg von Uieterswyl in
1598 744 2581 876 Der firshöhren Reegers weyl gefürtig von
1612 851 2232 971 Etwan 24 jahren alters
1600 952 2632 1110 Nach demme bei Mughhen den rihten die
1603 1060 2615 1187 bedaurliche negricht eingeloffen, wie daß
1598 1136 2646 1282 diese Maria Sutter donstags den 26. mestii
1605 1220 2653 1366 auff Maria Pesfundigungs tag diß 1733
1602 1314 2733 1446 jahrs zu Kyberg imm gachegeberg in urs wüßen
1613 1399 2708 1540 deß füehters hauß ohne einichen angerustenen
1620 1466 2704 1608 beistand nachts inn geheimb kinds miederkommen
1616 1564 2662 1695 und dieses neüb gebohrne uneheliche findlen
1607 1645 2684 1781 daß volgenden morgens inn einemm kah
1609 1728 2722 1862 fübel imm fuchi gaden sodt gefunden worden.
1618 1817 2731 1955 Als habend ihr gnaden krafft mit Lobl. Standt
1606 1906 2677 2046 Stlothern Hegen der enden gach Egflegs be
1598 2000 2671 2127 sitzender hochen grichts herlikeit errichteten
1612 2068 2743 2193 vestrogen diesere z einquenten durch frey beibel
1617 2144 2716 2274 siclens eesaag arfund vomm 19 aprilis fecta
1612 2225 2683 2349 mieren und gewahrsammlich allhero in verhafft
1613 2311 2719 2416 bringen anfönglich biß zu Außgang der geen
1618 2367 2672 2496 fohaten kindtbetti zeit imm spithal gerbehret
1622 2446 2685 2591 eathalten und hernach inn die obern gefangen
1624 2525 2653 2672 schafft sezen laßen, also auß deroselben
1624 2617 2662 2742 hohen befelch diß weib beides dlurch meinen
1623 2703 2677 2842 hochgehrten Herren Rahtsherren Tillicr als
1630 2778 2706 2912 auß ihr gnaden ehren mittlen hierzu pfen ord
1627 2899 2689 2996 gneten herren examinatoren wie auch mohl groß
1627 2957 2676 3077 beibel Somuel fürfer und grichtschreiber Ab¬
1621 3023 2695 3168 Freudenrych zu Pier verschiedenen Mahlen, d.
1640 3112 2662 3245 18 35f2s mag und 3tg juni ao1733.
1627 3205 2654 3330 beider güetlich und ernstböhrtig, jedoch ohne
1624 3277 2662 3401 vorberjung der marter. aber ihres verbrechen
2382 3367 2660 3466 examiniert
