4032 3024
307 611 356 671 6
419 456 1507 652 Cls nunn auff hent vndts stchendem Ratt gelze¬
461 584 1505 716 gene verloffenheit mit gedentem zimmermann
474 667 1503 800 vor Meyhe r 20 3z zwar ohne einich ander ver-
464 741 1509 859 fuhrtes Ceremoniale gelanget; Habend hoch¬
461 803 1498 953 gedacht ihr ge ihre sub 2 decembris 1232
452 886 1492 1020 obstehender maßen ergangene urteill gna¬
467 970 1485 1106 digest abgeenderet dahin. daß er für
463 1059 1507 1183 die Übrige Zeit seines Lebens allhier in das
442 1141 1501 1272 Schellenwerck angeschmiedet und allda wacker
461 1226 1514 1319 zur arbeit angehalten werden solle. mit dere
773 1292 1507 1345 anhang und ernstgeminten begrüeg
457 1294 1522 1435 außgeruckten eeeioetiere oeed e
462 1380 1514 1489 Wann er sich erprechen und auch den Reißaus
954 1445 1177 1514 t
458 1483 1534 1582 nemmen thate, daß ersohne anders auff betretten
447 1529 1486 1664 ohnfählbahrlich vonn Leben zum Todt hinge¬
448 1620 1515 1733 erichtet werden solle. Actum coram 200
454 1693 1394 1835 Donstags de a6. decembris a734
441 1830 1477 1950 zedul an herren großweybel und herren
454 1919 855 2030 Griclt Schreibern
455 1996 1498 2134 Es ist vor mughe r n B heüt morgens
460 2097 1512 2216 die frag vorgekommen, ob nicht deroselben das
446 2174 1515 2297 21. dembris 1732 wieder (hrißen zimmermann
434 2250 1482 2385 von Konolfingen ergangene Urteill krafft
445 2334 1451 2456 Welcheren er damahls auff Lebenslang nach
738 2397 1526 2538 auff die haleren hingebracht und
463 2477 1529 2666 angeschmiedet worden, derselben aber vor etwas
430 2578 1491 2720 Zeits loos gerahten, frischer dingen an Ihme
445 2650 1534 2801 exequiert und er nochmahlen zu wohl verdienter
432 2727 1507 2874 straaff alldorthin geführt werden solle. Wor
446 2826 1501 2970 über hochgedacht ihr gul sich zu Vernerer
445 2862 1515 3041 gnad geegiget und dero vormahlige Urteill
451 2948 1514 3114 dahin abenderen wollen und erkennt, daß
440 3028 1482 3185 dieser zimermann für die noch Übrige Zeit
454 3107 1527 3255 seines lebens allhier in das schellenwerck
445 3186 1539 3363 angeschmiedet und allda wacker zur arbeit an
1316 3288 1508 3402 gehalten.
2561 474 2666 522 143
2435 506 2666 590 außgetrebten
1650 505 2672 661 angehalten werden solle, mit dem eehalichen
1653 590 2205 667 gebzang uns rn stagmeinter heif ür
1641 604 2691 734 Comoraiien und eriesherpfanen, wan er sich er
1636 680 2661 786 frechen und auch den Reiß aus nemen thäte,
1816 740 2092 811 austeeg
1636 755 2697 887 daß er fernerer begnädigung mit nichten ge
1636 830 2663 945 warten, sonder ohne anders von dem leben
1630 903 2693 1029 zum todt hingerichtet werden solle. deßen
1615 971 2712 1130 ihr herr Großweybel und Herr grichtschreie
1651 1035 2701 1191 ber dahin verständiget und früntlich ange
1642 1141 2706 1273 sonnen werdet, diesere hochoberkeitliche ur
1648 1232 2700 1380 veill ihme zimmermann zu eroffnen und zu
1648 1309 2697 1446 dem end ihne muchwohen dem schëllenhauß
1583 1394 2658 1562 Inspectoren Übergeben zelaßen, Wie
1636 1494 2654 1644 zuthun ihr besens wüßen werdet.
1617 1640 2634 1821 zedul an muchhe Banl Herren müller
1623 1788 2693 1950 Es habend meyhe und Oberen r 2 b in
1639 1896 2672 2033 gnädiger abenderung deroselben sub 2t
1629 1974 2720 2104 Decembris 1732 über chniotian zimmerman
1639 2046 2699 2189 von Konolfingen außgefellter Urteill Er¬
1635 2129 2714 2263 kennt, daß selbiger anstatt der erfeichenden
1635 2219 2712 2344 Galeren Straaff für die noch übrige zeit seines
1637 2303 2714 2417 Lebens allhiee in das Schellenwerk angeschme¬
1649 2377 2672 2483 det und allda wacker zur arbeit angehalten
2156 2449 2679 2522 außgetripfeter Aelgang und Ernstge
1636 2476 2706 2586 werden solle, mit dem Enenseehen cermcancenemn
1663 2540 1881 2592 stey beyküeget
1646 2532 2682 2674 wad einenhuergefuueg, wann er sich erfrechen
1646 2642 2698 2736 und auch den reißaus nemmen thate, daß
1678 2698 1896 2766 auff betretten,
1632 2717 2726 2830 Er fernerer begnädigung mit nichten gewar¬
1634 2805 2677 2896 sten, sonder ohne anders von dem Leben
1618 2873 2689 2992 zum todt hingerichtet werden solle. Deßen
1615 2959 2712 3083 Ihr Mein hochgeEhrter herr benachrichti
1627 3043 2658 3177 getwerdet, mit früntlichem Gesinnen, die
1614 3124 2726 3236 gebührende anstallt zu verfüegen, daß diese
1609 3201 2671 3328 Keel auff zubringen in das Schellenwerk
2427 3337 2696 3433 angenomen
