4032 3024
623 488 1304 670 Summarischer Außzug.
515 624 1527 759 Auß denen mit Rosina Gratz herre prode
525 695 1504 845 von Rütte sel von Grientz wittib gehalten
512 774 1113 925 kenen acht examinibus.
479 897 1486 1053 Nach demmen muchh Venner von Wehrt
508 990 1491 1110 als amts stadthalter hinderbracht woren
503 1078 1466 1191 den, wie daß in mr Pincentz ros
510 1140 1464 1262 deß Posmusten Hanß Mittwochens den
512 1216 1468 1328 20. Septembris 1730 ein Weinbarm
495 1267 1479 1402 gekochet worden, wovon zwey von des
514 1347 1479 1462 Aber reuter Risen kinder gegeßen und
492 1419 1483 1544 deß Posmnsten Dienst Magd Marey Mu¬
487 1496 1469 1625 geli von Bampelen das pfänneli ge
502 1594 1490 1688 schlacket, auch an dem einten diser kinderen
506 1644 1454 1766 und der magd solche kinnzeichen der ber-
494 1717 1442 1818 giffung erwahret worden, so daß das
491 1783 1440 1905 jungere kind Johanneli genannt Von
492 1859 1465 1978 funff Jahren alters frytag Abends den
493 1929 1408 2041 22. dito septembris zwüschen s und
486 1996 1468 2117 9. Uhren verstorben und die Rosina Grätz
504 2080 1464 2181 nicht ohnbillich den verdacht auf sich ge-
497 2141 1451 2254 zogen, sinermahlen sie bey dem kochen
496 2209 1442 2313 disers weiwarins gewesen, dero wegen
477 2278 1463 2384 sie auß msheren amtsstadthalters befelch
490 2338 1468 2446 samstags den 23. dito in die obere ge
496 2398 1459 2521 fangenschafft geführt und auß Mryhsde
493 2465 1478 2592 rahten befelch durch muhhre saltzdirectonen
491 2518 1447 2650 Billier als hierzu verordneten hherren
477 2597 1468 2720 eocaminatoren und ihr gnaden deüwre
495 2670 1469 2782 Mulohrn Großweibel kupfer und dem
497 2740 1475 2868 Brichtschreiberen Tuschiffeli zu 8 uun
491 2805 1467 2941 derschiedenlichen mahlen als gemelten
491 2875 1487 3024 23 und 29. septembris den 16. novem
479 2940 1440 3086 bris 7. et 19. Decembius 1230. Cr
490 3018 1482 3173 auch 10 ad 19 und 24 sen Januarii
495 3102 1463 3233 1731 guetlich und ernstlortig, mit
469 3183 1419 3323 zeg, auch zweymahl mit anbendung
495 3254 1450 3394 der lähren Marter und einmahl mit
1161 3373 1463 3474 anhanckung etc.
1647 638 1719 777 1.
2803 319 2885 401 47
1759 385 2917 573 anhanckung deß 25lb steins examinirt
1764 467 2925 627 worden, da dann folgendes herauß kommen.
1759 641 2893 780 gestunde sie in dem ersten examine de
1764 706 2827 840 dato 23. septembris wie daß sie der alter
1765 774 2917 899 fr ris und tochter, da sie zu ihramn ihrer
1761 853 2899 967 sante matten kommen, erzellet, daße
1772 930 2905 1051 melt ihrer sante Magd Marey Kläu ihro
1765 977 2818 1150 ohnlaußend ihren dreyen kinderen ein
1779 1086 2905 1182 weinwarm gekochet, welches sie 5 biß6
1771 1147 2875 1270 stund h h erbrechen gemacht, worauff
1758 1221 2886 1358 sie nach etlichen tagen gesund worden, abe
1756 1298 2889 1421 sie aber disere magd darüber zu redge-
1759 1379 2857 1505 soßen, habe sie nichts darein gethan
1755 1449 2833 1562 zu haben gestehen wollen, sonderen der
1757 1524 2896 1660 frisch gefägten eisenpfannen zugeschriben
1747 1605 2850 1705 habe aber auf disere Magd, die sie uid
1750 1669 2812 1793 ihre kinder gehaßet, ihnen laüßte
1757 1757 2825 1868 zahl gegeben, auch das verstorbene
1741 1821 2891 1951 kinder geschlagen, einen starcken verdacht
1744 1900 2857 2004 gefaßet, derohalben sie Gratz die
1744 1967 2887 2088 risin ersucht, mit einanderen einwein
1747 2039 2885 2155 barm zumachen; Mittwochenden
1744 2109 2875 2250 20. septembris seye sie zu ihra Risin hingen
1740 2184 2884 2317 gangen, welche sie del gefragt, wolle
1753 2255 2832 2396 war jetz das weinlaarin machen, allei
1746 2364 2859 2465 ich wolte lieber warten, biß daß meine
1739 2408 2895 2557 tochter daheim ware, sagte aber darauf
1738 2487 2841 2602 wir wollen doch eins machen, name zu
1738 2551 2863 2701 dem end ein schweitze pfänrerli sworm
1727 2623 2848 2782 sie del: mit Einem Kelli anstatt Eines
1718 2700 2877 2878 Harnischblätzes gekraget thate Bachanken
1741 2765 2863 2955 dryn, wie auch ein kelli voll mehl, so
1750 2848 2865 3014 sie geröstet, wie ein Baurendembarm
1718 2940 2853 3094 hernach daßelbe auf ein täller abgen
1713 2984 2818 3167 schuttet und in den schafft gethan, sie
1726 3073 2807 3251 Del aber ihrem kind caton befohlen
1708 3157 2831 3333 den vom mee trunken in ihrem hauß
1724 3215 2777 3387 übergeblibenen und Naß gewordenen
1701 3286 2821 3490 Zicker auß ihrem Losament zuhohlen
2620 3459 2808 3552 Sie et.
