4032 3024
762 88 878 211 17.
746 735 860 877 195
929 15 1880 200 Von dem Walliß bad habe er sich überd
911 123 1866 280 Sitlen und St Moriz Loidereng in das
865 195 1824 348 ern gebiet begeben und hierauf zu
887 297 1880 431 Bumpliz 2 stieren nachtseinzig aus
902 383 1892 512 einem stall genommen, selbige aber
893 464 1875 574 Bald hernach außenhar Koppelen im
886 522 1879 663 holzlaufen la�en, beileser bey der fine
904 598 1719 743 seren nacht keinen wey gelußt.
894 717 1863 890 und zu letst an dem anderen tag hernach
880 806 1856 946 habe er sich nacher Brünen in die scheür
884 885 1849 1011 auf die buhlin begeben und bis am abend
871 957 1856 1093 etlian und 9 uhr dorten auf und verd
867 1030 1857 1168 borgen gehalten, da er dan hinunder in dem
856 1088 1848 1266 Stall, so nicht beschloßen waren gegangen
860 1164 1836 1325 heür geschlagen und das angang zwey
864 1241 1838 1412 gleiche pferdt geborsten, selbige bis um
850 1295 1824 1466 12 uhren bohl gefuderet, worußen auf
858 1382 1849 1514 der bsehi eine burden srohgestienkt
855 1446 1814 1592 die gber roß an Einandern gebunden
868 1516 1822 1647 und solche hinaus fort und über das
846 1608 1817 1744 Fryburg gebiet nach sitten in Wollis
856 1662 1839 1837 geführt, allbo man ihme aber selbige
859 1748 1813 1909 mir arreot belegt, darauf hin er sich aus
861 1809 1340 1952 dem Staub gemacht.
817 1879 1748 2040 Diß ist also das jenigen bas gedruker
843 1976 1806 2128 delinquent kosfer in denen mit ihme
848 2060 1831 2208 ohne anberudung der Marter verrichtete
853 2130 1778 2289 sraminibus bekent und verjöhrt hat
854 2186 1339 2305 Actum ut Supsa
2409 0 2787 133 ealement
2162 101 3252 295 Die Bbul, Vrlichlen an der Kreihz gaßen
2539 249 2749 389 Ansthand
2134 349 3177 493 . Wie der zug magl zund ob beschehen solle.
2121 433 3234 585 2. Wie die schranwen daselbsten conotruiert und
2121 530 3124 666 3. Wir die urteill Promulgiert werden soll.
2134 638 3135 806 zdat ein herrn Geitscheiben Eschikeli.
2094 788 3230 975 Auß findag werdet ihr herr grichtschreiber ersehen
2117 923 3202 1047 auf, welchem fuß meghl und oberern raht und
2109 1003 3193 1123 bürgert von nun an und inskünfftige gehebt und
2106 1079 3185 1195 brkennt. Deß am montag, wann die bluts
2101 1171 3206 1303 Urteill vor rughen) und oberen abgefaßßet wird
2110 1265 3192 1387 die procedus amb bißhero nrblichem fuß von Eich
2105 1341 3169 1470 herren grichtschreiber auß dem Größeren thuen
2104 1417 3178 1529 buch abgelesen, denne wann die urteil zum tad
2091 1512 3148 1648 ghet, in wat frrm gelornderst an der treütz gaß
2104 1591 3169 1726 die todts Uteill von dem rchter stuhl promugiert
2090 1667 3133 1801 und afentlich abgelesen werden sollen. Welch
2094 1745 3132 1885 eint und anders jhr ge auch hemit nachricht,
2079 1827 3144 1970 lich zusenden und unbey befehlen wollen, diesem
2093 1909 3127 2047 nach euch fürd dißmahl und ins künfftig zu richten
2084 1984 3122 2122 Beider aber zu künfftiger nalricht seines orts ein
2077 2063 3087 2211 schreiben zelaßen. Act Coram 200 de 2t.
2062 2129 2424 2266 Eaprilio 1730.
2597 2182 3024 2340 atzli dero.
2300 2407 2670 2579 Rrglennt
2021 2554 3090 2692 Snach Megl zund Oberen Raht und Bur,
2052 2629 3083 2769 geren widerm m mmartii Lelstlin erkennt, daß
2038 2702 3096 2848 wann es in hestiger hauptstatt umb die promulga
2047 2791 3092 2917 tion und caeuution der hoch oberkeitlich ergangenen
2728 2877 2867 2989 But,
