4032 3024
534 434 1571 635 huch schlchen heren Rachtshuerdinnge
548 539 1535 732 hierzu verwroneten ihen caammatoren, wie
540 652 1541 821 anc minbhe) Groß weysel Lupfer und
550 756 1553 904 Grichschriben Tschilkeli zu Verschindmen nach
528 851 1531 979 len den 9. n und 20 martii auch den
542 941 1537 1088 D 1 apribio diß 1734 jahrs guntlich und
532 1027 1520 1171 ernstwortig jedoch ohne angetarndte warter
550 1136 1526 1246 encaminieret worden. Welche so wol nüt
534 1198 1506 1363 Ihme sehrwand als der Catherins Stampfli
552 1316 1526 1445 über antogene Übeltaht verrichstete Eaamina
539 1398 1524 1545 und erfolgte verguften nachbschriebenen wört
534 1489 1026 1628 lichen imhalls sind
775 1606 1494 1759 d: Caamen Dedato 9. Martii 1731
731 1696 1379 1856 mit Samndl Kehrwans
521 1805 1510 1996 Befragt: Ob er seine elteren nach habe. We
535 1950 1003 2076 selbige geloesen seyen
498 2022 1508 2185 . Diesegen schon Langseren gestorben, sein
523 2115 1517 2252 vatter ware 6feter zehrtand der huß schmil
532 2209 1476 2334 von Barberg seine muter ware herren schaffner
519 2284 1290 2421 Stottlaat deß erlaggers sel rachter
492 2401 1382 2529 e. Waß erd furd eine begangenschafft habe.
512 2482 1527 2635 et. Er habe bey Heinrich Hnß Weyser zu Ushalteren
526 2565 1476 2691 das strumpfr Lißmer handtwert erkhriet,
519 2645 1485 2810 und seit des zeit zug und hart auff dem heindt
1023 2709 1490 2846 Als bey Christen Soht
513 2768 882 2857 werden gearbeitet
525 2805 1512 2948 im Ollsti bey Heinrich Kusermann zn Knept
506 2847 1507 3029 bey Niclaus vogt zu Bichegg, bich Undrat Schreyer
518 2979 1454 3131 zu batterkinden. Vor einem jahr n
520 3046 1507 3215 werzeng sege er als knacht zu Hanns Hernstand
515 3134 1494 3279 zu Kopfingen in diensn lomen m Wichen vor
504 3214 1480 3363 Wescheichtl Lehthin dann zu Bendicht Stämpli
513 3317 708 3415 alldan.
1240 3327 1329 3450 E.
2724 491 2810 574 79.
1810 543 2613 670 . Wie er sich daselbsten verhalten habe.
1826 630 2785 772 g. Er sage kinchtsinung gelaesen, habe sich gegen
1822 717 2799 833 gott verstundiget, mit von des stampflit ehe,
1821 785 2789 911 weib verführen laßen und gar offt reibs
1821 872 2527 1009 gemeinschafft mit ihra getriben.
2091 966 2382 1079 i
1807 1008 2775 1183 2. ob das weib ihme nicht einiches gelt gegeben
1834 1129 1953 1234 hube.
1802 1180 2796 1344 N. ja sies habe ihme 6 ppentersolb in geltund
1824 1269 2820 1410 7. Ell Wilchen zu einem lottel ( so auch verbrunnen
1818 1351 2776 1518 gegeben, auch ein paar hosen machen laßßen.
2046 1463 2800 1605 2 Caumen Go 12. Marti 1731
2143 1562 2611 1691 mlit samn lehebandt
1786 1665 2784 1823 e. Er habe bekennt mit dem weib ehebruch be-
1810 1778 2166 1902 ggangen zu haben.
1794 1839 2762 1991 N. ja, es seye wahr, welches dann ihme
1802 1936 2041 2061 Leyd seye
1776 2012 2796 2153 e: ob fr nicht auch mit ihrer tochster Libs ge¬
1803 2108 2185 2227 eineinschafft gehabt.
1774 2180 2781 2312 e. er habe zoer im herbst zur zeit, da mann
1783 2274 2769 2370 S. W. banto Außfuhrete, Sie aimahl gebiltet
1811 2350 2776 2472 demach aber nichts unzuchtiges mit ihra getrieben
1807 2427 2741 2551 sonder seige mit gulen ehren bey shrer gewrsen
2114 2509 2188 2637 de
2078 2590 2394 2699 5 Caamen
2033 2675 2560 2815 vlit Sammel Tehrwandt.
1702 2792 2772 2966 Wiß inglachte bunhrichtigung den herren
1810 2909 2775 3013 amtsmann zu Frienisberg, wie daß Catharinad
1817 2969 2798 3108 Stämpfli von Kopfingen der allhierd undh verhaffteten
1794 3042 2783 3168 Elshath Mloser libliche tochter, beider dem herren
1806 3125 2775 3260 Sredikanten zu Sedorgk s der selbige deßporgen
1800 3184 2758 3329 zu Aldgestoßßen) und auch nachterts vord dero
2465 3285 2682 3393 ehrbarkeit
