4032 3024
2604 503 2696 583 147
2332 498 2431 622 Na
2446 563 2727 680 Drey blattr
1868 595 2723 750 gts Cxamen hierenzusa
1617 714 2693 884 Mil Dogann Jacob Bunier von ctlag
1879 835 2365 961 33 jahren alters.
1600 1006 2703 1196 Ded d novembrio 1732 habend meichen ven
1636 1121 2730 1265 Großwerbel und Grichtschreiber sich in die Obe-
1642 1215 2668 1347 ire Gefangenschafft begeben und den Johann
1602 1306 2737 1436 Jacob Bunier den Sohn über sein Schandtliches
1638 1393 2646 1494 verfahren volgender gestalten excaminiert.
1639 1471 2615 1620 befragt: War für eine Profession er habe.
1633 1566 2308 1705 Antwort: Er seye ein Copiot
1609 1677 2735 1797 . Wann und wie manchmahl er von seinem vatter
1642 1762 2077 1878 hinweg kommen seye.
1629 1853 2743 1951 R: A. 17 17. Seye Er das erste mahl von seinem Vatter
1623 1931 2702 2051 hinwegan in franzosische dienste under hern haubt-
1624 2004 2730 2121 mann dictor von erlachs compagnen hinkommen, habe
1636 2078 2741 2195 all da 3 jahr gedient und seinen abscheyd erhalten
1637 2135 2762 2256 und allhar nachdern sich begeben: A 1726 habe
1624 2218 2745 2348 Er wiedrumb Franzosische dienste angenommen under
1633 2288 2749 2425 Junker haubtmann May vom Leübenberg und nach
1630 2358 2713 2486 einem halben Jahr den Reiß außgenomen, weilen
1605 2427 2719 2564 herrn mlajor Bogdan ihne ungnetlich tractiert und
1622 2503 2714 2615 ihme ein hassedroit zu einer under officier stell
1636 2589 2726 2710 verursachet, Deßentwegen er allhier in fridongen
1640 2662 2740 2790 rahten und obligiert worden den haubtmann umb
1622 2744 2438 2866 seine dißortige anspraach zu bezahlen
1612 2826 2717 2967 Nachwerts habe er sich mit Elisabetha von Werth deß
1612 2907 2707 3033 mstr Niclans Bachmanns Thorwachters sel wittib
1629 2982 1901 3077 gehenrahtet.
1599 3057 2738 3170 e. auff was weise er mit diesem seinem eheweib gelebt
1621 3124 2706 3240 ob erselbige und ihre einfaltige tochter ungnetlich
1621 3192 2008 3302 Mi�handlet habe
2343 3314 2671 3448 R: die Ehefrl:
