4032 3024
460 414 1533 654 gedachte zwey weiber auff zuführung in die spi
448 533 1513 711 stuben auffnemmen und zu exiecution ihr dhne
436 599 1500 758 sentenz den nöhtigen befehl ergehen zu laßen.
662 873 1534 1073 Abriel Briunis
483 1165 1441 1385 Auffgenomene Insorma,
851 1315 1080 1423 tion.
419 1392 1482 1596 deß verstorbenen Morice Bishiong
421 1492 1113 1638 seinem Savopischen Keßler
398 1634 1488 1831 Sactz demme ihr gnaden hinterbracht worden.
349 1764 1516 1903 wie daß zinnstags den 23 t septembris 1732
417 1854 1480 1979 abends bey bereits lang eingefallener nacht
423 1912 1485 2060 zwnischen Gabriel Graner und diesem moriei
407 2013 1500 2141 Giochong in sein grünners behanßung bym holzene
412 2089 1500 2218 Carudel drunden zu Marzihli eine streittigkeit
430 2164 1489 2267 entstanden und der keßler vermuhtlich von einem
1173 2252 1206 2305 A
420 2245 1504 2375 meßer gefährlich verwundt worden. habend aus
400 2319 1500 2456 hochgedacht ihr gnl befelch dero dienere muldhen
420 2403 1488 2558 Großweybel Kupffer und grichtschreiber freüe
408 2502 1500 2641 Denrych dieser unglükhaftigen hergangenheit haln
402 2597 1483 2731 ber von nach vernamseten persohnen information
926 2679 1225 2773 Wie volget.
412 2717 754 2788 auffgenomen.
374 2734 1401 2869 4. Welcher hernach den 30 n dito mlorgens frühe verstorben
362 2818 1493 2950 Anna Kleiner von Falischwyl ambts Lentsa
407 2908 1483 3039 Magd bey Gabriel Gruner von etwan 30 jahren
398 3019 809 3135 alters, zeüget.
384 3098 1453 3247 Am abend zwüschen tag und liecht, da weder sein
390 3165 1480 3318 Meyster noch Fraul anheimisch, seyen die 3 nachse
397 3267 1443 3394 namsete Keßlere, ihres bedunckens in etwas
387 3344 1462 3482 bereütht zum hauß kommen, forderten wein, denen
1301 3454 1379 3531 Sie
2680 503 2758 554 21
1997 460 2723 601 Babriel Ariner
1678 538 2719 697 Sie aber sagte, sie habe keinen wein Bald darauf
1669 628 2768 765 seye die mstr fraul heimkommen, welche ihnen auff aber
1701 725 2732 846 mahliges seinheüschen auch sagte, sie habe keinen
1699 802 2753 933 sein. endtlich auff dero anhalten habe sie gezeügin
1705 887 2719 1006 wein in der statt holen müßen und ihnen darvon
1689 969 2738 1089 d. maas samt einer suppen vorgestellt, sie for
1690 1051 2743 1168 ederten käs darzu. Weilen aber keiner verhanden.
1691 1130 2734 1245 habe die fraulo ihnen ihr nachteßen, bestehend in
1695 1213 2767 1338 einem stuck Fleisch, angebotten, so die Keßler ange-
1691 1303 2740 1435 nommen Kurtz darauff seye ihr mstu der grnner
1684 1399 2738 1513 auch zu hauß angelangt, demme mann ein vierteli
1691 1488 2755 1589 Wein darreihen müßen, sie waren alle guten michts
1694 1577 2761 1689 der Gruner habe das Wpaldtschorn geblasen, die andern
1702 1645 2762 1783 iren aber habind gesungen. Endtlich habe diefraul
1706 1727 2773 1850 ihren mann ins bett zugehen angemahnt, der seine
1687 1819 2734 1939 Bleyder auch außgezogen, eher bevor er aber
1689 1905 2766 2028 zu bett gangen, habe er scheinbahr in schimpfsbeise
1703 1994 2723 2111 dem 1. Morice Biochong, seinen stoß gegeben,
1686 2061 2732 2188 davon ihme der huttentfallen, Worauff hin
1701 2157 2753 2270 der Grüner sich zu bottgelegt und still gehalten:
1686 2238 2719 2350 Mitlerwyl habe der histrona mit seinem mstr
1677 2321 2701 2431 gezancket, so daß der ms ihne underanderem
1689 2398 2726 2509 galgen vogel geheyßen, der knecht dan den ms
1694 2463 2715 2604 auch widrumb allso tituliert: Bey diesem ge¬
1675 2566 2738 2668 zanck seye der Gruner im Hembd aus dem bott
1693 2620 2738 2745 auffgestanden, vermahnte sie die Keßlere aller¬
1678 2708 2751 2840 seits sich weg zu begeben, Worüber der Hiochong
1678 2800 2735 2917 mit dem Grüner auch gezanckt, sagend, er habe Ihne
1683 2864 2741 2982 angegriffen, wie nit ein ehrlicher mann. Worauff
1679 2955 2756 3067 der Gruner den diohong zur jühr hinaus stellen
1684 3031 2728 3145 wollen, seye aber selbsten und zwar zum anderen
1690 3126 2745 3231 mahl zu Boden gefallt worden. endtlich seye der
1662 3173 2717 3300 Biohongs zur stuben hinauß gangen, demme der
1663 3247 2744 3374 Grümer gefolget und nach ihme der andere knecht
1684 3318 2694 3440 der rohte Keßler, sie die Magd samt dem alten
2479 3424 2663 3545 Keßler
