4032 3024
372 425 1542 686 2. DBorffwann 6 Jahren habe er zu Kollen mit dise
447 574 1530 757 seinem Eheweib Namens Dorothea Elisabetha Um
672 651 769 720 ills
458 649 1527 824 friedin einem Pfalzischen Soldaten kindt bekannt,
457 754 1545 928 gschafft gemacht und sich allda selbsten in der St Johann
445 817 1513 977 kirchen copulieren laßen, seithero aber seyen s
464 912 1509 1067 mit einanderen in der Pfalz in wurtzburg, bam
455 988 1520 1142 berg Straßburg Carls Ruhe etc. herumb und
450 1049 1517 1242 lediglich dem botteln nachgezogen, dann er eygent
450 1132 1028 1265 lich keine Profession habe
343 1300 1491 1458 3. Lannethin ward er bekanntlich, daß die von seiten
348 1380 1517 1552 deßhirschen wihrts zu baaden allhier eingelangte
435 1492 1516 1632 brieffschafften und braud, sollect, Patenten samt demn
442 1553 1480 1722 dreyen stempplen und etwelchen abtrucken ihme
249 1622 440 1757 mit verhafen
454 1649 1487 1799 und seinem Camerad Frantz Stockhammer zugehörig,
252 1721 315 1800 15e
434 1718 990 1847 faltsch und ertichtet seyen.
317 1869 389 2021 4.
436 1848 1504 2050 daß Er zwar deß Schreibens unkundig seye, dennoch
435 1987 1500 2133 aber habe er seinen faltschen abscheyd durch den gedachten
408 2058 1477 2191 Frantz Stockhammer schreiben und solchen mit einem
435 2151 1476 2297 verhandenen siegel faltschlich betrucken laßen, Inn
406 2212 1492 2349 haltend, ob ware er 40 jahr lang als kammer, diener
418 2312 1479 2439 in deß graffen von Bielland ohnweit niemloegen
418 2386 1499 2530 diensten gestanden, welches alles unwahrhafft seye.
289 2549 371 2654 5.
408 2523 1486 2674 So habe auch mit seinem wüßen und willen gedeüt
401 2628 1487 2749 sein Camerad zu Baaden eine faltsche ollect, satent samt
428 2717 1465 2829 dem certificat in ein steülor buch geschrieben und
404 2787 1438 2918 abermahl mit einem faltschen siegel betruckt
400 2871 1476 2992 welche brieffen Er Wilhelm zu seinen handen genome
416 2944 1489 3073 darmit monntags vor Jacobi jungsthin sich vormeghe
412 3020 1456 3136 die Rähte allhier gestellt und uider dem Namen
379 3080 1459 3197 Friederich Wylers eines depoutierten von altfirchen
418 3147 1476 3292 eine brandsteulor von 25 tha n erhalten und sonsten
411 3232 1446 3359 daherumb an etwelchen orten steüler eingebättelt,
1243 3339 1432 3477 fältschlich
1566 1995 1679 2170 s
2648 354 2734 460 107
1633 465 2722 646 vrselich vorgebend es waren zu altkirch etlich und
1645 553 2743 747 Rörtig sanser samt einer desomnweten kichen inge.
1643 673 2006 821 gesert worden.
1583 817 2736 958 H Beynebens seye ihme gleichfahls vorher und nachberts
1635 914 2706 1041 bekannt gewesen, daß ermellt sein Camerad der
1629 981 2748 1134 franten einen anderen brand, steulrbrieff und darzu
1642 1061 2716 1200 gchoriges buch fältschlich außgefertiget und mit auff
1648 1150 2718 1284 getrucktem faltschen sigill versehen sich acht tag lang
1645 1241 2734 1357 Mastz Jacobi tag auch vor Mual den rähten all
1645 1309 2700 1433 ihier præsentiert und eine brandsteülor von 25 th.
1639 1388 2719 1497 bekommen habe. Seine brieffschafften habe er aus beysorg
1645 1479 2710 1616 drunten zu Solotuhrin bey dem Lauwen tags vor seinem
1647 1574 2718 1685 verhafft samt dem resten gelt auff dem Esterich seines
1651 1646 2685 1758 Cameraden dann(der ihme selbe den augenblick
1655 1732 2720 1849 vor dem arrest zugestellt auch an gleiches ort ver
1644 1805 2747 1946 stecket. N. Hat sich aber seithero bey gehaltener nach
1643 1906 2695 2008 suchung nichts befunden. Weler sach auch alles de
1642 2006 2739 2188 leztlichen ist dieser kerl) welcher für den bey der diebe
1635 2120 2693 2264 Bande zu Seengen sich einbefundenen gerber Fhrantz
1641 2198 2725 2345 vermuhtet worden) zwar bekanntlich gewesen, daß er
1642 2293 2719 2402 A 1728. zur zeit auch vorhero und nachwerts als
1644 2355 2741 2481 der raub zu Seengen beschehen, in baaden sich auffgehalten
1629 2429 2734 2563 habe; Wollte jedennoch eben so wenig als sein Camerad
1643 2507 2722 2623 und die witgefangene weibs-mentschen keines wegs
1633 2579 2720 2711 gestehen ohngeacht vielfaltiger ernsthafften exhortation
1637 2672 2750 2793 men und vorstellungen, ja an ihne angewendter folter
1647 2736 2686 2869 daß Er auch Einer von gedeuter Räubern Rott seye.
1598 2826 2710 2957 Verneite auch daß die zwey auff seinem Sucken eines
1640 2922 2714 3032 an dem Lincken schulter, blatt und das andere zwischen
1650 2996 2737 3116 beyden achselm sich befindende mahlzeichen von Brandmarken
1631 3079 2741 3188 herkomme, sonder beharrete solche und andere zeichen seyen
1641 3130 2727 3262 ihme von blesonren, die er im streitt mit boottsknechten
1641 3207 2209 3350 empfangen übrig geblieben
2388 3364 2701 3473 den 22. und 23.
2729 1951 2775 2041 1
