4032 3024
662 406 1387 582 Criminat Wrlsill
532 535 1541 783 Wi Hanns Burg Schmid
788 688 1397 853 gnamt Schwartz s.
451 904 1498 1096 2 3k Sohalsthiß lin
525 1044 1531 1167 uns Groß3 Rähsr der statt Born Artun
520 1099 1514 1275 send hirmit. Dinnirarl dieser gegenwurtig
526 1175 1528 1369 vor Recht sich befindende Hanns Gewgshuirs
530 1272 1515 1420 Augmannt Schwartz beit und Stierlin im sol
514 1342 1489 1499 ater und von ohngefehr 29 jahren alters
520 1439 1506 1582 seit geraumer dait sich vieberhand boser tahten
517 1527 1490 1639 sonderzeitlich aber dem Laster deß raubens
518 1611 1483 1741 und Ställins ergeben und dardurch unser
520 1674 1508 1812 und benachbarte land in vollige unstichrhet
916 1786 1496 1921 inmaßen wird zu hand,
510 1777 734 1903 gesezet.
507 1859 1494 2019 habung gemeiner sicherheit beided in unseren
502 1947 1494 2100 statt und kanden, auch in Bmnachbarten jano
489 2035 1498 2162 dictionen  unß benmeßiget gesehen bereite
513 2112 1462 2237 vor paar jahren diesem böß wicht aller
498 2176 1472 2338 orten zu beschreiben und eine gelts summa
504 2261 1512 2424 von 56 th auff ihne zu bicken, dadam
492 2359 1520 2528 er endtlich in dem gebirt Leben statt wen
512 2443 1490 2603 ergribden, gefängl ich angehalten und nach
486 2543 1508 2701 waerts auck unser begehren von daßigen loben
485 2628 1488 2772 magistrat an unß außgelieferet und von
495 2700 1491 2856 dorten auß gewahrsamlich in allin sagen vor
1124 2795 1485 2906 Allas dieser
468 2834 1123 2952 hafft gebracht worden.
475 2872 1488 3050 Hannd Geörg Schmied in danen mit ihme ver
468 2954 1473 3100 erichteten eocaminitzus beided in der guete
489 3058 1485 3205 und durch angebandte Colter überd seine große
474 3111 1471 3284 Misetahlen nachvolgende bekannt nuß gstahn
472 3246 581 3379 hat.
1071 3259 1344 3395 Namblichen
1668 2952 1779 3097 bind
1538 3234 1746 3374 hehn
2801 258 2910 352 13
1765 386 2899 596 Nambliche, daß er seit ewann drey jahren
1790 475 2901 675 daher durch bose gesellschafft zu allerhand diebs
1767 553 2921 799 stucken sich verleiben laßen und also erstenmahls
1799 636 2916 868 vor ohngefehr dey jahrnn mit halßen secht an
1765 707 2926 934 Berer diebe gepfahnen ( deren einer nament simon
1774 798 2919 1052 die übrigen kumff dann bereihs hin und lerd hin
1767 877 2875 1108 gerichtet) mit getaehren versehen im hergöüt
1759 977 2914 1223 zu Witterdingen sachts in daselbstigen obervogte
1782 1099 2784 1293 hauß angebrochen und under anderen ein
1786 1156 2864 1369 gantzes llad mit maliv silb ernen knopfern
1777 1241 2889 1462 gurniert entwendt habe, alleo der obervogt und
1774 1354 2812 1547 seine hauß genaßen in der stuhr überfallen,
1776 1461 2854 1606 darbey noch übel miß handlet und verbundt
1773 1572 1963 1668 worden.
1784 1630 2899 1805 umb pfinsten a N28. habe er mit noch zwegen
1784 1734 2883 1876 anderen auch wurcklich exeqiierten camer adem
1781 1831 2817 1975 lechst schaaffhausen gleich fahls mit geschroß
1777 1905 2884 2047 vorsehen in einem landhauß einen nächtlichen
1773 1996 2848 2127 sinbruch verbracht und verschiedene pfecten und
1775 2062 2152 2179 Kleider erbeütet.
1778 2167 2901 2355 zu End heit monats gleichen jahrs seyr er delin
1782 2290 2888 2436 quent mit Johannes Schech genant Gggen Janes,
1775 2353 2908 2529 Frnderich Linder gmannt Lux Eerschmidt Friederl
1777 2452 2883 2596 Johanes Reichmann genannt Grindskopff, dem
1767 2543 2842 2711 Bagerlin, dem Phibip stich, gerwer, Frantz
1781 2596 2820 2769 und Gapen kriedel (deren die ersteren drey
1773 2664 2906 2863 allzar, der viele zu Speyschingen bereits abgetahrt
1770 2736 2821 2922 diesere acht Rtäuber auch allesamt bewehret von
1779 2830 2829 3018 banden auß cxpresse amf das spfarrhauß
1786 2908 2887 3135 zu Berigen im ergante looß gegangen und hho
1792 2984 2854 3182 tachts daselbsten inen gewalltähtigen einbauch
1780 3075 2870 3255 getahren, viel gold und silber gelt silber gschien
1786 3150 2871 3345 und andere lasberkeiten und saar er Schwartz,
1759 3216 2883 3412 beit für sein teill bey 900 gulden erzaschet, all
1764 3287 2804 3490 wo nach der  Sfredikant seine ehegemahlin
2514 3458 2725 3566 abe
