4032 3024
341 478 1499 701 kantnuß und Vergieht
366 586 1521 879 Goß CKristian Zimmermann
448 738 1535 987 gebuetig von Konolfingen in der kirchöre mi
755 865 968 1003 singen.
340 965 1528 1281 Sieser Cristian Zimmermann von von
398 1117 1512 1340 25 a 26. Jahren alters ist accidentaliter in
604 1224 664 1286 Al
378 1210 1527 1435 meinung, ob wäre er der beruchtete gauto dieb Jacb
384 1305 1507 1497 Erler etc. zu Basel angehalten in verhafft genommen
383 1415 1519 1590 nachwerts viditiert und als ein gebrandmahlet
385 1482 1517 1666 befundener auch fur eine dieb angesehen, allso über
387 1585 1526 1761 das auff Ihme angetroffene viele gelt scharpff qu¬
946 1699 1034 1739 eine
378 1679 1514 1858 stioniert und auff bekanntnuß hin solches
377 1782 1479 1914 gelt zu Zollickofen entwendt zu haben etc. Von
348 1858 1508 2006 Lob standt Basel an ihr gn zu lieferen ange
371 1925 1489 2087 obotten und auff dero Granzen geführt, allda aus
376 2025 1459 2173 befelch meghe abgeholt und gewahrsammlich in
370 2133 1495 2253 Allhiesige gefangenschafft gebracht, volgends durdhe
345 2209 1501 2345 meinen hochgeehrten herren rahts herr Thormann
352 2288 1479 2418 Als hier zu verordnetem herren oraminatoren
355 2375 1498 2523 mit zutuhn ihr gur dieneren mlhen Großwegen
350 2462 1474 2604 übel küpffers und grichtschreibern freüwden,
335 2544 1473 2698 wychs under zweyen mahlen den 24 tag ocembris
333 2626 1487 2768 6ten novembris 1732 examiniert worden, welcher
335 2702 1492 2882 dann freywillig ohne betreüwung noch anlendung
343 2804 1481 2970 einicher Marter Nachbeschriebene Runde bekant
342 2895 1479 3048 rnuß und vergicht erteillt und von sich gegeben
307 3007 433 3125 hat
234 3127 1472 3290 Als namblichen und erstlich so seye er von seinem
321 3222 1477 3417 noch Lebenden Mittel loosen elteren in ziemblich Man¬
296 3272 1488 3500 gelbahrem zustandt erzogen und zu keiner sonder
1255 3403 1430 3503 16ahren
1589 895 1651 990 2
2727 290 2861 390 135.
1635 421 2839 683 sonderbahren begangenschafft gewirdiet worden,
1650 525 2857 787 außert, daß er von selbsten zu mezgen vorgenomen
1661 711 1889 833 n habe.
1672 755 2831 983 Wegen gedacht seiner elteren unvermüglichkeit habe.
1668 845 2853 1074 er dieselben bereits vor etwann d2 hiemit bey seinen
1663 923 2854 1166 annoch jungen jahren verlaßen und sich etwann drey
1646 1010 2861 1250 biß 4 jahr hinund her bey kuheren dienend aufhalten
1670 1113 2842 1305 müßen. Under anderem seye er unglükhafftiger
1645 1173 2821 1378 weise zu dem Ulli kinder zu genannt Gufer im
1642 1293 2834 1463 Küdtenberg in dienst gerahten und von demselbigen
1649 1378 2767 1558 dum stählen angelocket und verführt worden.
1664 1526 1913 1615 da Namlich
1642 1538 2840 1699 d er für das erste mahl mit dem güfer nächtli
1652 1634 2805 1795 icherweile zu Trachselwald aus dem wihrtshauß
1660 1724 2558 1859 eine bett-decki und ein kußi entwendt.
1649 1811 2852 1959 2 Im Hornbach Graben habe der gufer in seyn zimm,
1657 1913 2849 2059 mermanns beywesen nachts eine bibel genommen, darvon
1619 1997 2740 2140 ihme einen frente sols für sein anteill entrichtet.
1645 2085 2760 2248 d. Zu Jaberg seye der Gufer auch in seinem beysein
1640 2171 2839 2320 nachts in ein hauß hinein gangen all da aber vertriee
1874 2240 1933 2295 n
1647 2243 2450 2367 iben worden, maßer sie nichts bekommen.
1623 2309 2835 2529 4 Zu Underseen habe der gufer tags einem eysen
1629 2416 2816 2623 Brammer drey neüwe axen ab dem standt erwycht,
1645 2471 2803 2704 und gleichselbige ihme zimmermann weg zu tragen
1626 2540 1860 2651 zugestellt
1616 2662 2851 2899 5. Zu gemelltem Underseen habe der güfer in seinem
1635 2734 2815 2987 beywesen bereits eine kalbeten ab der weyd genommen
1617 2786 2581 3025 gehabt, allwo sie aber darob verjagt worden.
1622 2883 2855 3184 6. ohneit Schuppach und Lauppers wyl habe der gufer
1634 2994 2775 3244 in seiner gegenwahet aus einem hauß ein fenster
1619 3032 2792 3327 entwendt und fortgetragen, ihme zimmermann dam
1620 3092 2677 3412 sen ege
1612 3179 2808 3521 z Im Eggiwyl habe er zimmermann einzig eine alte
1600 3279 2801 3606 kleinten und einen weiber-roct tags aus einem hanß
2446 3586 2727 3769 Eckornde
