4032 3024
384 557 1442 698 E. Ob Er diesen greutlichen Dessein Jemanden
397 642 1460 762 anvertrauwt oder grofenbahret oder ob jemand
393 730 1076 835 Ihme darzu behulfflich gewesen
381 787 1462 923 f. Er habe solches niemandem vertrauwt, auch seyge
400 877 1459 990 einicher andere mentsch ihme darzu nicht behulfflich
398 953 593 1047 gewesen
390 1009 1456 1114 2. Auff was manier er diese taht außgenebt habe.
386 1110 1438 1218 N. Er habe einiche tage vorher darzu einen hammer
404 1183 1435 1285 Von denen Eyrolleren gekaufft, und sich deßen so
401 1269 1456 1376 lang bedient, biß daß der hammer entzwey gebrochn
400 1351 1441 1440 schen, da dann seines behalts er erst das meßer
400 1432 1426 1531 ergriffen; dann wie gedacht diese that außzu¬
387 1493 1444 1611 führen ihme im geringsten nicht entsezlich vor
386 1567 1447 1695 kommen vnd nicht mehr Nuhe gemacht alsetrann
394 1645 856 1744 einen vogel zun biesen.
358 1700 1442 1851 2. Wie es deßelbigen tags mit ihme sich verloffen
388 1808 1471 1923 Wie und wo er sich auffgehalten und diese grausamme
385 1896 955 1985 Antaht vorgenomen habe.
375 1961 1457 2062 e. er habe zu hauß zu mittag gespiesen, gegen 3 uhre
391 2069 1462 2151 nach Mittag habe er sich Roht angefleidet, und zu H
382 2125 1461 2227 Haachen in seinen laden begeben, auch allda biß
401 2193 1465 2310 nach 5 uhren sich auffgehalten, da dannen er nacher
368 2290 1449 2385 hauß gangen, sich von fuß auff anderst angekleidet
399 2344 1460 2456 in dem absehen sich desto unkenmbahrer zumachen.
384 2418 1473 2547 Einwenig nach 6 uhren, da es dunkel gnng worden
395 2509 1446 2620 habe er sich graden wegs lediglich mit dem hammer
398 2575 1467 2699 und seinem ordinarie bey sich meiner scheiden
379 2655 1452 2743 getragenen sack-meßer ohne seiten-gelehr etc. das
354 2727 1398 2850 vorhaben außzu neben nach dem hauß begeben
389 2801 1436 2915 allda angeklopfet; Als die Magd die Thur
926 2873 1063 2943 �chter
383 2889 1466 3014 geoffnet, habe er denen jnngerli zeihender nachge-
394 2949 1424 3080 fragt (deren die eite ordinarie das wort
387 3015 1478 3156 führe und die geschaffte besorge) Die Magd heiffte
376 3112 1434 3228 Ihregleich hinauff in gang kommen, meldete ihne
390 3180 1458 3297 bey den tochteren in der stuben an und ließe
369 3267 1484 3404 Ihne allsobald hineintretten; diese bey de Tochten
1216 3404 1439 3521 stuhmen
2603 470 2693 530 20x
1594 520 2658 659 stuhnden beysamen in der großen stuben nechst den
1598 603 2706 744 fensteren bey einem tischlin daruff ein lüchtgestan
1610 675 2679 803 den, er sprach zu der einten, so allwegen das
1615 747 2713 877 wort führt, er hatte ab sonderlich etwas mit ihrazu
1611 809 2704 955 reden, gienge hierauff mit derselben durch die com-
1609 880 2627 989 imunications-tühr in die hindere oder neben
1604 945 2713 1070 Stuben, allwo ein liecht auff einem tischlin stuhnde
1590 1029 2714 1154 stellte ihro einen erdichteten und von ihme selbigen
1598 1109 2707 1228 abends selbst geschriebenen drieff zu als sie
1600 1169 2674 1317 stehend anfienge solchen zu lesen, zoge er dem
1593 1257 2739 1413 hammer aus seinem rock, schluge darmit von hinden
1619 1323 2732 1483 nach dem kopff auff selbige zu und zwar seines
1624 1412 2722 1557 Versinnens etwann drey streich nach einander
1614 1505 2716 1633 darvon sie auf ein kine gesuncken, bey dem
1614 1610 2748 1713 Ersten streich gabe Sie einen Schrey von sich, dahero
1618 1670 2731 1802 die andere schwester so eine schlechte gesicht aus
1633 1754 2751 1880 der vorderen auch nach der hinderen stuben gekommen
1621 1840 2734 1961 und über das loesen gezanieret, da dann er auch
1625 1920 2751 2038 an selbige gerahten und seines vermögens mit
1631 2004 2750 2113 dem hammer auff sie zugeschlagen, darauff die
1617 2071 2711 2183 Magd die neben Stuben, thür gegen dem
1618 2145 2708 2270 gang auffgemacht und den jammer sehend und
1603 2254 2719 2339 hörend erbarmlich geschrauwen, sich gleich zurük
1629 2304 2750 2406 filigest nach der stegen gemacht, dahero Er der sel¬
1619 2373 2744 2480 eben Nachgesprungen, Sie auch so viel müglich ge¬
1627 2451 2719 2586 troffen und zuruck nach der stuben getrieben
1627 2525 2695 2653 aus forcht Ihr geschrey möchts Ihme den fang ver
2363 2605 2678 2674 vor dem Hauß
1630 2620 2722 2706 ursachen. Darauff höete er Leuth dwegen
1622 2686 2736 2800 hierauff kommen, da Ruffe Er Maleficant selbsten
1621 2768 2710 2868 mann solle zu hilffkommen. Wittelst welchem
2287 2842 2362 2895 119
1611 2817 2706 2931 Ruffen Ersich zwishen deneenn hndrfhin¬
1787 2899 2723 2973 ache  sich ai auhaih star
1616 2903 2709 3015 er undzu haheten scheitter
1615 2961 2706 3089 fortmachen können, den stumpen von dem abge¬
1637 3036 2704 3179 brochenen meßer in der hand tragend. Im
1624 3122 2681 3246 rübrigen wüße er nicht zu sagen, ob die einte
1622 3188 2695 3319 Tochter und die Magd auch darinder gefallen,
1642 3271 2704 3391 noch auch wie manchen spreich oder seich er der einten
2495 3418 2587 3469 unn
