5472 7296
936 777 2647 1393 ven den geleiden
902 930 2646 1435 gunsten der seinen
934 1071 2612 1582 vnd der den als ein
917 1214 2634 1749 versten angeschlagen
913 1400 2377 1786 samme gegeben worden.
953 1630 2641 2105 Bund zeüget erstlich deß 169
916 1828 2620 2246 lybten kinds groß Mutter Pr
917 2009 2597 2327 seye ihre höchlich leid, daß ihre
930 2100 2607 2436 tochter den vihlfaltigen trun¬
887 2247 2631 2606 hertzigen vermahnungen, so sy
908 2428 2545 2688 an dieselbige abgehen laßen.
901 2506 2621 2857 anderst nit stat unnd platz geben,
899 2641 2591 2952 dan, daß sy vermitlest der
899 2791 2551 3058 selbigen hindansetzung in so
879 2914 2586 3199 großes unheil gerahten, Inn¬
869 3051 2611 3293 demme sy ihre tochter offt und
855 3171 2630 3444 ihl, so truwlich vermahnt sy solle.
866 3317 2547 3511 doch mit ihrem kind anderst¬
870 3443 2585 3650 unnd so umbgehen und handlen
850 3532 2604 3793 daß sy es vor gott versprechen
865 3688 2641 3856 könne, welches aber ein mechters
2518 3845 2560 3934 .
885 3803 2513 4014 nit gefruchtet, alß daß sy
855 3927 2524 4132 ihren mit ungutem bescheid
887 4057 2535 4230 vber das Maul gefahren. Sy
862 4169 2593 4357 habe großen kummer vnd nem
864 4281 2607 4513 sy wunderwen sy so sehr forchten
868 4376 2566 4591 was sy den lüthen nachfrage und
852 4495 2592 4732 derglychen, allso daß sy vilmalen
846 4629 2526 4819 Das lüthere waßer darüber
848 4728 2561 4952 geweinet unnd sonderlich auch
822 4802 2598 5077 ihre tochter deßwegen beschallten.
825 4921 2503 5215 daß sy ein zytt lang das kind
835 5014 2519 5293 nächtlicher wyl inn der Kuch¬
824 5086 2566 5451 stehen laßen unnd nit inn der
855 5185 2613 5516 stuben by dem anderen kind behalten,
817 5319 2577 5631 welche ihro jederzyrt mit den
798 5437 2590 5802 bescheid begegnet, es gescheche ihmme
796 5547 2548 5933 drußen, so wohl raht, alß wan es
2340 5733 2582 5904 deß
4677 951 4720 1095 h
3001 1246 4744 1475 drinnen were, zu demme so mache
3019 1377 4665 1579 es sein schwesterlin allegypt, so
3001 1499 4744 1699 unrichwig etc. daß aber das kind
3029 1616 4731 1803 ein Armlin unnd Beinlin gebroch
3008 1732 4696 1890 haben sölle, daruon habe sy nie
3036 1854 4740 2049 mahlen im wenigsten nichts gewüßt,
3002 1985 4757 2167 ußert, daß ihre tochter einsmahls
3012 2084 4575 2296 gesagt, sy vermeine es wachse
3014 2211 4736 2420 dem kind ein Überbeinlin an dem
2999 2334 4701 2527 Armle, drüberhin sy dieselbige
2993 2447 4675 2645 vermahnt, darzu lugen ze laßen,
3013 2556 4677 2757 ob es aber beschechen könne, sy nit
3008 2671 4644 2862 wußen. Im vorigen dan mußt
2998 2776 4677 2968 sy auch mit bedauwren bekennen
2995 2893 4698 3077 daß ihre tochter ihro ein zytt herr
3004 3013 4596 3196 schlechten gehorsam erzeigt, unnd
2987 3115 4730 3304 deßwegen großen kummer zuge¬
3007 3221 4721 3422 stattes, junmaßen sy allzyrt inn
3004 3338 4734 3527 sorgen gestanden, sy werde noch schand
2994 3455 4506 3636 unnd unehr an Ihre Erleben
3002 3556 4738 3746 müßen, welches nun auch geschechen,
2983 3676 4673 3835 Da sy dan ein gnädige oberkeit
2989 3781 4630 3945 gantz trungenlich ersuche mit
2996 3880 4753 4065 ihrer tochter nit etwan nach ver
3003 4005 4647 4189 dienen ze verfahren, sonderen sy
2980 4104 4335 4283 inn gnaden angesechen etc.
2991 4256 4669 4494 Herena Vögtlin so auch inn der
2964 4411 4694 4573 kormin haus gewohnt, zuget, offt
2972 4526 4776 4718 unnd villmahlen mit schmertzlichen
2996 4634 4744 4793 bedauren gehört unnd auch zum
2979 4724 4638 4891 theil gesechen ze haben, daß sy die
2983 4818 4771 4990 Anneli Korn sehr unbarmhertzig
2988 4906 4727 5075 mit ihrem kind umbgangen
3004 5006 4684 5179 selbiges geschlagen vnnd gestoßen,
3006 5121 4720 5279 daß sy von wytnus die streichen
2997 5198 4645 5370 soren konnen, Ihmmne dem Kind
4645 5207 4713 5326 1
2988 5297 4578 5471 auch sehr wüste nammen geben.
2978 5397 4694 5584 vnnd wohl zu demselbigen gesagt
4476 5572 4668 5709 glu
