5472 7296
899 907 2690 1343 Gezug aber nit verstehen können
914 1056 2667 1383 gegen denselbigen gewendt, vnnd
930 1148 2692 1506 wie er biß zum ußeren Gatter
927 1250 2644 1567 kommen, habe Er glas Pferdt¬
943 1350 2665 1671 widerumb zu mit gewendt, vnnd
928 1452 2669 1770 gegen die beid zugeritten, vnnd als
951 1555 2590 1844 sy ein wenig miteinanderen ge¬
913 1656 2623 1995 twortet, seye der Weibel von
916 1748 2578 2058 Binmelden auch hinzukommen.
936 1851 2618 2135 unnd von ihnne dem jr mit
892 1971 2601 2273 dem Finger gewuncken worden
923 2063 2562 2343 ihme seiner begehrens anzu¬
2563 2274 2612 2325 .
900 2173 2591 2414 haren, habe der er sein haubt
890 2275 2599 2491 gegen kein weibel hinab gehalten
938 2357 2612 2585 darüber der er allsobald uff
942 2480 2639 2720 den dägen gegriffen, vnnd vff
927 2580 2642 2839 den menger von Dachynen zuges
925 2665 2557 2896 schlagen unnd zweymahl gegen
932 2779 2591 2994 ihm gestoßen, wie der weibel
933 2858 2612 3116 das gesuchen, habe er nach dem wegen
922 2972 2624 3186 gegriffen vnnd den von vor ver
927 3078 2639 3294 erem zuschlagen hinderhalten wollen.
889 3162 2614 3372 donsten habe der weniger sich mit
896 3310 2627 3486 dem by sich gehabten stecken gewehrt,
883 3392 2612 3586 So daß dem fry der Tagen
1930 3517 1984 3576 e
907 3496 2523 3675 uß der hand zu orden gefallen,
895 3588 2504 3756 zund ein streich an die sythen
909 3678 2564 3866 worden, vnnd wie der lagen
882 3786 2559 3952 am boden gelegen, habe sich der
932 3871 2512 4042 wenger lingen neben deß gr
857 3950 2556 4145 gferdt durch fort machen wollen.
910 4053 2597 4235 Es habe aber der pr das Pferdt
888 4148 2579 4343 gebendt und die Pistolen gegristen
907 4255 2534 4410 unnd die uff den wenger looß
867 4351 2576 4526 geschoßen, da weiner uff den
846 4452 2426 4619 vingangenen schul zun dise
2421 4487 2477 4555 .
885 4547 2590 4725 wwort ußgebrochen. Ich hab myn
881 4625 2555 4826 thail der insich Sterben uff
838 4755 2530 4901 Welthes, der er seinen tagen ge
850 4829 2568 5005 vorderet der ihmme auch vom
840 4916 2563 5059 weibel eyer zum Bümplet
864 4998 2561 5187 wider angestelt, weniger aber
821 5095 2586 5272 vom Ern, mit der hinder für inn
804 5183 2617 5375 der hand gehabten gestolen, wie der
819 5273 2530 5454 selbige verlanen nach kurters
809 5341 2599 5565 gangen gegen dem hinderen theil des
757 5433 2565 5676 ambts hart geschlagen worden, über
840 5538 2550 5729 dieses seye der er nach dem ergeben
816 5615 2581 5840 sethen, wie es mit wenger bewandt
4804 805 4879 920 23
3066 1056 4893 1269 unnd er zum zügen ist wort gredt.
3062 1191 4861 1375 fante quere mon tiere vonsen
3099 1289 4872 1481 prie, vollen Roßkauffs die Straß
3090 1404 4865 1589 ais gegen Bümplitz zu Gerichen
3226 1758 4759 1966 Peter Burghalder ußert
3310 1894 4673 2074 Der statt wohnend zeüget
3201 1912 3280 2100 1
3499 2002 4143 2176 gleichfahls.
3074 2281 4705 2517 asnach rein er ab seiner
2974 2400 4704 2583 Arbeit uß der Būrten Stein
3084 2534 4830 2702 gruben kommen, vom Nußbaum
3079 2637 4875 2803 dem Schantz graben nach auff gegen
3098 2733 4778 2906 dem wachter hüßli zugangen
3106 2822 4826 3012 habe Er wohl gesechen, daß der
3035 2925 4851 3122 Ir vnnd sein gegenpart by der
3025 3025 4859 3208 fahl bruggen mit einanderen gewortet
3090 3124 4824 3282 aber mit verstanden, vnnd daß
3119 3216 4787 3366 der er sein zigen Aezuckt vnnd
3097 3301 4779 3475 gegen dem weniger zugehouwen
3105 3396 4803 3566 zin allein gegen einanderen Rechten
3101 3485 4810 3657 seye dem Irn der tägen uß der
3070 3568 4763 3747 hand an boden gefallen, wellichen
3100 3674 4842 3793 der Weibel von Bümplitz vffge¬
3058 3766 4821 3922 gebt unnd als der er seinen pferdt
3093 3848 4843 4008 gewandt unnd uff die anstallen großen
3083 3935 4810 4107 Seye Er der Weiber vom Ambt
3103 4029 4812 4190 wenden deß Pferdts vngestoßen
3101 4117 4807 4269 vnnd durch den Ire Kunzwüschen
3048 4210 4809 4373 die Pistolen uff der wenger looß
3107 4300 4785 4461 geschußen worden, vnnd wie der
3118 4402 4741 4547 selbiche nach Eingangenen Schulen
3103 4476 4790 4628 Sich an der Lauen lebend allgemach
3110 4567 4800 4729 Furters gangen, seye der Er wider
3117 4658 4811 4819 vff Ihn zu geritten vnnd demselbig
3102 4743 4700 4892 mit der Pistolen uff den kopf
3104 4819 4747 4975 geben schlagen, worüber weniger
3101 4924 4776 5059 gesucht wernung ich Sterben, vnnd
3111 4995 4709 5136 gleich daruff fur sich zur Erd
3092 5077 4767 5256 gesuncken, wie nun das geschechen,
3060 5179 4780 5353 vnnd dem Irn seinem begehren
3131 5254 4571 5407 nach der klagten zugestelt.
3091 5343 4705 5518 habe er sich ybends die Straß
3020 5432 4693 5587 aus darvon gemacht, vnnd seye
3045 5518 4800 5708 von den angewesenen ein Vatter Vnser
