5472 7296
889 726 2643 1354 In sollen anderen
901 918 2640 1491 fung seinen und einge
920 1066 2639 1587 veneringen dachten
907 1235 2636 1701 allso nider geworffen, daß es
889 1367 2604 1812 starck klopft unnd Polet, unnd
902 1519 2603 1921 sy die gezugin vermeint
920 1661 2627 2117 es solte hals unnd bein gebrochen,
920 1762 2595 2168 haben. An einem anderen tag
890 1889 2606 2325 hernach, ohngefahr umb 11 uhren
883 2057 2587 2450 da das fenster abermahl offen
879 2193 2585 2522 gewesen, vnnd das Kind vff
910 2298 2567 2611 seinem stüli geseßen, habe die
899 2441 2603 2735 mutter sol vor ihmene gestanden,
881 2525 2527 2845 demselbigen etwan vier klopf
873 2669 2569 2976 wider den kopf geben, daß sy die
874 2820 2586 3088 streichen gar wohl hören können.
870 2937 2496 3184 sonsten habe sy etwas zypfis
2489 3069 2575 3163 .
855 3064 2593 3288 zuvor das kind inn ihrem haus
860 3161 2570 3382 gehabt, selbiges entblößt unnd
848 3295 2613 3517 einichen fähler weder an Armlen
854 3417 2597 3650 noch bemlenen nit gesechen, sonderen
851 3541 2573 3754 seye damahlen zimlich wohl zlyb¬
845 3652 2564 3825 gsin unnd vollkommene glider
822 3775 2574 3974 gehabt, widerher aber habe sy
809 3891 2536 4091 daß selbige nit mehr gesechen
833 4009 2536 4206 weder bim Tisch noch etwan
815 4114 2558 4334 under dem fenster funmaßen
819 4241 2391 4470 sy nit wüßen könnt, wo sy
835 4343 2584 4581 daß selbige allezyff gehabt habe etc.
785 4549 2585 4781 Elßbeth Egli zuget auch an einem
778 4662 2556 4903 Sontag durch der Annelin Korni
767 4743 2541 5024 stuben fenster hindurch gesehen
766 4897 2526 5183 ze haben, daß sy fornen vff dem
767 4990 2547 5260 banck das kind etliche mahl uff
738 5091 2519 5356 unnd nidergelupft, als ob sy es
767 5180 2589 5508 stellen wolte, vnnd als es zwyfels
792 5292 2527 5619 ohn wegen schwachheit der glidlenen
769 5408 2538 5724 nit stehen könte, habe sy es eins
754 5535 2404 5829 mals inn die stuben mann
2329 5646 2477 5792 ge
4562 952 4706 1074 53.
2986 1218 4744 1454 geworffen, daß es starck polet,
3001 1356 4675 1561 welches ihro der gezügen sehr
2988 1498 4760 1672 schmertzlich vorkommen, junmaßen
3002 1593 4665 1781 sy hernach die allte er eben grad
2989 1708 4552 1857 ain tag zuuor, da das kind
3012 1806 4624 1995 mornderst gestorben, darumb
2987 1921 4711 2163 zred gestelt, was doch die Vrsach
3004 2060 4686 2286 seye, daß ihre tochter so schandtlich
3017 2170 4666 2363 mit ihrem kind handle, warund
3004 2293 4651 2463 sy es zu laße vnnd nit drum
2997 2415 4589 2587 hhanden nemme, vnnd etwan
3004 2530 4622 2712 selbsten ein wenig zu dem kind
3004 2634 4608 2825 luge, habe sy ihro daruff zur
2989 2765 4699 2963 antwort geben, sy seye nit schuldig
2981 2878 4715 3059 das kind zu erziechen, zu demme
2979 2992 4668 3183 so seye es ein faulen schandtlichen
2997 3100 4632 3247 unflat unnd Boßartig könne
2982 3242 4624 3397 alles schwetzen vnnd gleichwohl
2984 3325 4606 3518 wolle es reue sein nothurfft
3000 3439 4540 3622 nit heüschen und dergleichen
2983 3550 4619 3726 allso daß sy die grangin ver
3005 3659 4633 3837 emercken mögen, daß das kind
2966 3762 4664 3950 Inn allweg sehr verhaßt vnnd
2998 3888 3958 4063 unwahrt seye etc.
2958 4141 4563 4341 Anna Maria Stain herr hat
4585 4266 4694 4442 sy
2948 4276 4559 4454 vollgenden bericht geben, daß
3011 4372 4569 4548 hieuor sechtmahlen inn der
2963 4458 4549 4651 Annelin Kornin alß Ihrer
2998 4571 4611 4761 bäsin haus gewandlet, unnd
2984 4678 4661 4849 derselbigen vnderwylen etwan
3004 4788 4740 4964 ein Viertelin wyn oder etwas
2980 4897 4579 5084 anders gehalt, unnd Ja wohl¬
3004 5043 4563 5197 sechen vnnd verspuren mögen
2993 5100 4604 5303 daß ihnen das kind zimlich
2978 5157 4767 5390 unwahrt, Inn demme sy daß selbig
2942 5307 4690 5495 ihlmahlen zwar mir etwan mit
2978 5417 4728 5571 der hand guns maul oder aber mit
