<?xml version="1.0" encoding="UTF-8" standalone="yes"?>
<PcGts xmlns="http://schema.primaresearch.org/PAGE/gts/pagecontent/2013-07-15" xmlns:xsi="http://www.w3.org/2001/XMLSchema-instance" xsi:schemaLocation="http://schema.primaresearch.org/PAGE/gts/pagecontent/2013-07-15 http://schema.primaresearch.org/PAGE/gts/pagecontent/2013-07-15/pagecontent.xsd">
    <Metadata>
        <Creator>prov=University of Rostock/Institute of Mathematics/CITlab|PLANET AI GmbH/Gundram Leifert/gundram.leifert@planet-ai.de:name=German_Kurrent_XVI-XVIII_M1(htr_id=19584)::::v=2.6.6
prov=University of Rostock/Institute of Mathematics/CITlab|PLANET AI GmbH/Tobias Gruening/tobias.gruening@planet-ai.de:name=de.uros.citlab.module.baseline2polygon.B2PSeamMultiOriented:v=2.6.6
prov=University of Rostock/Institute of Mathematics/CITlab|PLANET AI GmbH/Tobias Gruening/tobias.gruening@planet-ai.de:name=/net_tf/LA73_249_0mod360.pb:de.uros.citlab.segmentation.CITlab_LA_ML:v=2.6.6
Transkribus</Creator>
        <Created>2020-10-05T12:19:04.597+02:00</Created>
        <LastChange>2022-09-12T14:52:57.712+02:00</LastChange>
        <TranskribusMetadata docId="1334835" pageId="52361568" pageNr="67" tsid="114643351" status="IN_PROGRESS" userId="9570" imgUrl="https://files.transkribus.eu/Get?id=ZAXDUBTKNCVXWLLXQMZUHULS&amp;fileType=view" xmlUrl="https://files.transkribus.eu/Get?id=OQUEHNTCATCKHZHJWASHAEJJ" imageId="16047861"/>
    </Metadata>
    <Page imageFilename="Turmbuch_StAB B IX 480_00067-20200925_095036.jpg" imageWidth="5472" imageHeight="7296">
        <ReadingOrder>
            <OrderedGroup id="ro_1687513704928" caption="Regions reading order">
                <RegionRefIndexed index="0" regionRef="r1"/>
                <RegionRefIndexed index="1" regionRef="r2"/>
            </OrderedGroup>
        </ReadingOrder>
        <TextRegion orientation="0.0" id="r1" custom="readingOrder {index:0;}">
            <Coords points="442,974 442,6332 2616,6332 2616,974"/>
            <TextLine id="r1l1" custom="readingOrder {index:0;}">
                <Coords points="868,1076 1740,1188 1812,1265 1921,1218 2039,1322 2215,1292 2421,1423 2545,1333 2474,1267 2340,1269 2203,1140 2022,1151 1944,1084 1615,1121 1315,1064 1172,941 1001,997 892,949"/>
                <Baseline points="888,1030 970,1047 1052,1062 1134,1077 1216,1091 1298,1105 1380,1118 1462,1132 1544,1146 1626,1159 1708,1174 1790,1188 1872,1203 1954,1219 2036,1236 2118,1254 2200,1273 2282,1292 2364,1314 2446,1337 2528,1362"/>
                <TextEquiv>
                    <Unicode>unnd ain anderen Tag hernach¬</Unicode>
                </TextEquiv>
            </TextLine>
            <TextLine id="r1l2" custom="readingOrder {index:1;}">
                <Coords points="882,1252 1048,1313 1128,1257 1272,1341 1399,1287 1699,1382 1864,1351 2145,1458 2291,1444 2447,1553 2624,1554 2637,1482 2511,1381 2376,1422 2254,1326 2039,1323 1939,1229 1496,1231 1241,1115 1092,1176 917,1064"/>
                <Baseline points="904,1194 989,1207 1075,1219 1160,1232 1246,1243 1332,1256 1417,1266 1503,1278 1588,1289 1674,1302 1760,1316 1845,1329 1931,1345 2016,1361 2102,1381 2188,1402 2273,1425 2359,1449 2444,1477 2530,1506 2616,1540"/>
                <TextEquiv>
                    <Unicode>von ihmme die bezahlung seinen</Unicode>
                </TextEquiv>
            </TextLine>
            <TextLine id="r1l3" custom="readingOrder {index:2;}">
                <Coords points="898,1362 1147,1391 1303,1501 1408,1447 1607,1526 1746,1468 1912,1540 2104,1534 2307,1587 2504,1736 2601,1714 2620,1607 2506,1527 2362,1545 2221,1435 2095,1481 1954,1383 1261,1344 1128,1256 1032,1312 919,1244"/>
                <Baseline points="912,1352 996,1362 1080,1374 1164,1385 1249,1396 1333,1406 1417,1417 1502,1428 1586,1440 1670,1453 1755,1467 1839,1481 1923,1495 2007,1512 2092,1531 2176,1550 2260,1571 2345,1594 2429,1618 2513,1644 2598,1674"/>
                <TextEquiv>
                    <Unicode>reue Geiß gevorderet, welliche</Unicode>
                </TextEquiv>
            </TextLine>
            <TextLine id="r1l4" custom="readingOrder {index:3;}">
                <Coords points="885,1545 1051,1494 1153,1603 1468,1565 1608,1678 1811,1638 1965,1733 2064,1665 2209,1675 2570,1818 2580,1752 2233,1608 2156,1639 1730,1481 1621,1527 1435,1474 1286,1505 1146,1392 913,1366"/>
                <Baseline points="904,1492 987,1504 1070,1516 1153,1527 1236,1536 1319,1546 1402,1556 1485,1566 1568,1576 1651,1585 1734,1597 1817,1608 1900,1620 1983,1634 2066,1649 2149,1666 2232,1685 2315,1706 2398,1730 2481,1755 2564,1784"/>
                <TextEquiv>
                    <Unicode>er ihmme auch abgenommen.</Unicode>
                </TextEquiv>
            </TextLine>
            <TextLine id="r1l5" custom="readingOrder {index:4;}">
                <Coords points="869,1665 955,1646 1074,1751 1209,1666 1318,1717 1492,1689 1821,1862 1952,1790 2123,1808 2230,1904 2368,1857 2552,1909 2560,1853 2454,1769 2379,1789 2239,1684 2096,1677 1987,1742 1830,1647 1634,1687 1489,1576 1383,1623 1334,1572 1142,1601 1062,1525 887,1546"/>
                <Baseline points="884,1632 966,1641 1049,1650 1132,1659 1215,1668 1298,1678 1381,1689 1464,1698 1547,1709 1630,1720 1713,1732 1795,1744 1878,1758 1961,1773 2044,1787 2127,1803 2210,1820 2293,1838 2376,1857 2459,1878 2542,1898"/>
                <TextEquiv>
                    <Unicode>darfür drey Cronen bezalt,</Unicode>
                </TextEquiv>
            </TextLine>
            <TextLine id="r1l6" custom="readingOrder {index:5;}">
                <Coords points="874,1863 1077,1820 1231,1917 1345,1836 1515,1927 1713,1879 1766,1949 1891,1887 2389,2001 2561,2094 2574,1993 2076,1872 2004,1799 1823,1862 1532,1715 1245,1776 900,1664"/>
                <Baseline points="896,1782 979,1793 1062,1802 1145,1811 1228,1819 1312,1830 1395,1838 1478,1847 1561,1855 1644,1865 1728,1874 1811,1885 1894,1896 1977,1907 2060,1920 2144,1934 2227,1949 2310,1965 2393,1982 2476,2001 2560,2022"/>
                <TextEquiv>
                    <Unicode>hernach dieselbige hinweg anein</Unicode>
                </TextEquiv>
            </TextLine>
            <TextLine id="r1l7" custom="readingOrder {index:6;}">
                <Coords points="895,1938 1243,1973 1331,2040 1605,2008 1705,2074 1848,2035 1951,2117 2073,2056 2183,2112 2297,2078 2394,2180 2576,2164 2583,2108 2199,1943 2138,1983 1884,1912 1748,1954 1685,1885 1401,1950 1324,1864 1234,1921 1106,1844 906,1849"/>
                <Baseline points="908,1928 990,1939 1073,1950 1156,1960 1239,1969 1322,1976 1405,1985 1488,1992 1571,2000 1654,2007 1737,2015 1819,2023 1902,2032 1985,2041 2068,2053 2151,2065 2234,2079 2317,2095 2400,2112 2483,2132 2566,2156"/>
                <TextEquiv>
                    <Unicode>Aborth geführt zu todt ge¬</Unicode>
                </TextEquiv>
            </TextLine>
            <TextLine id="r1l8" custom="readingOrder {index:7;}">
                <Coords points="923,2161 1319,2148 1407,2203 1563,2150 1991,2294 2522,2302 2532,2211 2221,2097 1915,2128 1825,2051 1717,2078 1586,2007 1340,2079 1201,1976 938,2028"/>
                <Baseline points="944,2074 1022,2085 1101,2094 1179,2103 1258,2112 1336,2119 1415,2125 1493,2132 1572,2138 1650,2144 1729,2151 1807,2159 1886,2165 1964,2173 2043,2183 2121,2193 2200,2206 2278,2219 2357,2233 2435,2250 2514,2270"/>
                <TextEquiv>
                    <Unicode>schlagen unnd verlochet habe.</Unicode>
                </TextEquiv>
            </TextLine>
            <TextLine id="r1l9" custom="readingOrder {index:8;}">
                <Coords points="842,2425 1651,2517 1750,2466 1878,2573 1967,2510 2097,2583 2309,2543 2591,2636 2604,2505 2309,2337 2174,2362 2060,2295 1952,2341 1881,2293 1691,2405 1575,2333 1404,2341 1256,2201 963,2287 860,2247"/>
                <Baseline points="854,2412 940,2420 1027,2428 1113,2436 1200,2443 1286,2450 1373,2456 1459,2463 1546,2470 1632,2476 1719,2484 1805,2492 1892,2501 1978,2509 2065,2518 2151,2529 2238,2539 2324,2552 2411,2564 2497,2578 2584,2594"/>
                <TextEquiv>
                    <Unicode>Noerten nun diser sund landt</Unicode>
                </TextEquiv>
            </TextLine>
            <TextLine id="r1l10" custom="readingOrder {index:9;}">
                <Coords points="863,2558 1847,2623 2132,2718 2384,2664 2566,2764 2575,2656 2329,2550 2096,2583 1937,2534 1879,2576 1750,2467 1607,2545 1247,2464 1142,2538 873,2444"/>
                <Baseline points="876,2540 960,2550 1044,2560 1128,2566 1212,2573 1297,2580 1381,2587 1465,2592 1549,2597 1633,2604 1718,2609 1802,2614 1886,2620 1970,2627 2054,2634 2139,2641 2223,2650 2307,2660 2391,2670 2475,2683 2560,2696"/>
                <TextEquiv>
                    <Unicode>Streits verübte Mißhandlung</Unicode>
                </TextEquiv>
            </TextLine>
            <TextLine id="r1l11" custom="readingOrder {index:10;}">
                <Coords points="840,2736 1009,2689 1265,2768 1420,2722 1497,2772 1760,2747 1895,2829 2413,2814 2578,2869 2586,2760 2381,2664 2078,2720 1804,2643 1712,2706 1200,2591 1018,2636 854,2563"/>
                <Baseline points="856,2676 941,2682 1027,2688 1113,2693 1199,2700 1285,2704 1370,2709 1456,2715 1542,2719 1628,2725 1714,2731 1799,2737 1885,2743 1971,2749 2057,2756 2143,2765 2228,2773 2314,2782 2400,2792 2486,2802 2572,2814"/>
                <TextEquiv>
                    <Unicode>vor den reinen augen deß aller</Unicode>
                </TextEquiv>
            </TextLine>
            <TextLine id="r1l12" custom="readingOrder {index:11;} person {offset:9; length:6;}">
                <Coords points="851,2901 1642,2868 1953,2988 2113,2908 2571,3007 2577,2920 2378,2827 2129,2871 1839,2838 1751,2751 1501,2778 1421,2720 1272,2799 1157,2716 865,2717"/>
                <Baseline points="868,2818 952,2823 1037,2827 1122,2832 1207,2836 1292,2842 1376,2846 1461,2851 1546,2855 1631,2860 1716,2866 1800,2873 1885,2878 1970,2885 2055,2893 2140,2901 2224,2909 2309,2918 2394,2929 2479,2939 2564,2952"/>
                <TextEquiv>
                    <Unicode>höchsten Gottes ein gruel, vor</Unicode>
                </TextEquiv>
            </TextLine>
            <TextLine id="r1l13" custom="readingOrder {index:12;}">
                <Coords points="860,3055 1040,3070 1177,2986 1345,3086 1472,3010 1726,3110 1928,3044 2188,3139 2383,3059 2551,3089 2556,3004 2424,2961 2298,3018 2129,2928 1991,2996 1710,2917 1244,2950 1139,2868 871,2877"/>
                <Baseline points="876,2984 959,2983 1042,2982 1125,2983 1208,2984 1292,2986 1375,2990 1458,2994 1541,2998 1624,3002 1708,3008 1791,3012 1874,3020 1957,3025 2040,3031 2124,3039 2207,3046 2290,3052 2373,3060 2456,3066 2540,3072"/>
                <TextEquiv>
                    <Unicode>cristenlichen ohren zu hören ab</Unicode>
                </TextEquiv>
            </TextLine>
            <TextLine id="r1l14" custom="readingOrder {index:13;}">
                <Coords points="857,3213 1068,3122 1361,3200 1469,3137 1612,3193 2200,3203 2397,3281 2603,3224 2608,3103 2378,3060 2194,3141 2047,3130 1928,3044 1806,3123 1557,3059 1475,3104 1428,3057 862,3090"/>
                <Baseline points="872,3136 958,3134 1044,3133 1130,3132 1216,3133 1302,3134 1388,3136 1474,3138 1560,3142 1646,3146 1732,3150 1818,3154 1904,3160 1990,3164 2076,3171 2162,3177 2248,3181 2334,3188 2420,3193 2506,3199 2592,3204"/>
                <TextEquiv>
                    <Unicode>scheüchlich, da ein himmelschreyende</Unicode>
                </TextEquiv>
            </TextLine>
            <TextLine id="r1l15" custom="readingOrder {index:14;}">
                <Coords points="459,3291 524,3286 532,3296 549,3284 581,3303 654,3281 704,3303 742,3292 824,3315 832,3188 758,3186 699,3141 636,3173 589,3143 538,3171 468,3158"/>
                <Baseline points="472,3270 498,3270 524,3270 550,3270 577,3270 603,3271 629,3272 656,3273 682,3275 708,3278 735,3280 761,3285 787,3289 814,3296"/>
                <TextEquiv>
                    <Unicode>Exod. 22.</Unicode>
                </TextEquiv>
            </TextLine>
            <TextLine id="r1l16" custom="readingOrder {index:15;}">
                <Coords points="880,3288 2555,3358 2558,3269 2381,3285 2206,3209 2108,3252 1788,3172 1425,3209 1221,3134 1108,3233 884,3197"/>
                <Baseline points="892,3266 974,3268 1057,3270 1139,3271 1222,3274 1305,3276 1387,3279 1470,3282 1552,3284 1635,3288 1718,3292 1800,3295 1883,3298 1965,3302 2048,3306 2131,3309 2213,3313 2296,3317 2378,3321 2461,3325 2544,3328"/>
                <TextEquiv>
                    <Unicode>sund ist, die gott der Herr am</Unicode>
                </TextEquiv>
            </TextLine>
            <TextLine id="r1l17" custom="readingOrder {index:16;}">
                <Coords points="438,3375 458,3375 478,3357 512,3356 545,3376 588,3377 624,3408 655,3379 688,3380 687,3302 669,3303 644,3287 607,3310 591,3297 580,3304 549,3289 533,3296 506,3287 480,3299 437,3286"/>
                <Baseline points="450,3360 475,3358 500,3357 525,3356 550,3355 575,3354 600,3354 625,3354 650,3356 676,3358"/>
                <TextEquiv>
                    <Unicode>N. 19.</Unicode>
                </TextEquiv>
            </TextLine>
            <TextLine id="r1l18" custom="readingOrder {index:17;} place {offset:9; length:8;}">
                <Coords points="838,3430 1036,3416 1164,3482 1407,3400 1975,3429 2077,3501 2253,3435 2401,3506 2571,3476 2572,3366 2172,3312 1876,3368 1782,3316 1675,3384 1497,3301 1364,3350 1284,3276 1123,3361 962,3280 841,3328"/>
                <Baseline points="850,3392 935,3394 1021,3397 1106,3400 1192,3402 1277,3404 1363,3406 1448,3408 1534,3410 1619,3412 1705,3414 1790,3416 1876,3418 1961,3420 2047,3423 2132,3427 2218,3431 2303,3434 2389,3439 2474,3444 2560,3450"/>
                <TextEquiv>
                    <Unicode>leben zu Straffen befolchen hat,</Unicode>
                </TextEquiv>
            </TextLine>
            <TextLine id="r1l19" custom="readingOrder {index:18;}">
                <Coords points="466,3445 522,3448 535,3459 571,3436 584,3450 613,3441 633,3456 655,3447 687,3465 707,3450 722,3459 751,3447 751,3347 709,3354 624,3407 582,3374 537,3374 466,3419"/>
                <Baseline points="478,3440 504,3438 530,3436 556,3436 582,3436 609,3436 635,3436 661,3436 687,3437 713,3438 740,3438"/>
                <TextEquiv>
                    <Unicode>ev 18.</Unicode>
                </TextEquiv>
            </TextLine>
            <TextLine id="r1l20" custom="readingOrder {index:19;}">
                <Coords points="432,3531 510,3539 537,3521 581,3545 655,3526 698,3559 797,3521 883,3556 881,3462 859,3454 799,3463 707,3449 667,3479 618,3444 571,3438 536,3458 431,3444"/>
                <Baseline points="442,3522 467,3522 492,3522 517,3522 542,3522 567,3521 593,3520 618,3520 643,3518 668,3518 693,3518 718,3518 744,3517 769,3516 794,3517 819,3518 844,3518 870,3518"/>
                <TextEquiv>
                    <Unicode>R. 23. et cas</Unicode>
                </TextEquiv>
            </TextLine>
            <TextLine id="r1l21" custom="readingOrder {index:20;}">
                <Coords points="970,3562 2098,3550 2414,3610 2525,3590 2527,3539 2396,3498 2266,3530 2176,3474 1945,3518 1825,3439 1735,3466 1631,3414 1408,3413 1246,3485 974,3420"/>
                <Baseline points="982,3516 1058,3522 1135,3527 1211,3530 1288,3534 1365,3537 1441,3540 1518,3542 1594,3544 1671,3544 1748,3546 1824,3548 1901,3548 1977,3550 2054,3550 2131,3552 2207,3554 2284,3556 2360,3558 2437,3560 2514,3564"/>
                <TextEquiv>
                    <Unicode>Als habend mein gnädig</Unicode>
                </TextEquiv>
            </TextLine>
            <TextLine id="r1l22" custom="readingOrder {index:21;}">
                <Coords points="437,3653 515,3633 535,3646 589,3639 647,3614 700,3628 832,3623 831,3529 751,3563 698,3559 682,3543 631,3559 597,3534 562,3557 530,3555 437,3531"/>
                <Baseline points="448,3614 474,3613 501,3612 527,3612 554,3612 580,3612 607,3610 634,3610 660,3610 687,3610 713,3611 740,3612 766,3612 793,3612 820,3610"/>
                <TextEquiv>
                    <Unicode>20 l. 15. 16.</Unicode>
                </TextEquiv>
            </TextLine>
            <TextLine id="r1l23" custom="readingOrder {index:22;} person {offset:17; length:6;}">
                <Coords points="882,3696 1180,3747 1372,3662 1492,3726 1954,3670 2205,3722 2368,3673 2529,3706 2563,3613 2338,3624 2096,3549 1941,3608 1850,3551 1533,3594 1354,3543 1239,3642 883,3565"/>
                <Baseline points="894,3672 976,3670 1059,3670 1142,3668 1225,3668 1308,3668 1390,3668 1473,3668 1556,3669 1639,3670 1722,3671 1804,3672 1887,3674 1970,3674 2053,3676 2136,3678 2218,3680 2301,3682 2384,3684 2467,3686 2550,3688"/>
                <TextEquiv>
                    <Unicode>herren Räht vnnd Būrger vff</Unicode>
                </TextEquiv>
            </TextLine>
            <TextLine id="r1l24" custom="readingOrder {index:23;}">
                <Coords points="854,3864 1523,3886 1667,3801 1939,3808 2042,3886 2171,3805 2552,3812 2552,3707 2169,3692 2073,3747 1968,3672 1872,3745 1489,3728 1386,3670 1161,3773 854,3708"/>
                <Baseline points="864,3808 947,3805 1031,3802 1115,3800 1199,3800 1283,3798 1367,3798 1451,3798 1535,3798 1619,3798 1703,3798 1786,3798 1870,3798 1954,3800 2038,3800 2122,3800 2206,3800 2290,3802 2374,3802 2458,3801 2542,3800"/>
                <TextEquiv>
                    <Unicode>Ihren eydt zu Recht erkent vnd</Unicode>
                </TextEquiv>
            </TextLine>
            <TextLine id="r1l25" custom="readingOrder {index:24;}">
                <Coords points="832,4001 1101,3950 1234,3998 1302,3945 1376,4005 1542,3924 2026,3933 2145,3987 2285,3943 2373,3998 2586,3921 2585,3868 2180,3802 2041,3886 1940,3807 1715,3804 1587,3901 1321,3858 1163,3898 1029,3840 956,3901 831,3885"/>
                <Baseline points="842,3940 928,3940 1015,3938 1101,3938 1188,3938 1275,3936 1361,3936 1448,3934 1534,3934 1621,3932 1708,3931 1794,3930 1881,3928 1967,3928 2054,3926 2141,3924 2227,3924 2314,3922 2400,3920 2487,3918 2574,3916"/>
                <TextEquiv>
                    <Unicode>gesprochen, daß vorgedachter</Unicode>
                </TextEquiv>
            </TextLine>
            <TextLine id="r1l26" custom="readingOrder {index:25;} person {offset:0; length:15;}">
                <Coords points="821,4057 1150,4134 1310,4057 1889,4044 2099,4118 2277,4047 2478,4115 2618,4064 2617,3973 2492,3947 2397,4011 2278,3942 2036,4000 1701,3925 1383,4003 1102,3958 821,4005"/>
                <Baseline points="832,4052 920,4052 1009,4050 1098,4050 1186,4050 1275,4050 1364,4050 1452,4050 1541,4050 1630,4050 1719,4050 1807,4050 1896,4050 1985,4048 2073,4048 2162,4046 2251,4044 2339,4042 2428,4038 2517,4036 2606,4030"/>
                <TextEquiv>
                    <Unicode>Bendicht Streit (neben Empfelching</Unicode>
                </TextEquiv>
            </TextLine>
            <TextLine id="r1l27" custom="readingOrder {index:26;}">
                <Coords points="821,4232 1214,4159 1521,4254 1937,4155 2575,4217 2535,4084 2181,4133 1726,4055 1573,4106 1336,4068 1221,4141 966,4090 820,4128"/>
                <Baseline points="832,4178 918,4176 1005,4174 1091,4172 1178,4172 1264,4170 1351,4170 1437,4170 1524,4170 1610,4170 1697,4170 1783,4168 1870,4168 1956,4168 2043,4166 2129,4165 2216,4163 2302,4160 2389,4158 2475,4155 2562,4150"/>
                <TextEquiv>
                    <Unicode>seiner seelen gott dem herren</Unicode>
                </TextEquiv>
            </TextLine>
            <TextLine id="r1l28" custom="readingOrder {index:27;}">
                <Coords points="838,4341 1085,4293 1364,4341 1577,4282 2116,4284 2175,4326 2426,4270 2425,4223 2306,4178 2229,4222 1943,4160 1794,4225 1685,4180 1521,4254 1426,4184 1306,4215 1214,4175 1095,4230 927,4177 836,4232"/>
                <Baseline points="848,4304 926,4299 1004,4294 1083,4292 1161,4290 1240,4288 1318,4286 1396,4284 1475,4284 1553,4282 1632,4282 1710,4282 1788,4280 1867,4280 1945,4280 2024,4278 2102,4276 2180,4275 2259,4274 2337,4271 2416,4268"/>
                <TextEquiv>
                    <Unicode>dem nachrichter übergeben</Unicode>
                </TextEquiv>
            </TextLine>
            <TextLine id="r1l29" custom="readingOrder {index:28;}">
                <Coords points="838,4428 1238,4485 1455,4413 1744,4453 1999,4398 2523,4413 2499,4328 2137,4292 1933,4360 1722,4300 1590,4363 1506,4303 1403,4368 1325,4300 1177,4344 1093,4292 836,4359"/>
                <Baseline points="848,4420 931,4416 1014,4413 1097,4410 1180,4407 1263,4404 1346,4402 1429,4402 1512,4400 1595,4400 1679,4398 1762,4397 1845,4396 1928,4394 2011,4392 2094,4390 2177,4388 2260,4384 2343,4380 2426,4376 2510,4370"/>
                <TextEquiv>
                    <Unicode>werden. der Ihne Obenan</Unicode>
                </TextEquiv>
            </TextLine>
            <TextLine id="r1l30" custom="readingOrder {index:29;}">
                <Coords points="838,4568 1078,4609 1239,4548 2028,4552 2141,4506 2306,4578 2564,4562 2560,4437 2383,4393 2211,4451 2049,4406 1696,4472 1488,4430 1284,4492 1042,4429 932,4497 836,4477"/>
                <Baseline points="848,4552 933,4543 1018,4536 1103,4529 1188,4524 1273,4520 1358,4517 1443,4514 1528,4512 1613,4510 1699,4508 1784,4508 1869,4506 1954,4506 2039,4504 2124,4504 2209,4502 2294,4500 2379,4498 2464,4496 2550,4492"/>
                <TextEquiv>
                    <Unicode>uffgewohnliche richt stat führen</Unicode>
                </TextEquiv>
            </TextLine>
            <TextLine id="r1l31" custom="readingOrder {index:30;}">
                <Coords points="808,4688 1208,4650 1380,4722 1570,4626 1694,4690 1776,4632 1847,4687 1960,4619 2397,4608 2394,4552 2257,4568 2147,4506 2054,4582 1835,4514 1518,4562 1418,4524 1195,4615 801,4548"/>
                <Baseline points="818,4670 896,4664 974,4658 1053,4653 1131,4650 1210,4645 1288,4642 1366,4638 1445,4635 1523,4632 1602,4628 1680,4626 1758,4622 1837,4620 1915,4616 1994,4612 2072,4608 2150,4604 2229,4600 2307,4596 2386,4590"/>
                <TextEquiv>
                    <Unicode>Ihmnne daselbsten mit dem</Unicode>
                </TextEquiv>
            </TextLine>
            <TextLine id="r1l32" custom="readingOrder {index:31;}">
                <Coords points="702,4814 912,4842 1122,4774 1441,4844 1576,4751 1964,4813 2507,4713 2503,4638 1968,4620 1845,4686 1772,4632 1694,4708 1569,4626 1345,4736 888,4678 700,4783"/>
                <Baseline points="714,4810 803,4802 892,4794 981,4787 1070,4780 1159,4776 1248,4770 1337,4765 1426,4760 1515,4756 1604,4753 1693,4748 1782,4744 1871,4738 1960,4734 2049,4728 2138,4723 2227,4715 2316,4708 2405,4700 2494,4690"/>
                <TextEquiv>
                    <Unicode>Schwardt daß haupt abschlachen voll</Unicode>
                </TextEquiv>
            </TextLine>
            <TextLine id="r1l33" custom="readingOrder {index:32;}">
                <Coords points="757,4950 1175,4901 1357,4949 1525,4884 1593,4935 1670,4880 1795,4948 1910,4857 2044,4928 2177,4841 2548,4813 2544,4753 2004,4826 1856,4767 1721,4841 1581,4752 1356,4862 978,4789 753,4894"/>
                <Baseline points="766,4930 854,4924 943,4920 1031,4914 1120,4909 1208,4903 1297,4899 1385,4894 1474,4888 1562,4884 1651,4879 1739,4873 1828,4867 1916,4861 2005,4854 2093,4847 2182,4838 2270,4830 2359,4821 2447,4811 2536,4800"/>
                <TextEquiv>
                    <Unicode>agendts den conser in ein bringend</Unicode>
                </TextEquiv>
            </TextLine>
            <TextLine id="r1l34" custom="readingOrder {index:33;}">
                <Coords points="805,5070 1344,5007 1486,5058 1604,4989 1689,5030 2113,4952 2370,5017 2529,4934 2476,4812 2410,4860 2186,4844 2044,4928 1911,4855 1760,4953 1523,4896 1401,4970 1308,4909 1203,4979 1106,4908 797,4955"/>
                <Baseline points="814,5042 899,5037 984,5032 1069,5026 1154,5020 1240,5015 1325,5009 1410,5004 1495,4998 1580,4992 1666,4988 1751,4982 1836,4976 1921,4968 2006,4962 2092,4956 2177,4948 2262,4941 2347,4933 2432,4926 2518,4918"/>
                <TextEquiv>
                    <Unicode>Beüwe werffen zu Staub und bschen</Unicode>
                </TextEquiv>
            </TextLine>
            <TextLine id="r1l35" custom="readingOrder {index:34;}">
                <Coords points="806,5230 1203,5140 1364,5197 1686,5111 2070,5100 2141,5146 2225,5077 2318,5132 2404,5056 2544,5069 2534,4949 2341,5021 2253,4949 2113,5046 1941,4965 1734,5033 1572,4997 1412,5095 1079,5126 917,5058 797,5112"/>
                <Baseline points="814,5182 899,5173 985,5164 1071,5158 1157,5151 1243,5144 1328,5138 1414,5132 1500,5126 1586,5121 1672,5115 1757,5110 1843,5103 1929,5097 2015,5091 2101,5083 2186,5073 2272,5065 2358,5054 2444,5043 2530,5030"/>
                <TextEquiv>
                    <Unicode>es bronnen, wild also denselben zu</Unicode>
                </TextEquiv>
            </TextLine>
            <TextLine id="r1l36" custom="readingOrder {index:35;}">
                <Coords points="785,5312 1013,5289 1150,5358 1240,5269 1368,5313 1471,5259 1623,5325 1797,5227 2040,5219 2106,5268 2262,5199 2510,5200 2505,5118 2189,5169 1936,5099 1868,5147 1684,5113 1529,5197 1262,5146 1133,5243 779,5238"/>
                <Baseline points="794,5300 879,5292 964,5284 1049,5278 1134,5273 1220,5267 1305,5262 1390,5257 1475,5252 1560,5247 1646,5242 1731,5238 1816,5233 1901,5227 1986,5220 2072,5213 2157,5205 2242,5198 2327,5189 2412,5179 2498,5166"/>
                <TextEquiv>
                    <Unicode>männigklichs abscheüch und exempel.</Unicode>
                </TextEquiv>
            </TextLine>
            <TextLine id="r1l37" custom="readingOrder {index:36;} place {offset:32; length:4;}">
                <Coords points="799,5427 960,5392 1156,5440 1258,5374 1586,5419 1906,5336 2118,5401 2264,5314 2490,5292 2484,5208 2409,5247 2262,5200 2106,5268 1746,5234 1621,5329 1450,5277 1360,5328 1241,5268 1139,5361 794,5351"/>
                <Baseline points="810,5408 893,5404 976,5399 1060,5394 1143,5388 1227,5383 1310,5378 1393,5373 1477,5368 1560,5362 1644,5358 1727,5351 1810,5344 1894,5337 1977,5331 2061,5323 2144,5314 2227,5306 2311,5298 2394,5288 2478,5276"/>
                <TextEquiv>
                    <Unicode>nach diser freyen koplich statt Bern</Unicode>
                </TextEquiv>
            </TextLine>
            <TextLine id="r1l38" custom="readingOrder {index:37;}">
                <Coords points="780,5557 1645,5505 1802,5446 1990,5500 2156,5436 2239,5483 2523,5402 2515,5314 2348,5303 2111,5398 1904,5335 1585,5423 1261,5374 983,5497 773,5481"/>
                <Baseline points="790,5542 876,5533 962,5524 1048,5517 1134,5509 1220,5502 1306,5493 1392,5487 1478,5481 1564,5473 1650,5467 1736,5460 1822,5453 1908,5447 1994,5439 2080,5431 2166,5423 2252,5415 2338,5405 2424,5396 2510,5386"/>
                <TextEquiv>
                    <Unicode>Freyheit und rechten vom laben zum</Unicode>
                </TextEquiv>
            </TextLine>
            <TextLine id="r1l39" custom="readingOrder {index:38;}">
                <Coords points="791,5737 928,5652 1601,5666 1874,5548 2244,5575 2433,5495 2548,5519 2550,5407 2195,5491 1805,5445 1096,5612 773,5562"/>
                <Baseline points="796,5666 883,5658 971,5649 1058,5642 1146,5633 1233,5624 1321,5616 1408,5608 1496,5598 1583,5589 1671,5581 1758,5572 1846,5563 1933,5554 2021,5545 2108,5536 2196,5526 2283,5517 2371,5505 2458,5496 2546,5486"/>
                <TextEquiv>
                    <Unicode>Thod Heinrichten, er und zugleich deßel</Unicode>
                </TextEquiv>
            </TextLine>
            <TextLine id="r1l40" custom="readingOrder {index:39;}">
                <Coords points="763,5801 1013,5831 1188,5752 1318,5813 1390,5751 1509,5793 1689,5691 1928,5750 2264,5713 2407,5617 2546,5643 2535,5537 2365,5514 2293,5580 2120,5548 2030,5634 1873,5547 1465,5692 1243,5628 755,5721"/>
                <Baseline points="772,5786 859,5777 947,5768 1035,5759 1123,5750 1211,5741 1299,5732 1387,5725 1475,5715 1563,5706 1651,5698 1738,5689 1826,5681 1914,5672 2002,5663 2090,5653 2178,5642 2266,5632 2354,5623 2442,5611 2530,5598"/>
                <TextEquiv>
                    <Unicode>ben hunderlaßen haab umb guth gfallen</Unicode>
                </TextEquiv>
            </TextLine>
            <TextLine id="r1l41" custom="readingOrder {index:40;}">
                <Coords points="853,5964 930,5932 1019,5975 1152,5875 1176,5886 1231,5861 1285,5899 1329,5855 1422,5839 1411,5755 1386,5752 1329,5813 1199,5784 1129,5815 1037,5748 934,5851 888,5843 841,5863"/>
                <Baseline points="856,5892 883,5892 911,5892 939,5891 967,5889 995,5886 1022,5882 1050,5879 1078,5874 1106,5868 1134,5863 1161,5858 1189,5852 1217,5848 1245,5845 1273,5840 1300,5839 1328,5838 1356,5838 1384,5840 1412,5844"/>
                <TextEquiv>
                    <Unicode>yn solle etc.</Unicode>
                </TextEquiv>
            </TextLine>
            <TextLine id="r1l42" custom="readingOrder {index:41;}">
                <Coords points="811,5946 823,5940 828,5941 838,5924 856,5914 827,5847 812,5853 810,5859 805,5859 794,5866 791,5872 781,5876"/>
                <Baseline points="814,5922 842,5910"/>
                <TextEquiv>
                    <Unicode>1</Unicode>
                </TextEquiv>
            </TextLine>
            <TextLine id="r1l43" custom="readingOrder {index:42;}">
                <Coords points="817,6090 1055,6010 1293,6051 1363,5991 1596,5999 1697,5917 1980,5925 2074,5871 2233,5932 2468,5891 2543,5851 2530,5754 1888,5771 1674,5864 1246,5875 1034,5988 954,5945 805,6002"/>
                <Baseline points="822,6046 907,6037 992,6028 1077,6018 1163,6007 1248,5997 1333,5984 1419,5970 1504,5958 1589,5944 1675,5932 1760,5918 1845,5905 1930,5892 2016,5880 2101,5868 2186,5858 2272,5847 2357,5838 2442,5831 2528,5824"/>
                <TextEquiv>
                    <Unicode>dise vrteylen den lyb betreffend, ist den</Unicode>
                </TextEquiv>
            </TextLine>
            <TextLine id="r1l44" custom="readingOrder {index:43;}">
                <Coords points="797,6203 868,6164 948,6205 1134,6104 1220,6151 1503,6082 1643,6121 2376,5957 2505,5991 2579,5942 2569,5869 2238,5932 1955,5908 1773,5936 1665,6021 1499,5972 1397,6047 783,6104"/>
                <Baseline points="804,6176 892,6164 980,6151 1068,6138 1156,6126 1244,6113 1332,6102 1420,6091 1508,6078 1596,6067 1685,6055 1773,6043 1861,6030 1949,6018 2037,6007 2125,5993 2213,5980 2301,5967 2389,5952 2477,5939 2566,5924"/>
                <TextEquiv>
                    <Unicode>Den 5. 1 januarii 1669 exequiert worden.</Unicode>
                </TextEquiv>
            </TextLine>
            <TextLine id="r1l45" custom="readingOrder {index:44;}">
                <Coords points="779,6345 876,6282 902,6295 983,6255 1011,6269 1072,6249 1116,6261 1154,6245 1193,6265 1284,6255 1268,6118 1200,6151 1133,6104 1105,6110 989,6200 963,6190 871,6240 837,6227 767,6256"/>
                <Baseline points="784,6304 809,6299 835,6293 861,6288 887,6283 912,6278 938,6273 964,6268 990,6263 1016,6259 1041,6255 1067,6251 1093,6247 1119,6245 1145,6243 1170,6242 1196,6242 1222,6242 1248,6243 1274,6246"/>
                <TextEquiv>
                    <Unicode> der B</Unicode>
                </TextEquiv>
            </TextLine>
            <TextEquiv>
                <Unicode>unnd ain anderen Tag hernach¬
von ihmme die bezahlung seinen
reue Geiß gevorderet, welliche
er ihmme auch abgenommen.
darfür drey Cronen bezalt,
hernach dieselbige hinweg anein
Aborth geführt zu todt ge¬
schlagen unnd verlochet habe.
Noerten nun diser sund landt
Streits verübte Mißhandlung
vor den reinen augen deß aller
höchsten Gottes ein gruel, vor
cristenlichen ohren zu hören ab
scheüchlich, da ein himmelschreyende
Exod. 22.
sund ist, die gott der Herr am
N. 19.
leben zu Straffen befolchen hat,
ev 18.
R. 23. et cas
Als habend mein gnädig
20 l. 15. 16.
herren Räht vnnd Būrger vff
Ihren eydt zu Recht erkent vnd
gesprochen, daß vorgedachter
Bendicht Streit (neben Empfelching
seiner seelen gott dem herren
dem nachrichter übergeben
werden. der Ihne Obenan
uffgewohnliche richt stat führen
Ihmnne daselbsten mit dem
Schwardt daß haupt abschlachen voll
agendts den conser in ein bringend
Beüwe werffen zu Staub und bschen
es bronnen, wild also denselben zu
männigklichs abscheüch und exempel.
nach diser freyen koplich statt Bern
Freyheit und rechten vom laben zum
Thod Heinrichten, er und zugleich deßel
ben hunderlaßen haab umb guth gfallen
yn solle etc.
1
dise vrteylen den lyb betreffend, ist den
Den 5. 1 januarii 1669 exequiert worden.
 der B</Unicode>
            </TextEquiv>
        </TextRegion>
        <TextRegion orientation="0.0" id="r2" custom="readingOrder {index:1;}">
            <Coords points="2926,1390 2926,5960 4722,5960 4722,1390"/>
            <TextLine id="r2l1" custom="readingOrder {index:0;} person {offset:0; length:13;}">
                <Coords points="3088,1495 3495,1459 3922,1517 4066,1453 4262,1449 4259,1188 4168,1216 4047,1150 3887,1243 3646,1164 3464,1244 3232,1233 3086,1317"/>
                <Baseline points="3098,1454 3155,1453 3213,1452 3270,1450 3328,1450 3386,1448 3443,1448 3501,1448 3558,1446 3616,1446 3674,1446 3731,1446 3789,1444 3846,1444 3904,1444 3962,1444 4019,1442 4077,1442 4134,1442 4192,1440 4250,1440"/>
                <TextEquiv>
                    <Unicode>Jacob Schreib.</Unicode>
                </TextEquiv>
            </TextLine>
            <TextLine id="r2l2" custom="readingOrder {index:1;}">
                <Coords points="2915,1874 3059,1796 3353,1776 4274,1797 4463,1866 4720,1808 4720,1639 4517,1610 4439,1675 4011,1713 3732,1666 3472,1738 2914,1618"/>
                <Baseline points="2926,1802 3015,1796 3104,1790 3193,1785 3282,1782 3371,1778 3460,1776 3549,1776 3638,1774 3727,1774 3817,1774 3906,1776 3995,1777 4084,1778 4173,1780 4262,1782 4351,1784 4440,1786 4529,1788 4618,1790 4708,1792"/>
                <TextEquiv>
                    <Unicode>Weilen derselbige vermitlest seines</Unicode>
                </TextEquiv>
            </TextLine>
            <TextLine id="r2l3" custom="readingOrder {index:2;} person {offset:0; length:17;}">
                <Coords points="2983,1938 3185,1973 3504,1888 3943,1893 4204,1962 4282,1899 4661,1920 4701,1856 3361,1779 3060,1795 2982,1853"/>
                <Baseline points="2994,1916 3078,1912 3163,1907 3248,1902 3333,1900 3418,1898 3502,1894 3587,1894 3672,1892 3757,1892 3842,1892 3926,1892 4011,1892 4096,1893 4181,1894 4266,1896 4350,1898 4435,1900 4520,1903 4605,1907 4690,1910"/>
                <TextEquiv>
                    <Unicode>Henraths Jac Būrg Recht ver¬</Unicode>
                </TextEquiv>
            </TextLine>
            <TextLine id="r2l4" custom="readingOrder {index:3;}">
                <Coords points="2991,2032 3987,1990 4311,2057 4386,1985 4565,2048 4638,2010 4638,1923 4382,1963 4303,1901 4114,1965 3933,1895 3496,1894 3187,1979 2991,1956"/>
                <Baseline points="3002,2016 3083,2012 3164,2008 3245,2004 3326,2002 3408,1999 3489,1996 3570,1994 3651,1994 3732,1992 3814,1992 3895,1992 3976,1992 4057,1992 4138,1992 4220,1993 4301,1994 4382,1996 4463,1998 4544,1999 4626,2002"/>
                <TextEquiv>
                    <Unicode>wirckt unnd darneben noch</Unicode>
                </TextEquiv>
            </TextLine>
            <TextLine id="r2l5" custom="readingOrder {index:4;}">
                <Coords points="2979,2152 3228,2110 3297,2175 3580,2109 3841,2177 3924,2108 4086,2180 4307,2100 4441,2178 4516,2132 4724,2192 4724,2027 4401,2080 4258,2008 3980,1992 3685,2071 3422,2002 3253,2077 2979,2036"/>
                <Baseline points="2990,2118 3076,2116 3162,2112 3248,2110 3334,2108 3420,2106 3506,2104 3592,2104 3678,2102 3764,2102 3851,2102 3937,2102 4023,2104 4109,2104 4195,2106 4281,2108 4367,2110 4453,2113 4539,2116 4625,2120 4712,2124"/>
                <TextEquiv>
                    <Unicode>underschidenliche diebstal begangen</Unicode>
                </TextEquiv>
            </TextLine>
            <TextLine id="r2l6" custom="readingOrder {index:5;}">
                <Coords points="2996,2297 3150,2229 3328,2304 3439,2228 3604,2261 3791,2208 4496,2226 4654,2305 4730,2265 4730,2196 4255,2115 4092,2176 3923,2108 3838,2177 3579,2109 3279,2184 3205,2135 3125,2185 2996,2158"/>
                <Baseline points="3006,2232 3091,2229 3177,2226 3262,2224 3348,2222 3434,2220 3519,2218 3605,2218 3690,2216 3776,2215 3862,2214 3947,2214 4033,2214 4118,2214 4204,2214 4290,2216 4375,2217 4461,2218 4546,2221 4632,2224 4718,2226"/>
                <TextEquiv>
                    <Unicode>vnnd dardurch die Landts verwysung</Unicode>
                </TextEquiv>
            </TextLine>
            <TextLine id="r2l7" custom="readingOrder {index:6;}">
                <Coords points="2929,2275 2948,2266 2963,2248 2987,2243 2951,2068 2927,2073 2916,2086 2909,2081 2891,2085"/>
                <Baseline points="2934,2246 2974,2238"/>
                <TextEquiv>
                    <Unicode>s</Unicode>
                </TextEquiv>
            </TextLine>
            <TextLine id="r2l8" custom="readingOrder {index:7;}">
                <Coords points="2950,2417 3099,2346 3376,2366 3476,2319 3652,2382 3879,2337 4191,2397 4408,2353 4510,2402 4646,2342 4646,2295 4430,2219 4270,2293 4151,2223 4087,2281 3793,2208 3625,2270 3465,2225 3331,2303 3186,2230 2950,2263"/>
                <Baseline points="2962,2350 3045,2345 3129,2340 3212,2338 3296,2335 3380,2334 3463,2333 3547,2332 3630,2332 3714,2334 3798,2334 3881,2336 3965,2336 4048,2338 4132,2338 4216,2340 4299,2340 4383,2340 4466,2340 4550,2340 4634,2338"/>
                <TextEquiv>
                    <Unicode>verdienet, Als ist derselbige</Unicode>
                </TextEquiv>
            </TextLine>
            <TextLine id="r2l9" custom="readingOrder {index:8;} person {offset:19; length:8; continued:true;}">
                <Coords points="2996,2486 3219,2471 3330,2545 3433,2460 3571,2545 3667,2472 4014,2455 4262,2529 4413,2456 4540,2508 4630,2472 4630,2374 4220,2415 3877,2339 3491,2425 3346,2344 3170,2415 3090,2361 2996,2406"/>
                <Baseline points="3006,2464 3086,2460 3167,2458 3247,2456 3328,2454 3409,2452 3489,2452 3570,2452 3650,2452 3731,2452 3812,2452 3892,2452 3973,2454 4053,2455 4134,2456 4215,2458 4295,2458 4376,2460 4456,2460 4537,2462 4618,2462"/>
                <TextEquiv>
                    <Unicode>sambt seinem wyber Margreth</Unicode>
                </TextEquiv>
            </TextLine>
            <TextLine id="r2l10" custom="readingOrder {index:9;} person {offset:0; length:4; continued:true;}">
                <Coords points="2991,2638 3137,2589 3221,2655 3284,2593 3424,2589 3490,2650 3576,2573 3822,2564 4084,2581 4192,2659 4262,2597 4395,2662 4688,2608 4689,2515 4405,2468 4263,2533 4153,2468 4014,2511 3760,2476 3590,2538 3442,2484 3329,2545 3217,2472 2993,2495"/>
                <Baseline points="3004,2574 3087,2572 3171,2570 3254,2570 3338,2570 3422,2570 3505,2570 3589,2570 3672,2572 3756,2574 3840,2575 3923,2576 4007,2578 4090,2580 4174,2582 4258,2584 4341,2587 4425,2589 4508,2592 4592,2592 4676,2594"/>
                <TextEquiv>
                    <Unicode>arli den 8. febr 1669 eydtlich</Unicode>
                </TextEquiv>
            </TextLine>
            <TextLine id="r2l11" custom="readingOrder {index:10;}">
                <Coords points="2980,2711 3339,2693 3461,2763 3988,2691 4241,2777 4487,2701 4712,2740 4712,2635 4599,2601 4186,2659 3819,2566 3698,2643 3373,2653 3284,2594 3221,2654 2981,2638"/>
                <Baseline points="2992,2698 3077,2694 3162,2691 3248,2688 3333,2686 3419,2684 3504,2682 3589,2682 3675,2680 3760,2680 3846,2680 3931,2682 4016,2682 4102,2684 4187,2686 4273,2688 4358,2690 4443,2694 4529,2697 4614,2702 4700,2706"/>
                <TextEquiv>
                    <Unicode>von Bürgeren zihl verwisen worden.</Unicode>
                </TextEquiv>
            </TextLine>
            <TextLine id="r2l12" custom="readingOrder {index:11;} person {offset:0; length:7;}">
                <Coords points="3177,3117 3302,3181 3600,3168 3667,3234 3768,3161 4523,3197 4524,3099 4230,3085 4077,3003 4007,3050 3925,2991 3813,3041 3620,2988 3432,3069 3179,3004"/>
                <Baseline points="3188,3146 3254,3151 3320,3155 3386,3158 3452,3160 3519,3162 3585,3164 3651,3166 3717,3166 3783,3166 3850,3166 3916,3166 3982,3166 4048,3166 4114,3165 4181,3164 4247,3164 4313,3166 4379,3166 4445,3166 4512,3168"/>
                <TextEquiv>
                    <Unicode>Barbeli Weibel von</Unicode>
                </TextEquiv>
            </TextLine>
            <TextLine id="r2l13" custom="readingOrder {index:12;} place {offset:0; length:8;}">
                <Coords points="3267,3292 3358,3354 3443,3317 3562,3378 3638,3345 3716,3373 3982,3304 3983,3226 3932,3239 3874,3210 3655,3232 3620,3198 3462,3199 3384,3164 3268,3217"/>
                <Baseline points="3278,3292 3312,3295 3347,3298 3382,3300 3416,3302 3451,3302 3486,3303 3520,3304 3555,3304 3590,3304 3625,3304 3659,3304 3694,3304 3729,3304 3763,3303 3798,3302 3833,3303 3867,3304 3902,3304 3937,3305 3972,3306"/>
                <TextEquiv>
                    <Unicode>Oottigen.</Unicode>
                </TextEquiv>
            </TextLine>
            <TextLine id="r2l14" custom="readingOrder {index:13;}">
                <Coords points="2935,3653 2998,3677 3075,3602 3156,3657 3235,3585 3478,3606 3540,3552 3998,3645 4078,3586 4301,3621 4376,3576 4558,3634 4677,3581 4676,3468 4313,3474 4187,3420 4075,3497 3740,3465 3388,3514 3269,3433 2934,3555"/>
                <Baseline points="2946,3596 3032,3594 3118,3593 3204,3592 3290,3590 3376,3590 3462,3590 3548,3590 3634,3590 3720,3590 3806,3588 3892,3588 3978,3588 4064,3588 4150,3586 4236,3584 4322,3582 4408,3580 4494,3576 4580,3572 4666,3568"/>
                <TextEquiv>
                    <Unicode>Ist den 11. decembris 1669 Zürich meh</Unicode>
                </TextEquiv>
            </TextLine>
            <TextLine id="r2l15" custom="readingOrder {index:14;} person {offset:12; length:7;}">
                <Coords points="3006,3711 4483,3676 4644,3724 4698,3705 4697,3580 4595,3639 4084,3581 4000,3645 3564,3568 3429,3632 3146,3656 3065,3604 3006,3653"/>
                <Baseline points="3016,3692 3099,3690 3183,3688 3266,3688 3350,3686 3433,3686 3517,3686 3600,3684 3684,3684 3767,3684 3851,3682 3934,3682 4018,3682 4101,3680 4185,3680 4268,3680 4352,3678 4435,3678 4519,3677 4602,3676 4686,3674"/>
                <TextEquiv>
                    <Unicode>rahts herrn Stürler als verordneten</Unicode>
                </TextEquiv>
            </TextLine>
            <TextLine id="r2l16" custom="readingOrder {index:15;}">
                <Coords points="2997,3806 3180,3786 3263,3855 3418,3779 4406,3828 4481,3766 4642,3790 4642,3690 4481,3750 4292,3682 4221,3724 3868,3689 3545,3736 3461,3678 3285,3752 2997,3724"/>
                <Baseline points="3008,3786 3089,3782 3170,3779 3251,3776 3332,3774 3413,3772 3494,3772 3575,3772 3656,3772 3737,3772 3819,3773 3900,3774 3981,3774 4062,3776 4143,3776 4224,3776 4305,3776 4386,3776 4467,3776 4548,3774 4630,3774"/>
                <TextEquiv>
                    <Unicode>herren Examinatoren, Wegen es</Unicode>
                </TextEquiv>
            </TextLine>
            <TextLine id="r2l17" custom="readingOrder {index:16;}">
                <Coords points="2981,3905 3440,3877 3536,3939 3785,3871 4390,3920 4630,3892 4630,3791 4280,3840 3618,3776 3513,3839 3428,3779 3319,3853 3217,3795 3134,3847 2981,3825"/>
                <Baseline points="2992,3880 3073,3877 3154,3874 3235,3874 3317,3872 3398,3872 3479,3872 3561,3872 3642,3872 3723,3872 3805,3872 3886,3872 3967,3872 4048,3874 4130,3872 4211,3872 4292,3872 4374,3870 4455,3870 4536,3866 4618,3864"/>
                <TextEquiv>
                    <Unicode>am sontag zuvor gewüßen gelt.</Unicode>
                </TextEquiv>
            </TextLine>
            <TextLine id="r2l18" custom="readingOrder {index:17;} person {offset:15; length:11; continued:true;}">
                <Coords points="2963,4002 3582,3970 3922,4025 4017,3977 4597,3979 4672,3967 4672,3905 2962,3920"/>
                <Baseline points="2974,3980 3058,3978 3142,3976 3226,3976 3311,3974 3395,3972 3479,3972 3564,3972 3648,3972 3732,3972 3817,3972 3901,3970 3985,3970 4069,3970 4154,3970 4238,3968 4322,3968 4407,3966 4491,3964 4575,3962 4660,3960"/>
                <TextEquiv>
                    <Unicode>droben Inn deß Thorwarters</Unicode>
                </TextEquiv>
            </TextLine>
            <TextLine id="r2l19" custom="readingOrder {index:18;} person {offset:0; length:6; continued:true;} place {offset:14; length:16;}">
                <Coords points="2984,4095 3069,4136 3307,4057 3542,4137 3775,4063 4109,4068 4213,4122 4674,4086 4672,3965 4251,3970 4109,4035 4021,3978 3795,4036 3544,3972 3445,4025 3355,3968 3280,4018 2983,4012"/>
                <Baseline points="2994,4074 3077,4072 3160,4072 3244,4070 3327,4069 3411,4068 3494,4068 3577,4066 3661,4066 3744,4064 3828,4064 3911,4062 3994,4062 4078,4060 4161,4060 4245,4058 4328,4058 4411,4056 4495,4056 4578,4054 4662,4054"/>
                <TextEquiv>
                    <Unicode>Stübli uß der Allmusen Buchsen</Unicode>
                </TextEquiv>
            </TextLine>
            <TextLine id="r2l20" custom="readingOrder {index:19;}">
                <Coords points="2996,4202 4720,4154 4684,4078 4288,4122 3812,4071 3523,4136 3257,4066 2995,4117"/>
                <Baseline points="3006,4168 3091,4168 3176,4166 3261,4166 3346,4164 3432,4164 3517,4162 3602,4162 3687,4160 3772,4160 3858,4158 3943,4158 4028,4156 4113,4155 4198,4154 4284,4152 4369,4150 4454,4148 4539,4146 4624,4144 4710,4140"/>
                <TextEquiv>
                    <Unicode>entwendt, deßthalber zun gewohnen</Unicode>
                </TextEquiv>
            </TextLine>
            <TextLine id="r2l21" custom="readingOrder {index:20;}">
                <Coords points="2975,4290 4309,4242 4544,4292 4688,4252 4687,4154 4084,4206 3985,4160 3725,4236 3568,4151 3402,4227 3328,4182 3101,4236 2973,4178"/>
                <Baseline points="2986,4270 3070,4267 3155,4266 3239,4264 3324,4262 3409,4260 3493,4258 3578,4258 3662,4256 3747,4255 3832,4254 3916,4252 4001,4252 4085,4250 4170,4250 4255,4248 4339,4246 4424,4246 4508,4244 4593,4244 4678,4242"/>
                <TextEquiv>
                    <Unicode>tem strecken thurn examinirt und</Unicode>
                </TextEquiv>
            </TextLine>
            <TextLine id="r2l22" custom="readingOrder {index:21;}">
                <Coords points="2971,4418 3086,4367 3544,4429 3797,4354 4124,4429 4689,4367 4688,4303 4326,4250 2969,4284"/>
                <Baseline points="2982,4368 3066,4366 3151,4364 3236,4362 3321,4360 3406,4359 3490,4357 3575,4356 3660,4354 3745,4352 3830,4352 3914,4350 3999,4349 4084,4348 4169,4347 4254,4346 4338,4346 4423,4344 4508,4344 4593,4342 4678,4342"/>
                <TextEquiv>
                    <Unicode>vollgende Bekandtnus von Ihmen</Unicode>
                </TextEquiv>
            </TextLine>
            <TextLine id="r2l23" custom="readingOrder {index:22;}">
                <Coords points="2954,4545 3153,4476 3245,4477 3311,4533 3385,4485 3419,4506 3599,4476 3679,4532 3804,4460 3803,4400 3718,4411 3666,4381 3587,4429 3509,4406 3478,4427 3354,4365 3290,4409 3221,4395 3197,4417 3078,4375 2952,4423"/>
                <Baseline points="2964,4470 3005,4470 3046,4468 3088,4466 3129,4466 3171,4465 3212,4464 3253,4462 3295,4462 3336,4461 3378,4460 3419,4460 3460,4458 3502,4458 3543,4456 3585,4456 3626,4456 3667,4454 3709,4454 3750,4454 3792,4452"/>
                <TextEquiv>
                    <Unicode>erhallten worden.</Unicode>
                </TextEquiv>
            </TextLine>
            <TextLine id="r2l24" custom="readingOrder {index:23;}">
                <Coords points="2959,4646 3785,4608 3831,4564 4071,4652 4168,4586 4645,4589 4644,4538 4518,4473 4290,4530 4161,4454 3657,4545 3307,4535 3250,4480 2957,4545"/>
                <Baseline points="2970,4606 3053,4602 3136,4600 3219,4598 3302,4596 3386,4594 3469,4592 3552,4592 3635,4590 3718,4588 3802,4588 3885,4586 3968,4586 4051,4584 4134,4584 4218,4582 4301,4580 4384,4580 4467,4578 4550,4576 4634,4574"/>
                <TextEquiv>
                    <Unicode>daß es namlich by dem allten.</Unicode>
                </TextEquiv>
            </TextLine>
            <TextLine id="r2l25" custom="readingOrder {index:24;}">
                <Coords points="2979,4723 3285,4749 3453,4688 4032,4678 4194,4736 4287,4681 4615,4698 4613,4593 4460,4640 4240,4583 4070,4651 3830,4566 3640,4647 3518,4598 3337,4657 2977,4638"/>
                <Baseline points="2990,4706 3070,4702 3151,4698 3231,4694 3312,4690 3393,4688 3473,4686 3554,4684 3634,4682 3715,4682 3796,4680 3876,4680 3957,4680 4037,4678 4118,4678 4199,4678 4279,4678 4360,4676 4440,4676 4521,4674 4602,4672"/>
                <TextEquiv>
                    <Unicode>Thorwarter 6 Jar lang gedienet</Unicode>
                </TextEquiv>
            </TextLine>
            <TextLine id="r2l26" custom="readingOrder {index:25;}">
                <Coords points="2988,4790 3285,4840 3369,4765 3477,4822 3973,4762 4181,4834 4286,4790 4353,4827 4448,4757 4718,4778 4717,4729 4447,4674 4200,4733 4032,4679 3532,4737 3453,4693 3287,4751 2988,4723"/>
                <Baseline points="3000,4784 3085,4781 3170,4778 3255,4776 3341,4774 3426,4772 3511,4772 3597,4770 3682,4770 3767,4768 3853,4768 3938,4768 4023,4766 4108,4766 4194,4766 4279,4765 4364,4764 4450,4762 4535,4762 4620,4760 4706,4758"/>
                <TextEquiv>
                    <Unicode>nungen den 2. letsten waren uß einner</Unicode>
                </TextEquiv>
            </TextLine>
            <TextLine id="r2l27" custom="readingOrder {index:26;} person {offset:19; length:10;}">
                <Coords points="3004,4894 3116,4941 3189,4883 3370,4932 3469,4870 3671,4917 3857,4850 3956,4898 4267,4863 4319,4913 4428,4850 4698,4880 4678,4760 4180,4835 3934,4769 3761,4836 3578,4780 3478,4826 3375,4767 3286,4839 3003,4794"/>
                <Baseline points="3014,4878 3097,4874 3181,4871 3264,4868 3348,4866 3432,4864 3515,4862 3599,4862 3682,4861 3766,4860 3850,4860 3933,4860 4017,4858 4100,4858 4184,4858 4268,4858 4351,4856 4435,4856 4518,4854 4602,4852 4686,4850"/>
                <TextEquiv>
                    <Unicode>böser begird, ohne Jemandeßen vff</Unicode>
                </TextEquiv>
            </TextLine>
            <TextLine id="r2l28" custom="readingOrder {index:27;}">
                <Coords points="2991,4973 3125,5016 3259,4957 3426,5009 4128,4955 4197,5017 4518,4945 4578,5000 4678,4948 4677,4841 4317,4915 4265,4864 4012,4915 3891,4859 3666,4916 2991,4915"/>
                <Baseline points="3002,4962 3085,4960 3168,4958 3251,4956 3334,4955 3418,4954 3501,4954 3584,4954 3667,4954 3750,4954 3834,4954 3917,4954 4000,4954 4083,4952 4166,4952 4250,4952 4333,4950 4416,4948 4499,4947 4582,4944 4666,4940"/>
                <TextEquiv>
                    <Unicode>noch anwysung leider disere böse</Unicode>
                </TextEquiv>
            </TextLine>
            <TextLine id="r2l29" custom="readingOrder {index:28;}">
                <Coords points="3003,5103 3252,5059 3333,5118 3450,5039 4021,5044 4175,5105 4301,5037 4445,5096 4535,5035 4678,5040 4678,4994 4197,5015 4138,4958 4038,5003 3951,4959 3840,5016 3588,4958 3343,5014 3247,4956 3124,5018 3002,4972"/>
                <Baseline points="3014,5058 3096,5053 3179,5049 3261,5045 3344,5044 3427,5042 3509,5042 3592,5040 3674,5041 3757,5042 3840,5042 3922,5042 4005,5043 4087,5044 4170,5044 4253,5042 4335,5042 4418,5039 4500,5037 4583,5032 4666,5028"/>
                <TextEquiv>
                    <Unicode>that angelangen, selbige auch mir</Unicode>
                </TextEquiv>
            </TextLine>
            <TextLine id="r2l30" custom="readingOrder {index:29;}">
                <Coords points="2995,5154 3233,5184 3521,5132 3724,5206 3808,5125 3916,5189 4047,5128 4548,5123 4653,5192 4688,5033 4492,5097 4291,5036 4173,5104 4015,5041 3812,5096 3457,5039 3340,5111 3134,5055 2994,5110"/>
                <Baseline points="3006,5144 3089,5142 3173,5139 3256,5138 3340,5136 3424,5134 3507,5132 3591,5132 3674,5130 3758,5130 3842,5128 3925,5128 4009,5128 4092,5128 4176,5128 4260,5128 4343,5128 4427,5128 4510,5128 4594,5128 4678,5128"/>
                <TextEquiv>
                    <Unicode>etwan zu 3 wochen oder monatten</Unicode>
                </TextEquiv>
            </TextLine>
            <TextLine id="r2l31" custom="readingOrder {index:30;}">
                <Coords points="2978,5249 3480,5226 3560,5272 3687,5213 4037,5203 4430,5262 4654,5213 4654,5147 2978,5162"/>
                <Baseline points="2990,5224 3072,5222 3155,5222 3237,5221 3320,5220 3403,5218 3485,5218 3568,5216 3650,5216 3733,5214 3816,5212 3898,5212 3981,5212 4063,5210 4146,5210 4229,5210 4311,5210 4394,5210 4476,5210 4559,5210 4642,5212"/>
                <TextEquiv>
                    <Unicode>Verrichtet vnd zum Vetten uß 2</Unicode>
                </TextEquiv>
            </TextLine>
            <TextLine id="r2l32" custom="readingOrder {index:31;}">
                <Coords points="2976,5328 3316,5294 3600,5374 3758,5306 4525,5294 4697,5339 4734,5261 4637,5213 4480,5272 3686,5213 3570,5272 2975,5248"/>
                <Baseline points="2986,5314 3072,5312 3159,5310 3246,5309 3333,5308 3420,5306 3506,5304 3593,5302 3680,5300 3767,5300 3854,5298 3940,5297 4027,5296 4114,5296 4201,5296 4288,5296 4374,5296 4461,5296 4548,5298 4635,5300 4722,5302"/>
                <TextEquiv>
                    <Unicode>oder 32 Büchsen und zwar mir etwan</Unicode>
                </TextEquiv>
            </TextLine>
            <TextLine id="r2l33" custom="readingOrder {index:32;}">
                <Coords points="2959,5462 3930,5393 4013,5454 4151,5395 4459,5449 4728,5389 4727,5329 4475,5299 2958,5357"/>
                <Baseline points="2970,5402 3057,5402 3144,5402 3231,5402 3319,5402 3406,5400 3493,5400 3581,5398 3668,5396 3755,5396 3843,5394 3930,5392 4017,5390 4104,5390 4192,5388 4279,5386 4366,5386 4454,5384 4541,5384 4628,5384 4716,5384"/>
                <TextEquiv>
                    <Unicode>4 fl. 5. feb vnd dergleichen Entwendt</Unicode>
                </TextEquiv>
            </TextLine>
            <TextLine id="r2l34" custom="readingOrder {index:33;}">
                <Coords points="3010,5521 4106,5478 4374,5487 4486,5547 4688,5482 4687,5404 4582,5392 4460,5449 4166,5402 4010,5453 3914,5400 3460,5451 3288,5401 3148,5462 3009,5417"/>
                <Baseline points="3020,5496 3102,5494 3185,5492 3268,5490 3351,5488 3434,5486 3516,5486 3599,5484 3682,5482 3765,5482 3848,5482 3930,5480 4013,5480 4096,5480 4179,5480 4262,5480 4344,5480 4427,5480 4510,5480 4593,5480 4676,5482"/>
                <TextEquiv>
                    <Unicode>habe, wie manches mahl aber diß</Unicode>
                </TextEquiv>
            </TextLine>
            <TextLine id="r2l35" custom="readingOrder {index:34;}">
                <Coords points="2981,5644 3214,5584 3324,5641 3399,5571 3494,5632 3589,5574 3872,5564 4480,5559 4552,5603 4652,5575 4651,5506 4476,5544 4070,5494 4019,5543 3818,5480 3595,5531 3497,5481 3379,5544 3194,5488 2980,5557"/>
                <Baseline points="2992,5588 3074,5586 3156,5584 3239,5582 3321,5580 3404,5578 3486,5577 3568,5576 3651,5574 3733,5574 3816,5572 3898,5572 3980,5570 4063,5570 4145,5570 4228,5570 4310,5570 4392,5572 4475,5572 4557,5574 4640,5576"/>
                <TextEquiv>
                    <Unicode>geschechen seye vnnd wie will es die</Unicode>
                </TextEquiv>
            </TextLine>
            <TextLine id="r2l36" custom="readingOrder {index:35;}">
                <Coords points="2983,5701 4610,5691 4710,5684 4710,5601 4475,5559 3970,5631 3867,5565 2982,5634"/>
                <Baseline points="2994,5682 3079,5680 3164,5679 3249,5676 3335,5675 3420,5673 3505,5671 3591,5668 3676,5666 3761,5665 3847,5664 3932,5662 4017,5662 4102,5660 4188,5660 4273,5660 4358,5662 4444,5664 4529,5666 4614,5668 4700,5672"/>
                <TextEquiv>
                    <Unicode>gantze zypf und inn allein antwendt</Unicode>
                </TextEquiv>
            </TextLine>
            <TextLine id="r2l37" custom="readingOrder {index:36;}">
                <Coords points="2981,5791 3850,5743 4450,5812 4675,5758 4675,5673 4448,5721 4389,5665 4198,5722 4035,5669 3928,5714 3667,5664 3347,5728 2981,5700"/>
                <Baseline points="2992,5764 3075,5760 3159,5758 3242,5755 3326,5752 3410,5750 3493,5748 3577,5748 3660,5746 3744,5746 3828,5744 3911,5744 3995,5744 4078,5746 4162,5746 4246,5748 4329,5748 4413,5750 4496,5752 4580,5754 4664,5756"/>
                <TextEquiv>
                    <Unicode>haben möchte konne es eigentlich nit</Unicode>
                </TextEquiv>
            </TextLine>
            <TextLine id="r2l38" custom="readingOrder {index:37;}">
                <Coords points="2998,5851 3362,5894 3457,5848 3607,5899 3981,5825 4295,5875 4404,5856 4404,5774 4119,5800 3717,5749 3448,5788 3370,5753 3316,5800 3252,5754 2998,5800"/>
                <Baseline points="3010,5838 3079,5838 3148,5836 3217,5834 3286,5833 3356,5832 3425,5830 3494,5828 3563,5826 3632,5824 3702,5824 3771,5822 3840,5822 3909,5822 3978,5822 4048,5824 4117,5826 4186,5828 4255,5830 4324,5834 4394,5838"/>
                <TextEquiv>
                    <Unicode>wüßen Jedoch vermeine ers</Unicode>
                </TextEquiv>
            </TextLine>
            <TextLine id="r2l39" custom="readingOrder {index:38;}">
                <Coords points="4486,5985 4501,5986 4522,6007 4551,6007 4573,5990 4654,6006 4667,5786 4564,5836 4540,5823 4517,5839 4495,5840"/>
                <Baseline points="4500,5926 4529,5929 4559,5931 4588,5933 4618,5935 4648,5934"/>
                <TextEquiv>
                    <Unicode>Ess</Unicode>
                </TextEquiv>
            </TextLine>
            <TextEquiv>
                <Unicode>Jacob Schreib.
Weilen derselbige vermitlest seines
Henraths Jac Būrg Recht ver¬
wirckt unnd darneben noch
underschidenliche diebstal begangen
vnnd dardurch die Landts verwysung
s
verdienet, Als ist derselbige
sambt seinem wyber Margreth
arli den 8. febr 1669 eydtlich
von Bürgeren zihl verwisen worden.
Barbeli Weibel von
Oottigen.
Ist den 11. decembris 1669 Zürich meh
rahts herrn Stürler als verordneten
herren Examinatoren, Wegen es
am sontag zuvor gewüßen gelt.
droben Inn deß Thorwarters
Stübli uß der Allmusen Buchsen
entwendt, deßthalber zun gewohnen
tem strecken thurn examinirt und
vollgende Bekandtnus von Ihmen
erhallten worden.
daß es namlich by dem allten.
Thorwarter 6 Jar lang gedienet
nungen den 2. letsten waren uß einner
böser begird, ohne Jemandeßen vff
noch anwysung leider disere böse
that angelangen, selbige auch mir
etwan zu 3 wochen oder monatten
Verrichtet vnd zum Vetten uß 2
oder 32 Büchsen und zwar mir etwan
4 fl. 5. feb vnd dergleichen Entwendt
habe, wie manches mahl aber diß
geschechen seye vnnd wie will es die
gantze zypf und inn allein antwendt
haben möchte konne es eigentlich nit
wüßen Jedoch vermeine ers
Ess</Unicode>
            </TextEquiv>
        </TextRegion>
    </Page>
</PcGts>
