5472 7296
855 1086 2455 1454 na 101.
1289 1528 2684 1862 Den 20. Aug: 166
987 1635 2656 1990 Wegen begangenen
1029 1777 2668 2148 Zweyben ehe bruch fählers
960 1909 2527 2222 von Mahl. vnnd Obere
1046 2070 2731 2428 Land unnd Gebiet luth gsetze
1042 2213 2591 2519 verwisen. vnnd Thra¬
1049 2358 2652 2678 zu quidierung obligender
1063 2531 2696 2765 geschafften vndt den 26. d.
1067 2657 2654 2916 Termin gegeben, Ihre Jeder
1073 2809 2664 3042 rn Dentzmahlen den außtrit
1070 2960 2566 3179 ohnverwylt an die hand¬
1032 3095 2489 3297 zu nemmen, ernstlich
1069 3184 2525 3415 Insinuirt worden etc.
1104 3728 2513 3954 Ulrich Bigell der saltz
1084 3894 2548 4132 Ußmaßer von Schwartzenburg
970 4088 2543 4338 Ist alß ein eheman wegen bekhent
989 4198 2579 4443 zweyen underem jüngsten gesatz be
952 4311 2564 4562 i gangnen ehebruchen fähleren und das
987 4411 2549 4657 Er auch dießmahlen von Anna Hofman
1007 4503 2512 4741 einer ehefrauwen uß obige ampten.
993 4625 2536 4886 deß dritten ehebruchs nit zu eige¬
1021 4705 2616 4949 nung eines knab anklagt, von imme
1020 4821 2565 5106 aber, daß er unschuldig dises letsteren
994 4918 2571 5195 dem ansechen nach uß forcht der straff.
1010 5026 2598 5300 der eyd zu thun angebotten worden.
1012 5121 2625 5414 mit dem sy ohne soffnung einicher
999 5250 2521 5554 begnädigung von Maßen und oberen
938 5372 2317 5637 statt und land verwisen worden.
924 5493 2254 5770 Acte prino Octob. 1667.
3189 1082 4623 1415 nformation.
3331 1571 4759 1834 beiden todtschlag.
3245 1742 4753 1950 So Frantz Ludwig von Ersach
3282 1852 4670 2086 Herr zu Giesplitz an Hans
3222 1995 4817 2209 Wenger dem Potten begangen.
4200 2271 4546 2441 Ec
3129 2377 4873 2624 dlach dem deger und
3011 2529 4870 2726 soberen durch das anbringen.
3082 2653 4865 2827 dero beiden dieneren deß Junckeren
3075 2747 4870 2925 Großweibel Mannels unnd gricht-
3090 2859 4792 3027 schreiber Rohrs, eröffnet worden
3088 2969 4836 3138 Waßmaßen verwichnen donstags
3061 3058 4825 3194 Den 20. junii diß 1667 Jar abends
3063 3132 4882 3331 zwüschen 6. unnd 7 uhren Hanns Wänger
3067 3252 4834 3435 der Gott von Ern Brandt Ludwig
3089 3375 4801 3516 von Erlach mit einem Pistolen Schulz
3080 3455 4835 3629 solcher gestalten verwundt worden
3063 3555 4806 3724 daß derselbige darvon alß bald
3054 3656 4841 3777 Todts verblichen, vnnd nun hoch¬
3048 3766 4832 3906 gedacht ihr an von Tragenden richter
3079 3825 4828 4006 lichen andtswegen ob und angelegen
3066 3921 4701 4069 sein wollen, disem leidigen vnd Er¬
3061 3999 4849 4179 träüwelichen Todtschlag und deßselögen
3023 4094 4828 4285 eigentlichen ergangenheit, gründtlichen
3036 4219 3090 4315 e
3084 4185 4644 4336 nachforschen- unnd ervorderliche
3059 4287 4737 4439 Information vffnemmen gelaßen.
3005 4366 4783 4524 Alß habend in demselbigen end mahl
3081 4448 4773 4626 unnd oberen lauth dero den 24. und
3085 4549 4812 4705 2. deß obgemelten monats abgangnen
3096 4625 4794 4780 ererandtnußen, dero geliebtem mit
3073 4707 4788 4888 racht unnd neüneren dem hochgeachten
3020 4793 4764 4960 Edlen Ehrenvesten, Krommen furnemen
3036 4893 4753 5053 fürsichtigen unnd wysen herren, Hein
3059 5017 4805 5129 Christoff von Graffenried befelchlichen
3022 5095 4757 5223 uffgetragen, daß er mit zu thun hrn
3077 5147 4787 5316 Einnger Johan Spätings und Gricht,
3077 5243 4745 5399 schreiber Rohrs, dieselbige Zur Land¬
3061 5325 4805 5490 nemmen, vnnd nicht anein die jennigen
3055 5448 4796 5575 so darby und mit gsin, wie aler schutz
3014 5487 4697 5662 Ergangen sonderen auch die welche
3059 5563 4803 5756 deß gethätern ehrenverwandtschaft
