5472 7296
891 865 2607 1278 vber den Inn zugen gelegenen
934 1016 2624 1374 weniger gerathen worden.
909 1133 2586 1492 er gegung seye darumb gegen
929 1250 2671 1589 der statt zugangen, so daß er
919 1353 2645 1685 nit wüßen möge, wie lang der
913 1460 2579 1791 abgelybte hernach nach gelebt
875 1547 1409 1761 halben etc.
1268 2116 2594 2330 ernach volgend der
1053 2255 2530 2481 fennigen Kundtschafften
1002 2347 2594 2597 ußsag, welche uff ihr ge
1135 2474 2582 2691 zulaßen von einer Adtlich
1160 2564 2562 2812 Ehrenverwandtschafft
1103 2704 2583 2899 genambset und eydtlich
1127 2797 2310 2991 vnomen worden sind.
926 2992 2667 3263 erstlich zuget Samuel Hande
911 3147 2578 3320 von Rydanwein Knab von 13.
917 3261 2615 3435 fären, wellicher by mr Marx
892 3382 2636 3533 Zingg in schumacher zu Gundict
912 3436 2476 3587 das handwerck lehret bÿ
905 3546 1827 3696 geleistetem eyd
1828 3525 2617 3696 daß er selbig
947 3628 2594 3801 tages mit dem weitel eyer
878 3722 2639 3826 uß der statt gegen Schante thor
879 3805 2621 3974 zu gangen unnd den irnn frantz
901 3901 2625 4027 vff dem Roß Siehend, by Peter
878 3986 2579 4154 Streit unnd dem abgelebten
898 4078 2585 4234 wenger angetroffen, welche
904 4176 2577 4289 mit einanderen gewortet und
890 4261 2589 4423 habe er gehört, daß sy von einer
817 4348 2472 4533 gewüßen ihnen gesetzten stund
882 4371 2619 4601 geredt, da streit zum er gsagt
804 4531 2560 4729 der Weibel habe uß deß Irn
862 4593 2611 4778 befelch thunne die stund und b
854 4696 2596 4892 11 uhren genambset, darauff der
2548 4808 2599 4859 .
870 4775 2549 4988 Er gesagt, ihmmt seye die stund
795 4871 2466 5060 umb ein uhren gesetzt worden.
851 4926 2594 5141 unnd seye doch schon umb 12 uhren
848 5056 2528 5253 Inn der statt gsin zun allen
870 5132 2525 5353 disem wortstreits gryffe der
845 5200 2570 5441 er dem wenger gegen har vnnd
857 5291 2578 5561 gsagte, er seye deß streits ver
816 5377 2627 5637 Sterber vnnd vffwiggler, welches
881 5491 2484 5685 wenger widersprochen und de
851 5549 2547 5800 ion vom Haar gryffen abhalten
806 5649 2490 5906 wollen worüber der ir etc.
2928 1056 4742 1289 Erzürnt zum Tagen griffen
3054 1187 4878 1390 vnnd mir demselbige vff wenger
2999 1301 4806 1506 zugeschlagen, welcher mit dem
2992 1383 4725 1609 ey sich gehabten stäckli parcit
2972 1480 4787 1678 sunnd die streich abhalten wollen.
3028 1571 4754 1773 Inn demme seye dem Er der
3001 1657 4695 1874 fagen uß der hand in boden
3050 1741 4857 1950 gfallen, aber aber wenger denselbigen
3023 1833 4694 2029 dem erseß der hand gezogen.
3035 1937 4828 2123 oder wie es eigentlich zugange
3030 2035 4802 2248 könne Er gegung nit wüßen
3056 2144 4833 2335 wie nun der er gesechen, daß er
4662 2280 4717 2354 .
2987 2244 4657 2418 vom tägen khommen, habe er
3056 2336 4815 2516 alß Bald vff die Pistolen griffen
3041 2430 4815 2612 unnd dieselbige gegen dem weniger
3041 2523 4854 2734 Looß geschoßen. So aber, wie ihmen
3045 2636 4771 2814 vorgeoffnet worden, der hauen
3071 2735 4814 2920 nit uffgezogen gsin, wüße er nit
3044 2877 4729 3043 dan er nit so genauwe achtung
3058 2931 4730 3119 druff geben, vnnd habe auch
3089 3026 4741 3216 nit gesehen, daß wenger den
3060 3102 4829 3287 Irn mit dem entfallenen Tagen
3080 3223 4814 3412 geschlagen weniger gehört, daß
3069 3318 4806 3494 er demselbigen einichts böses
3080 3420 4821 3593 wort gegeben habe. Als nun
3084 3493 4778 3669 wie gemelt der schule beschechen
3091 3598 4766 3758 unnd wenger der canen nach
3075 3687 4811 3867 etlichen schrift furer gangen, habe
3077 3763 4774 3932 der er noch mit der Pistolen
3075 3865 4695 4037 nach dem wenger geschlagen,
3043 3953 4800 4087 Woruff derselbige dise wort
3089 4042 4742 4190 geredt: Der ain Ich todt. vnnd
3083 4131 4791 4312 gleich daruff nider zum Boden
3091 4231 4818 4414 gesuncken, diß geschëchen, habe der
3074 4331 4794 4507 er sein wägen gekorderet, welchen
3104 4426 4782 4599 aber der hr. Haller ihmme nicht
3090 4511 4791 4673 gefolgen laßen wollen. Er verspreche
3072 4609 4823 4789 dan frid zu halten, welcher gelobt
3076 4699 4816 4875 auch gehalten unnd uff das starck
3062 4785 4717 4950 fort die Straß auß geritten,
3010 4879 4797 5065 anders seÿe Ihmme gezugen nicht
3090 4984 3808 5144 Innweißet.
4238 5451 4810 5660 Stephan etc.
