5472 7296
1349 915 2489 1282 Niclaus Jogeli
1468 1063 2353 1332 von Erlenthalb
911 1233 2621 1638 Ist wegen syner an Gelegion Schnider
915 1372 2668 1791 synen schwacher mit worten und wercken,
930 1488 2630 1827 begangner mißhandlung zu einer
958 1615 2679 1932 wolerdienten gedach gnädigen straff neben
962 1702 2689 2064 beschächner ehe schidigung von syner frachen
940 1872 2634 2144 von Mahl und oberen von dero star
918 1956 2623 2269 land und gepiet, auch den zweyen miter
946 2123 2629 2382 gierenden ampteren Schwartzenburg und
959 2234 2637 2488 Marten den gantzer Parlang, Eydt-
960 2342 2589 2591 lich verwisen und ihmme konterlich
972 2458 2549 2707 vorbehalten worden, das er jennert
961 2537 2611 2796 diser zeit kein access zur wider
975 2695 2606 2910 begnadigung nit haben. Ir b aber
945 2782 2608 3052 eren stohn solle by erlangend be-
949 2895 2708 3197 gnädigung, imme flager hin ein beliebige
948 3036 2191 3279 geltstraff aufzuleggen.
913 3153 2601 3405 Ist auch von söhnen begangnen fehleren
937 3305 2653 3521 wegen gegen seinen schwächen zur depre
951 3434 2495 3633 cation vor pfarrgricht erkendt.
960 3529 2625 3748 und imme der eyd, in absens deß
917 3674 2565 3898 Aunn her Groß weybel Mannels
960 3829 2532 4027 von Grichtschryber sehr den 1 tag
925 3954 2483 4182 Jan 1667 gegeben worden etc.
1101 4279 2410 4538 Beat im hoff
858 4538 2633 4816 Ihlen erselbige die bestimbt
906 4705 2498 4953 hyrt Inn der Gefangenschafft
895 4802 2550 5067 ußgestand und aber unzwüschen
924 4922 2536 5163 synen grübigeren mit gebührender
903 4994 2538 5251 satisfaction nit begegnet, habend
895 5093 2539 5353 ihr an nit und erlaßen können dero
919 5169 2529 5448 begehren nach denselbigen deß landts
891 5255 2592 5563 gsatzmäßig zu verwysen, wellicher
918 5384 2339 5628 dan auch den 5. junii 1667.
872 5515 2470 5786 formatisch außgeschworen.
3055 2026 3146 2181 .
3109 4726 3195 4856 .
3393 1200 4564 1434 Jans Miliare
3348 1382 4329 1617 von Arberg.
3150 1711 4776 1947 der ist wegen er sich mit
3175 1868 4848 2071 dem anderen ehr bruchen vergeßen
3147 1986 4777 2211 unnd allso luth Gantzes der
3118 2127 4827 2316 landts verwysung theilhafftig
3155 2263 4733 2464 gemacht, den 6. julii 1667.
3146 2343 4653 2584 eidtlich von Statt unnd land
3164 2507 4879 2720 verwisen, ihmme jedoch 14 tag
3156 2642 4714 2857 umb interim syne sachen an.
3158 2774 4689 2983 ein orten gemachen Termin
3142 2906 4280 3110 gegeben worden etc.
3315 3399 4840 3814 Barbara Steinhauwer.
3191 3804 4786 4042 disere von Riggisperg allharge,
3206 3969 4693 4138 brachte der deperey halber im
3181 4068 4824 4231 verdacht geweßen, vnnd auch deßt¬
3202 4168 4849 4345 halber droben zu Riggisperg gefoltere
3183 4267 4701 4435 er wybs persohn deren mutter
3178 4380 4688 4531 kurtz zuvor angemeltem orth
3167 4483 4788 4650 von diß Casters wegen hingerichtet
3207 4563 4769 4743 worden. Ist den 13. julii 1667.
3197 4651 4724 4846 uß ihr in gefelch, wyl man
3205 4758 4788 4936 nichts eigentliches und gründtliches
3154 4861 4781 5054 uff sy noch uß ihren bringen können.
3171 4966 4767 5140 Kydtlich von Statt unnd Land
3219 5062 4272 5256 verwisen worden.
