5472 7296
956 880 2622 1401 vnderen leichen gegen
979 1044 2553 1503 dem herren solche den
906 1195 2659 1654 nach demmen sy zuvor mit einander
942 1298 2676 1734 beidersyts wohl bewynet, uß der
936 1444 2652 1885 Statt gangen, Ihmme Kobi solliches
928 1581 2649 1955 angemutet, unnd auch uff be¬
912 1681 2638 2076 schechene Vnwilligung die that
978 1840 2294 2118 würcklich verrichtet.
920 1957 2643 2328 Das andermahl ohngefahr inn
935 2153 2618 2484 einem halben jar hernach, alls sy
930 2296 2662 2558 einsmahls zu Burg dorff einander
929 2396 2638 2702 angetroffen, vnnd er Eyser den
879 2504 2619 2797 Kobi, ihmme inn dem Potten
917 2593 2634 2881 behülfflich zu sein angesprochen.
904 2754 2654 3017 selbiger sich auch darzu verstanden
911 2846 2638 3112 vnnd vollgends zu Butter kinde
885 2942 2660 3207 Inn dem Wirthshaus bÿ einander
921 3105 2624 3300 übernacht gelegen, habe er sich
905 3205 2611 3363 weider damahlen widerumb mit
882 3293 2485 3516 offt gesagtem Kobi, Inn diser
889 3424 2472 3613 greuwlichen that verdrabt.
907 3578 2640 3799 Das dritte mahl aber seye beschechen
903 3724 2649 3916 etwan inn einem monat vollgendt
863 3829 2596 3993 da er durch Vrtenen gereist.
787 3937 2607 4135 vnnd daselbsten im furbey gehen
819 4039 2638 4272 den grath Kobi Holtzscheiffend angen
816 4151 2610 4378 eroffen und denselbigen Jun¬
860 4245 2589 4523 das frauwe holtz geführt, habe
864 4363 2639 4593 er allda widermahlen, die abschenliche
860 4476 2502 4755 that mit ihmme verrichtet.
834 4633 2600 4991 Verners habe er auch schon vor
857 4809 2535 5050 18 waren mit Jacob Meyeren
843 4866 2513 5173 dem Pottes by der Papÿr Mugli
851 4964 2613 5293 wohnhafft, allhier nun der statt
824 5068 2576 5393 Inn einem gewüßen underen stübli
727 5203 2420 5551 by dem schulz inn söllichem
799 5252 2585 5618 greuwen sich befleckt, vnd seye
807 5372 2571 5677 wenig zyffs hernach inn deß hern
777 5423 2580 5798 krütige sel Marten zu Werkouffen
811 5509 2592 5881 ein gleiche that durch den Meyer mit
794 5624 2584 5984 Ihinde vorgenommen vnd wurcklich
2144 5798 2546 5957 kinderlichen
769 5833 1840 6078 verrichtet worden.
4628 923 4740 1085 49
2931 1248 4673 1435 Endtlichen bekente er auch vor
2995 1413 4735 1579 ohngfahr 30 Jaren, mit einem ledigen
2967 1503 4648 1700 Menschen nammens Maria, sich
2960 1622 4722 1797 fleischlich vergeßen, vnnd allso einen
2954 1729 4684 1852 Ehebruch begangen darumb aber
3003 1827 4393 1986 bereits abgebüßt ze haben.
2944 2258 4668 2486 Vber welliches sein grath Kobis
2979 2419 4717 2577 unnd Willhelm Lysers hoches und
2909 2465 2985 2555 1
3003 2508 4689 2689 schwerens verbrechen nun, als da
2986 2617 4669 2799 er Kobi nit mir allein inn die¬
2982 2719 4569 2906 drey Fürsten sambt einer Sagi
2996 2822 4722 2995 vnnd allein darin geweßnen Hauß¬
3003 2945 4740 3117 racht, auch etlichen pfenwerten vor
3002 3048 4592 3202 setzlicher muthwilliger unnd
2952 3137 4610 3320 krafner wys yngeäscheret,
2974 3246 4694 3420 sich auch der inn dem einten Hans
2984 3341 4525 3538 befundenen persohnen, als deß
2986 3447 4647 3627 Hanß vatters unnd der Hanß
2974 3548 4633 3719 mutter, die da dem erhalltenen
2963 3647 4701 3822 gloubwürdigen bericht nach, mit
2959 3739 4517 3918 zweyen ergriffnen Kinderen
2979 3852 4697 4006 kennerlich nacket und bloß dem
2941 3936 4680 4115 feiner entfliechen können, so vill
2977 4050 4546 4196 an Ihmme gewesen zu einem
2970 4130 4699 4277 Mörder gemacht, unnd ein gantze
2978 4228 4748 4377 dorff vnnd embligende Nachbar¬
2992 4327 4708 4506 schafft, inn großen Jammer vnnd
2978 4420 4733 4610 ußerste gefahr gebracht, sonderen
2995 4525 4750 4706 sich noch darzu von dem Willhelm
4236 4607 4449 4702 schandt
2977 4614 4647 4793 lyser mit der abschenlichen schat.
2987 4705 4746 4869 der Sodominterey schandlicher wys
2988 4821 4705 4984 beflecken laßen. Er Willhelm
2965 4916 4687 5106 Eyser dan ihnne Kobi zu Underen
2977 5038 4723 5192 eschidenlichen mahlen, wie auch vorgen
2977 5125 4640 5286 melten Jacob Meyer mit diser
2965 5221 4548 5396 erschrocklichen freuwlichen vnnd
4545 5274 4595 5341 .
2979 5318 4660 5449 wider die Natur strebenden that
2951 5425 4699 5610 Mißbrucht. Meine gnädige Herren
