3024 4032
592 1307 654 1362 142
592 1612 642 1663 143
592 2670 654 2752 2 1/2
614 667 657 730 140
612 850 665 930 141
945 294 1492 416 Frÿtag den 14. junii 1644.
688 379 1334 483 Hr. Venner Zeender richter, Hr. von Wert
675 471 1207 569 Hr. Dican Schmid, Hr. Rütimeyer
674 549 1273 658 Hr. Cottier, Koler, Amport ernst
684 619 1923 755 Bendicht Stettler dem kärlis-mann, ist verwilliget, mit Elsbet Umber zu
675 705 1192 789 Bümpliz kirchen-recht zethun
681 829 1977 965 Hr. Samuel Gruber deß hetters zu Thun, syne unglegenheiten wyttloüffigen er¬
677 908 1981 1015 zellendes antwort schryben ist abgehört, und darüber gerahten worden, dem Hr.
672 953 1973 1070 dicano zu befelchen, dem klaghafften Jacob Moser und auch andere so etwas an
669 1023 1965 1126 imme zusprechen haben möchtend, zur gedult zewysen, biß daß er ein andere
671 1091 1737 1194 beßere pfrund, oder sonst zu beßeren mittlen kommen werde.
668 1264 2012 1367 Johans Diken dritten unehelichen kindts halben ist ein anderer rahts befelch yngelanget
672 1323 1997 1434 und uß crafft deßelben syner mutter befolen worden, das kind von nun an zur
641 1392 1462 1496 hand zenemmen oder zeverdingen und zuverköstigen.
674 1565 2003 1654 Fr. Anna Schelt von Thun hatt Hr. Samuel Tüscher dem predicanten zu Routingen irem
668 1624 2012 1721 Ehemann, neben der unfusligkeit unbescheidenheit schlachen stoßen und schnöd halten irer
647 1676 2031 1806 persohn, auch eines ehebruchs mit Elsbet Widmer von Biglen syner dienst-magd begangen
659 1733 2003 1843 anclagt, und synes, umb verzychung bittens und beßerung anbiettens, ungeacht
661 1781 2012 1919 sich zur versühnung nit schiken wollen, und wiewohl nun er zebewysen understanden, daß
674 1845 1982 1946 sy imme eben disen fähler schon verzogen habe, so habend doch meine Herren im bedenken
673 1894 2013 1987 daß disere vermeinte verzychung der ehebruchs-bekantnuß vorgangen, daruf
666 1947 1992 2050 nit sechen können, sonders von nun an die ehescheidung nach gmeiner form
669 2004 1947 2134 der wartzihlen, erlouptnuß nemmens und schyns halb, zwischen ihnen
678 2065 1971 2171 erkent, nur umb allen costen verfellt, wie d'straff und by ihr Gnaden umb
667 2127 1959 2257 anderwertiger versechung willen der pfrund zuversechen erkent und an Hr.
662 2177 1986 2298 ampts-man zu Thun gschriben worden, sy mit eherlicher lüten hilf zytlichen
665 2238 1961 2370 mitlen halb zeverglychen, mit vermelden, wyl die frauw sich erklärt
670 2311 1985 2426 die kinder ufzeerzüchen, daß by meine Herren es by demselben wellind bewenden
671 2367 1990 2494 laßen. Den 19. ist der Tirnen vatter, so für den cranz gforderet synes begerens ab¬
668 2442 1545 2544 gwisen, und aber erkent worden, daß er sy usen lösen solle.
662 2468 1980 2604 zur guts verglychung sind den 26. junii geordnet worden, der sechs decan und noch 2 oder 4 so
655 2568 1208 2666 die partien selbs erwiesen mögend.
2117 340 2186 413 144.
2218 317 3537 462 Steffan Bürgin und syn frauw, so einander abermalen ins haar gerahten, habend
2200 416 3567 498 ire sach wyttloüffig gegen einander verfochten, sy sich der streichen, er deß gelt ent¬
2193 461 3579 567 frembdens und anderer inn yngelegten fürtrag begriffner sachen erklagt, sonder¬
2208 526 3500 634 lich auch deßen, daß synes läbens er vor ira nit sicher syn, der schidigung
2210 578 3484 705 begrende. Stalte auch zur kundschafft wider syn volgende personen, die
2208 633 2475 708 ezügend wie volget.
2208 681 3553 804 Hr. Abraham Lienhart und Hans R. Räzer der Glaser zügend einmündig, man finde sy
2201 743 3516 851 mehr uff dem märit, der statt uf und ab spacierend und vor dem hus weder inn dem
2205 795 3513 907 hus ihren husgeschefften abwartend, sye vertrunken, lesteren schenden und schmechen ge¬
2205 851 3552 966 sye, ira sehr gmein und führe ein ganz üppig und gottlos wesen wyb; die 20 kronen
2195 925 3546 1022 so er klagt, hab sy bekent genommen zehaben, also namlich, daß sy gesagt, der halb
2199 961 3524 1049 theil sye hievor ihr gewesen, sy dann von 10 kronen wegen, so schantlich ztractieren
2211 1029 3558 1114 hab er nit gnug ursach, hab ihren ehemen ein hundts Schelen dieb mörder
2209 1070 2397 1138 tituliert etc.
2203 1121 3557 1225 Herstoffel zeender, daß z'Bümpliz an einem sontag sy zum wirtshus kommen und
2207 1181 3540 1273 ihren eheman, so bim tisch gseßen, mit denen worte angfallen du hundts du
2212 1258 3567 1341 schelm, dieb etc., daß sich der dorner etc. Bürgi sy stäts mit guten worten abtädiget
2211 1309 3522 1386 biß entlich, da es nit guten wollen, er ein teller genommen gegen ira werffen
2208 1344 3555 1433 wellen, darnach ira eins bracht, sy gesagt, gsegne dies der etc. uff abmannen
2295 1388 2475 1437 des Hr.preditant
2531 1395 3485 1495 so ira den mann grümbt und gsagt, wie gott sy
2214 1449 3539 1542 zusammen geordnet, gebe sy imme zur antwort, so werdt sy der T. uss einander scheiden
2214 1512 2991 1584 und noch vil andere grüwliche wort mehr.
2214 1535 3511 1665 Peter Scherer Bastian Kratinger und syn wyb, vor mittag habe sy vor 10
2219 1633 3510 1721 jahren, als sy by ihnen angfangen kundtsamme machen hab sy gsagt, z'morgen mög sy
2213 1666 3525 1779 nit trinken, aber z'abend oder z'nacht solle er sy laden, als er auch than, s
2210 1728 3552 1829 Da habe sy by 2 oder 3 mas glezt und sidt ihren strytigkeit gesagt, wie ira
2210 1774 3548 1893 nit wohl syn werde, biß sy ein mäßer inn synem lyb gewäschen. Gott ich hab
2216 1839 3555 1944 das mäßer stäts by mir z'nacht uff fürhalten, daß man sy darnach auch
2229 1888 3515 2008 richten werde, antwortete sy, sy habe nur einen todt zeerwarten, frage nichts
2223 1947 3357 2056 darnach in summa sy gäbe imme so fule zahl die nit uszesprechen
2222 2029 3541 2117 Peter Schürers frau züget deß mäßers und böser worten halb glychförmig und
2226 2067 2954 2175 daß sy das mäßer, so lang gsin, gsechen.
2218 2114 3512 2231 Peter Schürer, daß sy uff ein zyt imme schier mit einer halparten ersten
2224 2195 3566 2282 wann nit er pariert, erstochen hätte, unchristenliche wüste wort, gebe sy imme
2237 2239 3521 2334 gmeinlich und habe gsagt, sy möge nit sterben sy habe dann ein meßer inn
2235 2298 3539 2408 imme gwäschen, der T. sölle sy nemmen, wann sy es nit thüge, sye gott nur ein
2227 2352 3559 2459 todt schuldig, wann nur imme das gut nit werde, dise treüwung sye by
2230 2433 3568 2531 nuchterem verstand beschechen, da sy auch gsagt wann sy das meßer bim Tisch
2223 2482 3467 2627 by sich habe, dörffe er nit approchiren, was sy imme auch fuls sage
