3024 4032
567 1787 642 1849 186.
577 2015 644 2071 187.
564 2313 641 2402 188.
552 2686 629 2752 2 1/2
582 818 641 882 184.
585 1073 640 1141 185.
595 367 678 431 183.
675 331 1981 433 Zwischen Meister Gabriel Güntisberger dem Schärer und synem wyb und schwäger anders
678 401 1901 497 und Güntisberger dem schumacher und synem wyb dritten theils, da ermelter
680 439 1937 540 Gabriel sich gar unwis gegen synem wyb erzeigt und darnach an syn bruder und
677 497 1958 605 schwager, so eine abbrochen und syn frauw um ihr hus ufgenommen, mit eher verlezligen
686 545 1966 648 worten und auch tätlich gewehsen. Ist erkent worden, daß derselb biß mit
680 608 1802 713 wochen daß lochs hüten und darnach sy mit einanderen versühnt werden söllind.
685 758 1982 877 Christen Balsinger von Belp, so inn der Brönimannin nebentstuben, by Salome Rede
669 842 1915 955 ein manns persohn eroffnen thatt gesechen haben sol. uff mittwochen harcitieren.
859 1033 1962 1127 Dierstein dem studenten ist anzogen worden, daß junker Abraham Manuel
675 1069 722 1129 von
664 1114 1950 1207 uff der burg by Murten wohnend, einer inne by nacht inn einer gwüßen kammeren
657 1171 1967 1250 by syner magt funden habe, er aber vor dem geistlichen convent keiner ungebühr
658 1242 2001 1343 habe anred syn wollen. Schryben an junker Manuel syn magd herzehalten damit
656 1280 1391 1381 sy beide könnind mit ernst erforschet werden.
927 1380 1486 1530 Montags den 26. Juni 1644.
650 1497 1341 1591 H. Hans Rudolf Dubin deß rahts richter
653 1593 1178 1686 H. Decan Schmid, H. Rüthimeyer.
651 1660 1276 1775 H. Amport, Ernst, Cottier, Koler.
648 1776 1948 1856 David Dick dem träger mit Salome Rohr der kilchgang zu Münsingen erloupt.
669 1957 1999 2072 Elsbet Seiler uß dem Kleinholzen, hatt Bendicht Christ uff Egg der Kilchöri Herzogen
650 2031 1997 2121 buchsee, mit klagendem byschlaff, der ehe angesprochen, und es ime, uff syn verlougnen,
652 2109 1992 2176 und er augen wahr syn erhalten, sonderlich, daß er zum virten mahl mit ira zuschaffen gehept
639 2143 1984 2240 habe, und so aber er gar nichts bekennen wollen, ist er biß frytag ins loch erkent.
653 2281 2004 2388 Susanna Reding von Copingen hatt Petter Schönen von Uzenstorf glychfahls mit klagenden
665 2333 1977 2449 byschlaff der ehe angesprochen, er aber nur deß byschlafs anred syn wollen, und so nun
650 2393 1993 2492 sy ire ansprach inn keinen weg bewysen können, ist dieselbige ufgehept, beide im vorige
660 2460 1971 2545 freyheit gstelt und er verfellt worden, daß er ira daß kind uff zueignen abnemmen, es
662 2515 2000 2605 uferzüchen, ira 3 krona wie die kindbetti geben auch allen anderen costen diser sach abtragen
657 2571 1890 2670 sy umb iren anden fähler abdienen und er umb den dritten verleidet werden sölle.
2124 344 2182 422 189.
2113 857 2187 929 190
2117 1171 2189 1261 191.
2135 2218 2191 2284 193.
2129 1822 2195 1902 192.
2223 356 3545 424 David Sigfried hatt bekent sich mit Elsbet Herman im ehebruch vertrapt zehaben, darüber
2218 404 3534 485 er hinab ins loch, synen fähler abzedienen, erkent und Hans Zimmermans halben, deßen ehe
2214 454 3530 526 wyb einer iezen umb verzychung gebetten, da aber er sich gar nit ergeben wellen ferners mit ira
2213 512 3468 606 huszhalten gerahten worden, daß sy ad formam der wartzihlen erloupnuß nemmens und
2217 557 3494 660 schyn bringens halben von einander gscheiden, sy imme umb den costen zugsprochen und uff ihr
2224 605 3546 719 globen an eidts-statt, daß er Zimmerman ihres kindts ehelicher vatter sye, er verfellt worden
2214 650 2688 747 daßelbige vollkomen ufzeerzüchen.
2237 825 3509 943 Peter Castler der krämer zu Oberburg, deßen ehewyb Beatrix Asper
2225 908 3518 987 der denn 6. decembris alhie ergangenen urtheil nit statt thun wil, hatt ein such brieff
2223 958 3545 1033 wider sy erlanget und folgents den 22. julii einen ruffbrieff. Den 3. pfund bracht sy ein schryben
2671 999 2961 1078 11 tag  harzehalten.
2502 1006 2628 1049 ime uff
2220 1009 2491 1083 es an Herrn Schultheissen zBurgdorf
2487 1006 2820 1095 Exivit H. dicanus.
2220 1159 3521 1251 Bendicht Engeman klagt itz Veronicam Müller syn ehewyb an, daß by Marizen Schön¬
2217 1212 3507 1313 tahl hinder verschloßene thüren sy im wirtshus zu Belp einig und allein gelegen seye.
2219 1275 3486 1363 sy bekent, da gelegen zesyn, welle aber bewysen, daß noch andere mehr persohn eben inn
2220 1327 3524 1424 selbigem gmach gewesen und sy allein umb sicherung willen by sich gehabten goldts, darin
2220 1392 3510 1492 der wirtin sy nur die münz zubehalten geben habe zu ermelten Schöntahl gelegen sye,
2227 1432 3476 1537 Und wyl ein ermelter Schöntal, so widrumb inn frankrych, zu thun by ira syn
2224 1503 3525 1581 herberg gehapt und also sehr zwyfelhaftig, ob nit sy sich mit einander vertrapt haben
2224 1552 3537 1646 verdient, ist erkent worden, daß sy mit einem schryben gan Belp gewisen syn söllend
2217 1589 2927 1689 daselbst ihre kundtschafft ufnemmen zelaßen.
2223 1786 3515 1903 Amman Balsinger beschwärt sich syner sohn, so mehr nit als 17 oder 18 iährig sye alhar
2217 1874 3546 1971 kommen zelaßen, mit vermelden, daß die sach sich schon vor 4 iahren sölle zugetragen haben und syne
2214 1931 3483 2023 Sohn imme noch disen morgen verlaugnet habe etwas derglychen gesechen zehaben, Cooniten ein
2220 1978 3489 2072 Richarpen: an die E. ime mit bricht uß em Toufrodel synes alters halb uff montag
2222 2032 2393 2112 harzwysen.
2216 2187 3545 2277 Peter Teilkäs hatt 4 kundtschafften darunder einer syn knecht wider Madlen Brönniman gestelt
2225 2257 3532 2334 die habend sich allersyts einfaltig er luteret nirgend von nichts zewüsten, und wyl nun sy ire
2218 2307 3526 2410 ansprach nit gnugsam bewisen, sind sy ledig von einander erkent, beide im vorige freyheit ge¬
2223 2371 3206 2461 stellt und er ira umb 3 Kronen für ihren costen zugsprochen worden.
