3024 4032
452 931 615 1046 * oder ihr Gnaden
456 1019 632 1082 syner verhaftung
450 1065 612 1136 zberichten
541 1516 608 1575 446.
439 2063 614 2151 und auch ver¬
439 2137 599 2190 meldet worden
433 2178 598 2240 wie die üwin¬
423 2221 593 2288 nen genzlich
424 2268 582 2340 ufgehept er
435 2308 606 2374 darumb gstrafft
436 2355 619 2414 worden und also
433 2390 596 2451 nit ferners
433 2437 598 2497 büßt werden
422 2483 521 2550 sölle.
573 351 657 422 245.
673 304 1912 420 H. Oberst von Croll hatt von von minen Herren begert, daß die inn synem abwesen und wider
1469 385 1906 472 und Emilia Catharina
660 387 1301 479 synen willen zwüschen Paul Morier von
655 429 1917 558 syner dochter, so den 6. augusti nechst zukönfftig eben das 13 iahr ires alters
657 502 1943 616 erlanget uß gutheißen und antrib der princeßin irer mutter selbs
651 566 1946 682 erganger eheversprechung ufgehept werde. Und wyl nun die sach wie
679 615 1956 731 gemeldet dem vatter hinderrugks hergang, dem gsaz gottes und der
656 679 1964 777 mentschen nit gmäs gantz unrymlich und aller christlichen E. zwider
650 762 1957 848 ist derowegen die versprechung, so auch der dochter selbs mißfellig syn sol
647 805 1909 928 ufgehept und die dochter ihrem H. vatter widerumb inn synen gwalt
656 873 1976 985 erkent, auch der costen ob bemeltem Maurico zugsprochen, an die ampts
650 930 1958 1045 lüht zu Newis und Morsee, sich ermelt Maurico wann er sich widrum
656 990 1927 1089 ins land ließe, zeversicheren und inne harzeschiken, geschriben. Disere
642 1063 1916 1173 urteil dem H. obersten zwar eröffnet, aber doch by gesezt worden,
639 1127 1681 1245 daß vor vertigung derselben man sy zur corroboration
1680 1142 1909 1233 für raht
1681 1192 1817 1245 und wie
648 1196 1953 1314 tragen und ihr Gnaden grad auch heimstellen werde, ob die princeßin
651 1266 1691 1372 von so unzytiger verhüratung wegen ires kindts zu straffen
1688 1263 1788 1357 sye
637 1329 1973 1426 den 15. ist der yngelangte raht-zedel abglesen und disere urtheil hiemit widrum confir¬
642 1389 828 1465 miert worden.
644 1448 1918 1581 Pierio Ambort von planches hatt zwar vor chorgricht zu Monstruz
636 1551 1931 1657 Marian Michel von palons der ehe angesprochen, volgendts aber
632 1619 1972 1723 wyl der tochter vatter imme mit syner tröhlsucht fationiert, sich
638 1673 1991 1776 syner ansprach entzogen, mit begeren inne mit zuspruch erstens zu liberieren
629 1744 1976 1842 by wellichem synem begähren, und wyl er auch gar nichts bewysen können,
632 1811 1961 1923 die bemelte ansprach nichtig erkent, beide inn vorige freyheit gstellt
629 1895 1936 1992 der costen, wyl der dochter vatter inne mit costen abtritten, daß er nit zu verhör
633 1946 1988 2051 syner kundtschafft gelangen mögen, zu zweyen doblonen, die er ira von synes
632 2012 1962 2122 synes ungrundts wegen geben sölle, moderiert und der iniurien halb
644 2079 1959 2164 wenn die H. richter und predicant von monstruz und andere mehr ehe¬
1047 2140 1167 2192 dochter
656 2130 1973 2240 liche lüht, sich ab der vatter erklagt, erkent worden, daß dieselbigen
638 2226 1898 2327 ohne nachteil ihrer allersyts eheren ufgehept, er allen sölichen
624 2275 1941 2399 iniurien halb ufgangenen zimmlich billichen costen nach deß H. landt
613 2345 1932 2464 vogts (deme darumb zugschriben worden) moderation abtrag, meine Herren
620 2416 1938 2531 9 pfund zstraff geben und sich alsit erkennen sölle, sonderlich ermelten
629 2488 1957 2610 beiden Herren über than zehaben und sy für eherliche ires bruchs wohl wärdige
614 2572 1988 2671 menner zhalten, das hatt aber er nit erstatten wollen, es ein blinde untheil nam¬
623 2618 1430 2725 sende. Also ist er biß montag aber erkent,
2059 346 2138 418 247.
2086 1128 2156 1211 248.
2100 1948 2156 2005 249.
2115 2658 2171 2744 15.
2170 324 3483 437 Barbitte Charles Blancho von Grandcourt ehewyb hatt sich ab imme irem
2157 379 3489 510 eheman sich untheürer schnöder tractation und daß uß böser zwyfel als ob
2169 450 3500 550 das letste kind, so sy imme geben, nit syn wäre, er sich by 5 jahren irer gmein
2162 501 3471 621 schafft überhept, dieselbige schrökenlich verschworen und sich auch verredt habe
2161 577 3495 690 ihrer guteren sich nit anzenemmen, wie dann er daßelbige auch sidt 6 jaren
2165 626 3450 722 dahar styft gehalten habe, der schidigung begerende und wyl aber ein
2169 679 3459 795 solicher begähren sy nit gnug gründet und er sich aller beßerung anerbotten
2163 746 3477 864 sind sy widerumb zusahmen erkent, er von syner unthüwer ab: und sy zu hin¬
2164 831 3498 916 legung ihres nit ohne ursach habend widerwillens vermahnt, beide zu fründt¬
2162 867 3440 986 licher versühnung gewisen, und er noch auch zu wohl verdienter straff biß
2169 928 3177 1035 montag aber erkent, und die E. deßen berichtet worden,
2170 1081 3484 1222 zwischen Elsbet Zyßet und Hans Barbey ist spähnigen kostens halb, da für alle
2167 1168 3478 1268 ansprach deß kindts erhaltung biß zu synem end und sonst überahl sy 8 kronen 6 1/2 batzen
2165 1253 3487 1322 forderet, erkent worden, daß er ira, daßelb, wyl sy nit excodiert, inn gut trüwen
2175 1303 3493 1389 verrichten solle. Wann der pulvermacher deß imme angerechneten costens ein ursach mag er
2174 1340 2609 1441 dennselbe darumb ersuchen
2395 1426 2999 1563 sambstags den 13. julii 1644.
2167 1558 2446 1662 H. von Wert
2176 1636 2782 1762 H. Decan Schmid, H. Rüthimeyer
2177 1738 2717 1872 H. Amport, Ernst, Bundelin
2186 1863 3504 1989 Francois Michel hatt itz bekent und glopt, daß von dem richter und predicanten
2181 1947 3466 2065 auch von anderen die er möchte iniuriert haben er anderes nichts wüße dann daß
2182 2010 3455 2120 sy eherliche und irer beruffen und aempteren wohl würdige lüht syend, also
2186 2072 3510 2181 habend meine Herren nochmalen alle von disers handelsweg und by währung deselben
2200 2121 3537 2262 ergangnen iniurieren ihren aller syts ohne nach teil irer eheren ufgehept, auch
2185 2197 3535 2317 erkent, daß disere entschlachnuss imme an eheren unschad und unverwyßlich, syn
2183 2253 3382 2398 und von bescheltung myner Herren urteil 9 pfund zstraff geben sölle
