3024 4032
527 1701 595 1808 267.
530 2427 611 2547 268.
529 1242 605 1373 266.
544 345 632 439 264.
558 686 609 780 265.
579 2673 612 2770 5.
644 312 1919 432 Von Maria Schär zügend der heb ammen 3. daß sy im gar glych seche als
631 380 1883 485 ob sy schwanger und schon zum halben theil wäre, für ein warheit aber
634 446 1921 547 kömmind sy es nit sagen, wellind sy weder ledig gsprochen noch auch schuldig
643 493 1924 615 geben haben, sonst wellind sy sya für kein jungfrauw darstellen, vnd habe schon by 20
637 562 1815 657 wochen ire zyt nit mehr gehapt. Sy sol uff sontag wider harcitiert werden.
625 617 1922 792 Barbara Jänzer von Arwangen hatt Cunraden Trösch den jung von Tunstetten
634 713 1937 855 neben geclagter schwengerung der ehe angesprochen, er aber allein deß by
627 789 1935 908 schlafs anred syn wellen, sich erclagende, daß imme ein sonderbahre nohtwendige
631 845 1894 968 schrifft dahinden bliben sye, mit begertem ufschub, biß daß ins derselb brief
639 908 1937 1034 werde hir syn mögen, dennselben brief sol deß knaben vatter abholen, ire zwen
635 983 1927 1073 bystender heimzüchen und die parteyen, so dass zur zusahmen bekantnuss es
636 1035 1216 1157 kein ansechen nit hatt hie abdienen
627 1204 1912 1334 Anna Julni hatt sich itz erklärt, daß uff bezahlung 100 kronen für ire eher, sy
625 1288 1902 1432 willig sye vor irer an Jacob Koufman gesuchten ehe ansprach zustehen, und
626 1365 1942 1489 wyl nun sy ine irer ansprach nit gründet, sind sy ledig von einander erkent, beide
627 1410 1912 1553 inn vorige freyheit gestellt, er ira umb aller costen zugsprochen und verfellt
627 1468 1879 1614 worden, ira under gmeinem vorbehalt 40 kronen für den cranzen zubezahlen.
631 1652 1918 1789 Samuel Rummel pater hatt ab H. Hans und Jacob Hemman den predicanten zu
626 1732 1935 1866 Ammerschwyl und Lenzburg sich erclagt, daß sy imme uff ein schryben sin so
625 1788 1902 1926 er vor imme, angerechneten unbillichen costens wegen, an sy ablouffen laßen, gar
637 1853 1937 1987 schmäch und eher-verlezlich inn einem gegenschryben gmeint, mit begähren die Herren
634 1908 1911 2044 Hemman dahin zwysen dass sy meine Herren, syn schryben verschlossen zuschikind, damit es
635 1983 1912 2108 imme hernach inn die hend werden möge und er sy an orten da es sie ghört umb
630 2045 1950 2198 söliche lesterung anlangen könne. Schryben an die beide Herren was er alhie
634 2114 1863 2268 anbracht habe und sy vermahnen uffs beldest möglich mit imme
638 2189 1233 2338 obiger klegt halb abzuschaffen
637 2349 1963 2521 Maria von Gerstel erklagt, sich ab Wolfgang Dicli ihrem mann, daß under den
638 2456 1953 2575 protort als ob er zu Mülhusen glegenheit suchen und innert 14 tagen auch nach ira
637 2530 1934 2631 schiken welle, er sy mit einem kind und schwangerem lyb ohne einiche mittel inn
634 2558 1947 2693 grossen schulden stekend verlaßen habe mit begerter handbietung und wyl sy
626 2610 1959 2722 darunder ire schweger gedacht, als ob dieselbe ires unfridens ein ursach wer, sol die
646 2685 1371 2787 selbige citiert und darumb zred gstoßen werden.
2065 1010 2119 1080 270.
2072 1957 2151 2031 271.
2084 2658 2165 2745 26.
2040 304 3465 409 269. Anna Breitenstein klagt abermahl ab Wilhem Buchschacher, daß er mit ira nit ab
2804 377 2987 425 Tryna genempt
2137 370 3463 482 schaffen welle, mit vermelden daß auch noch ein näyerin sich uff spyseten ob Uzigen ufhaltend
2128 434 3429 543 in der ersten wochen meyens eines kinds von imme har gewesen sye, schryben an frey
2128 480 3435 598 weibel zMüensingen, dann der müller zTierstein uff der mühlin syn sol und auch gan
2142 532 3004 639 vechingen, daß sy beide gwarsamlich hargschaffet werdint
2444 651 2951 741 sambstags den 20. julii 1644
2128 723 2723 826 H. venner Zeender, H. von Werdt judex
2128 787 2698 913 H. Decan Schmid H. Rüthimeyer
2118 881 2691 1007 H. Ernst, Amport, Koler, Cottier
2147 960 3443 1106 uff ernstliches yngelangtem rahts befelch nach gethanes zusprechen, und ver
2131 1038 3422 1159 sprechen, daß hütt oder morgen wann der von wollen uß dem schrenk der gebühr trätten oder
2140 1107 3435 1228 sich sonst ungebürlich gegen ira verhalten wurde, man ira immerdar gebührende hand
2129 1157 3426 1267 bietten werde, sich entlich ergeben zu parieren und ine widrumb anzenemmen, so feer
2140 1208 3460 1326 daß imme befelchen werde, denn imme alhie bystehenden und imme gegen ira verbitterend balbie¬
3277 1266 3478 1310 gantz worden
2132 1275 3444 1366 ner auch von sich zthun und ira ab augen zschaffen als er nach zthun versprochen und
2144 1333 3440 1434 daruf beide glopt einander an hinfüro eherlich zmeinen und den alten wider willen vergraben syn
2148 1380 3396 1485 zlassen, und sind also auch alle wort und werk zwischen ihnen ganzlich ufgehept
2146 1450 2494 1533 emol. 2. 6. vob:
2384 1498 2933 1616 montags den 22. julii 1644.
2133 1591 2730 1713 H. venner Zeender, H. von Wert
2142 1700 2805 1811 H. decan Schmid, H. Rüthimeyer
2148 1792 2831 1916 H. Amport, Ernst, Cottier, Koler.
2453 1880 2592 1983 * gschefft
2152 1890 3424 2047 Inn dem Amslerischen * da namlich er hoch und thüwr mit undermischten indicationen
2158 2010 3444 2103 bezüget, daß er, uß befelch Herrn venner Willadings, die mühli pritschen gezogen
2153 2053 3497 2161 nit aber Hans-Beat Haberstok s: die arouwische chorgricht
2152 2131 3496 2236 deputierten hingegen mit vier unparteyschen menneren zebewysen vermeint,
2162 2182 3473 2312 daß haber-stok s: mit züchung der pritschen die eheren gesandten betrogen
2155 2253 3500 2375 habe etc. hindert meine Herren uß bemelter diputierten eignem berichten, daß der
2143 2321 3469 2453 pritschen zwo, da die eine von Haberstok s: grad die H. venner Willa¬
2162 2379 3495 2507 ding ein sonderbahre stägen ufgangen und hiemit imme dem Herrn und zuglych dem
2153 2446 3488 2594 Amsler die es nit sechen mögen, unwüßend gezogen worden syn möchte, wie
