3024 4032
571 1937 625 1989 133
613 975 660 1020 132
587 337 665 384 130
616 591 665 632 131
706 281 1989 380 Peter Rotenbuhlers halb ist bricht von Hindelbank yngelanget und darüber
696 338 1991 448 rahten worden, den Vogt und der E. z'Rugsauel z'befelchen imme mit eigentlichem bricht
693 385 1924 501 was für fühler imme an tag kommen syend, fürderlich und gwarsam harzhalten.
697 518 1995 646 Veronica Müllerin halb, ist der yngelangte raht befelch abgeläsen, sy inn erstat¬
685 595 1971 676 tung deßelben mit üßerstem ernst sich widerumb mit ihrem Ehemen ynzestellen, vermant
684 651 2000 742 und wyl sy sich gar nit ergeben wollen, erkent worden, dem Hr. Schultheiss z'ebefelchen beider
685 698 1988 793 parteyen halb mehereren bricht ufznemmen auch ihren Vogt zewerhören und dem
686 758 1730 856 nach beid parteyen widerumb mit söllichem bricht harzeschiken.
687 914 2005 1033 Christen Rychenbach zeigt an daß am zinstag nach St. Gallen syn frouw si ein kindt¬
684 982 1982 1082 betterin gstorben und am montag darnach er Barbara Kragen von Dießbach, so
681 1038 1994 1147 imme, sontag wirts 6 wochen werden, 2 kind geben geehelichet habe und beharend
684 1094 1975 1197 beide daruff daß die kind umb 2 1/2 monat in z'fruy worden und sy zu sölicher unzytigen
677 1149 1985 1249 geburt, durch usgstandne kelte, wie sy kundtschafft drumb habe, verursachet worden,
684 1217 1990 1297 sye, befragt, ob sy die frauw hievor auch einen mann gehapt, antwort by
685 1250 1956 1350 Bendicht Rohrer habe sy vor 5 jahren ein knablin, so noch im läben erzüget,
679 1308 2030 1400 wellichen sy zwar vor chorgricht zu worb (vor wellichem sy 5 mahl gegen einander erschinen)
671 1377 1918 1445 der ehe angesprochen man habe sy aber, als sy letst gsagt, daß sy imme nicht
670 1408 1935 1494 nachfrage von einander glediget und der sach usgmacht, woruf sy ire straff zu
673 1475 2000 1555 Dießbach usgestanden, Coo: schryben an beide ort meinen Herren z'brichten, wie die sach her¬
666 1506 1985 1606 gangen und ob sy abbüst oder nit, dazwischen sind sy dimittiert und aber ein
666 1566 1951 1665 glübd ufgenommen worden sich widerumb alhie ynzestellen, so bald man iren begeren
685 1611 1965 1704 werde. Denn Hr. Schultheiss deßen und daß die proceduren er nit ab executione
670 1672 1996 1769 anheben und mit gfl. anwenden nit z'gäch syn solle, berichten. Rickaros gan
681 1722 1951 1835 Worb den 26. juny, den 8. july der bricht uss worb und diessbach abgehört und obige ehlüt uff montag
673 1799 1036 1893 harzbschryben erkent worden.
668 1854 1996 1979 Hans Danner von Langnouw spricht der ehe an Barbaram Jarri von Steffisburg
665 1930 1945 2031 und stellt, über die im schryben vermelte Bundtschafft noch ferners den Michel
675 1970 2006 2075 im Hof ußem Hornbach der züget der ansprecher hab disen winter by mir dienet
671 2037 1981 2134 sich eherlich ghalten, und eine an die dochter syn Basen gschickt von ira zer nemmen, was sy
673 2098 1998 2186 gegen imme gsinnet sye, sy hab aber gar keiner ehe-verpflichtung anred syn wollen,
665 2141 2000 2248 und ire mutter gesagt, wann sy ghört hätte, daß ein versprochung ergangen were, daß
668 2192 1997 2298 sy nit darwider syn wolte. Und wyl nun er inn syner ansprachen gar nit gründet,
668 2249 1961 2326 und sy imme deren nit bekantlich, ist dieselbige ufgehept, beide inn vorige freyheit
663 2291 1929 2396 gestellt und er von unformlich procedierens weg und daß er sy durch mittel ihrer
678 2338 1997 2448 Gotten die er hernach zur kundtschafft brucht, inn garn z'bringen understanden verfellt
668 2403 1862 2503 worden ira 3 kronen fur den costen zegeben, syne vermeinten ehe-pfender aber söllend imme
666 2480 888 2560 wider werden.
2125 1400 2191 1480 136.
2139 1688 2186 1757 137.
2131 1959 2193 2019 138.
2138 2469 2188 2539 139.
2139 342 2206 414 134.
2146 850 2201 948 135.
2236 334 3510 452 Claude der zimmerman wil mit Verena Conrad nichts zuschaffen gehept haben und züget
2232 400 3556 506 darneben daß in Tenn zwischen frutig und ira kümmerlich etwas vergangen syn werde, es mußte
2216 447 3537 546 dann frutig inn sölichen sachen vil feriger syn als er gezüg, Item daß sy inne frutig am
2231 520 3531 605 nach gehenderen sontag, als er sy umb den schmipf, so sy im Tenn mit einander triben den bscholten und
2223 548 2923 622 synen müßig z'gahn verment, genzlich entschuldiget.
2216 581 3564 693 Nach dem hieruf auch mit dem hauptparteyen gredt worden sind sy bstendig by ihren ersten nennungen
2217 653 3546 747 verharet, sonderlich sy mit gar niemandts anderen als mit imme frutig allem zuschaffen
2212 691 3198 791 gehept haben wollen, also sind sy beidersyts ins loch erkent biß frytag
2217 850 3515 954 Niclaus Zimmerman vil gar nit bekennen, daß mit anna murrin synes geweßnen meister frauwen
2220 923 3524 978 er etwas böses begangen habe, und thut auch sy es gentzlich verneinen usgenommen daß ann einer
2227 969 3558 1054 Osterten, da sy trunken gewesen und ihr mann uff dem Bett glegen und geschlaffen, sy inn d'nebenstuben
2209 1002 3557 1078 gangen und zu imme zimmerman gsprochen, sy hätte ein lust imme die deche abzezüchen, er geantwor¬
2217 1064 3530 1139 tet, wie er es ira nit rahten welle, zimmerman aber wil weder von disem gsprächen noch auch
2214 1110 3530 1167 von der thatt selbs nichts wüsten und wyl nun Buchsee anders nichts bewysen können,
2210 1153 3543 1213 und sy sich durch ein ordenliche eidtsglübd erlüteret, daß er Buchsee und kein anderer nit
2220 1200 3495 1287 ihres 6 jährigen kindts vatter sye, ist er verfellt worden es für das syn zuerkennen etc.
2221 1366 3512 1468 Schryben an Hr. Schultheiss und Decanen zu Thun Samuel Gruber den halsee daselbst ernstlich
2217 1460 3519 1546 zmahnen, daß nit Abraham Kurzen dem Pfisteren wirt daselbst er umb imme schuldige
2220 1507 2568 1586 20 kronen ein willen schaffe.
2217 1655 3557 1775 Schryben an Hr. Castlanen zelinns Peter Lenherren dem Grosweibel z'Thun by Hr. Sammel
2204 1738 3529 1835 Frendenberger dem predicanten z'diemptingen bezahlung zeverschaffen, der 20 kronen so er imme von
2219 1796 3552 1874 Elvieri Wäbers sich wegen zethan oder eine zevermahnen meinen Herren syne weigerungs ursachen unverieglt
2222 1856 2373 1919 zeeroffnen.
2226 1933 3551 2025 Peter Mosiman und mit angeben wollend von gar keinem danzen nichts wüßen, man solle es
2216 2010 3497 2082 bewysen, und wyl aber zimmermannin sy bestendig (usgenommen Hr. Baumgarters küger,
2215 2064 3496 2145 welichen sy entschuldiget) anclagt, habend mehren an ire entschuldigung anderst nit
2225 2103 3567 2183 können kommen, dann daß sy imme Mosiman (sonderlich inn bedenken, daß er sy zimmerman¬
2226 2165 3527 2251 in unbefugt g'schlagen) und auch den müllerknecht (so sy unverblumbt heißen er¬
2226 2212 3476 2307 schneyen) hinab erkent, ob vilcht biß frytag sy sich eines anderen bedenken
2216 2270 2370 2360 möchtend.
2232 2387 3564 2503 Hr. Samuel Tüscher dem predianten zu Routing, synem ehebruch klagenden wyb recht¬
2209 2469 3554 2562 lich bscheid zegeben harcitieren, & schryben an Hr. Castlanen. Actum 11. juny 1694.
