3024 4032
538 1095 585 1195 251.
442 1187 596 1276 und verhinderlich
446 1254 592 1326 syn wurde
530 1709 585 1791 252.
538 729 601 798 250.
881 315 1385 421 montags den 15. july 1644.
634 401 1329 502 H. Venner Zeender H. von Wert Judex
629 518 900 604 H. Rüthimeyer.
620 583 1137 719 H. Cottier, Ernst, Amport, Koler
636 690 1913 797 Bendicht Engiman, deßen wyb Veronic Müller usgeschworen, hatt uff yngelegte
627 762 1931 870 suppli ein schryben erlanget an Herren Schultheiss zu thun, imme verholffen zesyn, daß das iänige
626 823 1937 891 was er schynbahr machen werde, sy imme inn synem abwäsen verthan haben möchte imme
631 869 1929 984 uß ihrem gut der vergenzt, auch aller costen so von diser ehesach wegen er erlitten imme
621 941 1130 1030 auch uß ihrem gut ersezt werde
624 1078 1932 1172 die vier bättelvögt habend ihres nit besuchens der sonn- und donstag predig inn der
628 1146 1946 1256 großen kilchen, mit dem entschuldiget, daß by währender predig sy befelch habind
634 1207 1922 1300 uff die Krüpel, so vor den kilchthüren pflägend zu bättlen, achtung zugeben
615 1254 1961 1342 und sy inn spitahl zewysen, neben demm daß ihnen vergläg * sye wurde ire büchsen
622 1329 1937 1418 glogken und seke erst nach der predig by ihren huseren abzeholen, wollind sich aber
608 1388 1916 1482 beflyßen die fruy und ander werchtägliche predigen desto mehr zebesuchen
612 1423 1886 1532 sind vermahnt worden ihrem bruff flyßig abzewarten und dennoch die
624 1480 1670 1587 predigen göttlichen worts, so wenig müglich zeunderlaßen
620 1670 1942 1803 zwüschen Hans im Hoof von Bollingen eins, Christen Gaßer anders und Eva Tschannen
605 1756 1922 1848 ermelts Gaßers ehewyb am dritten theil, da namlich sy Tschannin ermelten
605 1813 1964 1899 im Hoof, umb us ferlobung willen ihra und irem mann rechtlich abgenommene pfenderen,
612 1863 1929 1970 versprochen haben sol synes willens zpflägen her nach aber iren eheman angewisen ihnen
612 1917 1924 2039 nachzegahn, der dann kommen und ermelten im Hoof nit nur gnug und blutrunns ge
614 1983 1942 2092 schlagen, sonders noch auch rechts von 4 kronen und 3 kronen gelt von imme presset etc. erkent,
602 2019 1958 2131 und abgesprochen worden. Diewyl us der kundtschafft und den umbstenden, es sich
601 2097 1959 2190 nit ansehen laßen, daß die ehelüt es mit einander, wie im Hoof klagt bschechen sye,
609 2144 1937 2260 anglegt haben wen sondern vil mehr er im Hoof (so es vor einem iahr auch schon
600 2215 1961 2325 einem ehebruch abbüßt) denn bösen willen sy Tschannin zuverfellen gehept haben werde
616 2265 1979 2364 wie dann er selbs bekantlich, sy uff der Stapfen (nach dem er ein wyl uff sy gluret)
610 2350 1920 2433 bim Rok erwütscht zehaben etc. daß deßweg im Hoof die empfangnen streichen
603 2380 1953 2471 als wohl verdient an imme selbs haben, Gasser das so er von imme bekommen uff
607 2446 1956 2558 7 kronen wärt behalten, so hüber daßelb für synen erlittnen costen 3 kronen zeforderen haben
605 2511 1930 2591 Im Hof biß mittewochen den gfangen hüten und 4 pfund für meine Herren müy erlegen sölle.
598 2541 1955 2659 neben ernstliche vermahnung sich hinfüro, so wohl deß vil trinkens als darus entsprin¬
614 2625 1914 2709 gende huren wesens genzlich müßigen und tandem aliquando eines eherbaren wandels
611 2664 1974 2755 zebeflyßen. der E. dessen brichten und daß der oberst disere chorgerichtlichen schleg nit zehor¬
598 2731 950 2794 mieren habe brichten.
2079 354 2140 425 253.
2091 901 2138 971 254.
2082 1399 2150 1464 255.
2091 1885 2144 1947 256.
2099 2675 2151 2736 2 1/2
2104 2229 2156 2301 257.
2176 312 3510 445 Hans Weibel der Schüpfen dem Bärenwirt zGümmenen mit Elsbet Lyb und Gut
2162 381 3099 494 von Melchnauw der kilchgang zu Bümplizen erloupt.
2364 428 2947 605 Mittwochen den 17. julii 1644.
2172 570 2789 670 H. von Wert Judex, H. venner Zeender
2166 662 2736 777 H. Decan Schmid H. Rüthimeyer
2168 762 2804 857 H. Cottier, Koler, Amport, Ernst
2163 883 3475 978 Meister David Stoß der Gipser, so ein dochter zu fryburg haben und gesinnet syn sol
2172 950 3488 1046 synen stiefsohn Hans Heinrich Meyer zu ihrem mann so ein basteten-bek ins
2166 1019 3430 1087 babstumb zeverdingen. Hatt sich entschuldiget, daß die dochter den Bäpstischen
2164 1082 3479 1163 gsellen wider synen willen genommen und syn stiefsohn zu demselben noch nit
2164 1121 3458 1206 vollkommen verdinget sye. Ist ernstlich erinneret worden den knaben an evangelischen
2171 1187 3413 1274 und nit an mäßische ort verdingen zehelffen, sonst man inne straffen werde.
2173 1343 3490 1467 Anna Julin von Stäfisburg hatt Jacob Koufman von daselbsten mit schwange¬
2169 1424 3485 1532 rem lyb der ehe angesprochen, er aber allein deß byschlafs anred syn und sich
2168 1487 3461 1592 sya zu ehelichen gar nit ergeben wollen und wiewohl nun sy ire ansprach nit bewysen
2168 1549 3477 1630 können, So ist doch uß dem inn yngelangtem schryben vermeldten umbstenden abzunemmen, daß
2177 1598 3482 1707 nit nüt an der sach syn werde und deßwegen erkent, daß sy beide biß frytag hinab
2168 1661 2488 1778 gelegt werden, söllind.
2179 1786 3461 1933 Anna Wenger, deren Eheman Bastian Zuber von Schwarzenburg, ab der canzel
2176 1895 3465 1993 daselbst ordenlich proclamiert worden, hatt in scheid recht wider inne zogen
2167 1963 2606 2050 ad formam costens halb.
2177 1969 3018 2120 schryben an H. landtvogt der verwysung halb.
2176 2146 3488 2282 Maria Schär von Iferdten by deß junker obersten von Wattenwyl frauwen dienend, so
2185 2246 3483 2347 von Barbara Kleinörlin von Gäwyler in Elsas ihrem neben-dienst verdächtig ge¬
2182 2302 3479 2395 macht worden, als ob sy schwanger syn solte, hatt ganzen unschuldig syn wollen und
2169 2361 3500 2458 sich so vil als der bschouw anerbotten, und wyl aber jäne alhie bezüget, daß sy ein wyl
2186 2424 3494 2525 schlecht us gesechen, inn der kirchen ira wehen worden, ires wasser inn geheim zusech
2183 2474 3518 2582 geschikt und auch gredt habe, wann sy inn einen garten kommen möchte, daß verhoffent¬
2189 2511 3489 2646 lich, was inn ira seye, von ira kommen werde, ist sy den hebammen inn d'bschouw
2182 2619 2314 2698 erkent.
