3024 4032
534 1410 602 1496 217.
538 1844 602 1923 218.
549 2130 596 2206 219.
548 358 610 450 214.
560 604 623 655 215.
549 972 618 1052 216.
574 2713 609 2770 9.
646 324 1918 442 Elsbet Koli von Mülithurnen gewisen Jacoben Murer von Roütigen vor synem
653 396 1675 513 Richter, umb an derselben habende ansprach der ehe, anzulangen.
647 548 1909 650 Peter Türtschi von Seftingen erclagt sich ab Anna Graf synem wyb, daß mit
1325 606 1452 654 verhalten
638 621 1910 705 etlichen jungen mennern sy sich sehr ungebürlich und sehr verdächtig by ihnen funden
638 666 1927 772 worden sye und gewohnt sye iungen menneren an offnen märkten an hals zfallen und sy
635 728 1892 829 zküßen, deßen sy zwar alles in nit sonders abred, der thatt aber inn keinen wegen
636 781 1438 875 bekantlich syn wollen, also ist sy hinab erkent.
651 951 1892 1040 Caspar Zoug von Rötenbach, so inn ehelicher meinung, ein kind by Anna
634 1021 1909 1103 Dänzer ußem Elsaß erzüget, sy aber jene, wyl er sich zu irem glauben nit
643 1088 1949 1180 begeben wolle, ufgeben und sich davon gmacht, hatt ein schryben erlan¬
626 1131 1925 1236 get an die E. z kilchdorf meine Herren eigentlich zbrichten, ob syn fürgeben, daß namlich
638 1185 1893 1279 er sy ehelichen, sy aber nit habe parieren wollen, wahr oder nit, dann meine Herren
627 1241 1544 1338 uff syn bloßes fürgeben kein urteil fundieren könnind.
638 1361 1955 1512 H. Dietlingers seine erben habend ein schryben erlanget an H. Vogt von Rydouw, wann H.
626 1455 1949 1559 Bärtschin nochmalen nit glouben wolle, daß bemelte erben der 4. jucharten nit
631 1501 1959 1605 buw nach noturfft belegt, habind, daß er mit zuthun beider predicanten, so hievor ire
629 1554 1966 1665 sach bygewonet, ermelten erben ira kundtschafft verhören und verschloßen durch die parteyen
622 1622 1609 1748 selbs harschicken sölle, myner H. entlichen urteil zerwarten.
634 1776 1921 1909 Anna Götschin von Galmits uff H. hauptman Franzen Guders attestieren hin daß
631 1855 1905 1972 Ulrich Meyer inn Italien gstorben sye, bewilligung erlanget sich und erfart
636 1956 821 2047 zuverehelichen.
634 2044 1920 2181 Barbara Schreyer von Basel ein schriben erkent an vogt zBuchsee ihren eheman
627 2120 1952 2254 Rudolf Rufer im Oberdorf uffs nechst harzehalten, damit er ira mit bscheid
640 2214 1078 2301 über ire klegt begegne.
997 2225 1589 2351 Frytags den 5. julii 1644.
629 2322 948 2442 H. von Wert
623 2425 1394 2552 H. decan Schmid H. Langhans Rüthimeyer
630 2500 1390 2662 H. Amport, Kilchmeyer, Walther, Koler.
2099 376 2161 436 220.
2099 729 2165 795 221.
2115 1149 2178 1223 222.
2105 1378 2171 1450 223.
2125 1792 2186 1877 224.
2125 2011 2186 2067 225.
2123 2237 2192 2325 226.
2135 2521 2206 2584 227.
2132 2682 2202 2761 6 1/2
2172 330 3451 442 Barbara Känel und Elsbet Bratschin habend umb ihr überfahren gegen gott und den
2182 410 3465 494 h. sacramenten, das iänige pristiert, was ihr Gnaden rahtsbefelch ihrenthalb usgewisen
2184 442 3509 545 namlich uff gebognen knüwen gott und ein oberkeit umb verzychung gebätten und sind
2182 494 3455 595 volgendts mit einer guten censur uff abtrag costens, dimittiert worden, die E. deßen
2183 552 2829 635 brichten, iäne sol 2 dise 1 urteil gelt geben.
2180 700 3493 809 Veronie Müller ist nach abläsung de novo yngelangter kundtschafft, ernstlich vermant
2193 786 3482 864 worden die warheit zubekennen, ob nit mit Mariz Schöntal by demme sy ein ganze nacht
2191 829 3479 914 inn einem Bett gelegen, sy sich vertrapt habe. Hatt aber gar nichts ungebürliches be¬
2187 884 3464 940 kennen und doch mit Bendicht Engiman irem eheman huszehalten sich auch gar nit
2190 928 3496 1021 ergeben wollen, und wyl nun ira sach Schöntals halb ganz verdächtig, ist sy zur be¬
2184 964 2525 1055 kantnuß ufen erkent.
2202 1146 3491 1216 Anna Graff wil nochmahlen von ire ehelichen trüw tätlich nit abgewichen syn, ist wide¬
2186 1189 3512 1284 rumb ins loch erkent, dann ire sach auch sehr verdächtig. Den 8. july ist sy uff beharren
2193 1230 2470 1309 ins obergaden erkent.
2202 1342 3503 1443 Elsbet Müller hatt itz einen zedel, da junker Hauptmans von dießbach nahmen underen
2192 1447 3508 1517 schriben yngelegt, darin wirt züget, daß Bendicht venner ihr eheman Ao 1692 inn
2202 1472 3482 1568 der ersten wochen meyens gstorben sye, mit begeren, daß jezt ira verwilliget werde, mit
2191 1527 3463 1631 Christen Bachman ihrem wirten bergischen versprochnen fürgefahren, sol beschynlich
2209 1574 3534 1678 machen, daß der junker dem zedel eintweders selbs gschriben, oder zeschryben befolchen habe.
2206 1635 3534 1731 den 23. july 1644 ward erkent, den jedel deß junker frauwen zeschiken und sy zfragen ob es zjunker gschrifft
2191 1696 2352 1778 sye oder nit.
2210 1752 3475 1869 Jacob Raz der hutmacher an der Nüwengaßen sol synen fähler fürderlich abdienen.
2438 1941 3472 2041 ein schryben erkent an freyweibel z'Belp, dem iänigen Henri so
2207 1984 2440 2060 Peter Zimmerman
2218 2010 3398 2120 wider Styni Böhl etwz unehelichs wüße zezügen, uff montag herzehalten.
2223 2207 3473 2314 Barbara Schreyer elteren ein schryben erkent an die E. z'Buchsee ihren eheman
2220 2269 3493 2375 sampt syner unrüwigen muter und synem schwager, mit allem den bricht, so disers
2213 2345 3332 2473 ehestryts halben, sy mynen Herr zegeben wüßind, uff montag harzehalten.
2231 2454 3558 2561 Michel Gyger einem zum landfesten angenommen hufschmid zu Liebenhausen pürtig
2222 2535 3562 2622 Den 6. julii a dns Ludico à Werdt der kilchgang zu Tun erloupt mit Anna Bren
2223 2578 3164 2670 ner von arouwen syner verlopten schryben an herr Decan.
