3024 4032
690 1654 723 1706 8
694 338 741 419 6.
671 969 749 1078 7
670 285 2033 426 Herr Daniel Hummels halben schryben an Herrn Castlanen zu Wimmis inne uff mittwochen
778 388 2139 525 den 15. may abher zehalten mynem gnädigen Herrn Schultheiss von Erlach über syn ansprach mit
773 458 1363 552 bscheid zebegnen. Ist underwegen bliben.
983 539 1633 676 Montags den 6. may 1644.
780 664 1651 761 Herr Venner von Werdt Zeender Herr von Wert, Judex
764 735 1397 866 Herr decan Schmid Herr Rütimeyer.
771 832 1436 967 Herr Amport Herr Lerber Herr Koler.
782 954 2059 1050 Barbli Balsinger bekent, wie sich mit Hans Jörg Frizen im unkünschheit
769 1004 2186 1116 vertrapt zehaben, und wyl aber sy imme gar nichts versprochen haben und auch ihr
771 1087 2112 1191 vatter sy imme zelaßen sich auch inn keinen weg ergeben wellen, und dann er syn
776 1138 2073 1259 ansprach nit bewysen können, sind sy mit ufhebung costens, von einander gscheiden
775 1216 2114 1336 beide inn vorige freyheit gestellt, zu vollkommer abdienung hinab erkent,
772 1264 2085 1392 und der Balsingerin vatter vmb daß er sy zusahmen in ein gmach gelegt
774 1359 2114 1419 umb 9 pfund gstrafft und auch verfellt worden inne Frizen, als der by keinen mittlen,
784 1405 1034 1522 uß gben gelösen.
779 1583 2113 1714 Elsbet Kilchhofer, welliche den 8. decembris 1643 von Hans Schinung gscheiden worden,
781 1661 2141 1760 hatt itz ires siderhar uff die welt gebrachten kindts halb sich erlüteret, daß vier
782 1725 2114 1846 zechen tag vor St. Johans tag am sontag znacht, Christen Krayenbühl von Höchstetten
806 1780 2166 1875 und mornderst umbs morgenbrott ermelter Schinon mit baschon trunken gewesen, mit
776 1851 2089 1968 ira zu schaffen gehept und eintwederer sy zur selben zyt schwanger gmacht habe,
782 1921 2119 2036 zwar sye Schinon zuvor im meyen auch schon zweymahl, und Kräyenbühl
796 1958 2125 2091 unzahlbare mahl vor und nach by ira gelegen, sy sye aber eigentlich, uff
771 2036 2128 2153 bemeltem sontag znacht oder montag zmorgen schwanger worden, und bedunke
769 2098 2144 2236 sy, wyl sy schier acht tag lang, die kindtswee gehept und nit gnäsen kön¬
785 2163 2153 2304 nen biß daß sy inne Krayenbühl ernamset und die gnißt inn einer halben stund
801 2222 2152 2335 daruf ervolget, daß es eigentlich syn Kräyenbühls syn werde, hätte inn
787 2315 2156 2416 auch von anfang zum vatter ernamset, wann nit er sy mit versprechung ohngferd 1000 pfund
783 2360 2150 2464 davon abwendig gemacht und den schnyder Schinon anzegeben vermant hätte, deßen aber Krä
778 2421 2128 2533 yenbühl inn keinen weg anred syn wollen etc. By söllicher beschaffenheit nun und die¬
782 2475 2084 2594 wyl Kräyenbühl, der zyt so sy angeben zfriden, Schinon aber nach der auffart
772 2527 2144 2671 nüt by ira gsin syn wellen und dann sy denn Schinon gar nit ehelichen wellen
2257 735 2340 860 9.
2165 1024 2339 1100 giuchzet vnd
2165 1075 2296 1163 gschworen
2176 1244 2368 1340 * so etliche nach¬
2177 1307 2361 1403 ten versumpt habe er
2301 2131 2353 2177 10
2378 328 3682 446 Da glychwohl er sich deßelben (wann sy eigentlich von imme schwanger sye) aner¬
2364 392 3683 518 botten etc. ist uß söllichen consideration das kind imme Krayenbühl unehelich zuerkent
2327 446 3642 550 die urteil aber biß mittwochen ein behalten worden, ob villicht uß ira der Kilchoferin und
2372 507 3694 637 dem Kräyenbühl, die man biß dahin aber erkent, etwas heiterers uszepressen syn werde.
2360 732 3650 862 Vom wachtmeister von Gryerz ist anzogen worden, daß nun inn hoch wochen am mittwochen
2373 806 3688 928 znacht, da grad mornderst er zum tisch deß Herrn gangen, er inn der wachtstuben, gotts¬
2370 877 3675 990 lesterliche reden evomiert haben sölle. Davon zügend Bert Dünzen, in wären¬
2368 952 3694 1057 dem gebätt, habe er angefangen syn gewohntes narrenwerch tryben der kerzen abbrochen
2373 1003 3693 1131 derglychen gethan, als ob ers essen welle auch die kerzen inn mund gstoßen
2373 1057 3705 1185 und nach dem man die wacht vfgeführt, habe er syn tabacpfyff gsucht vnd inen
2375 1119 3633 1236 denn wächteren truwt, daß sy imme dieselb werdnet genommen haben, ettlich gredt
2384 1191 3672 1315 habe kein sünd nie begangen größer als die, daß er syn tabac pfyff vergeßen,
2451 1259 3758 1348 daß wacht hus sye ein schelmen¬ ein mörder hus, wann er der tüffel wäre, welle
2388 1319 3690 1425 sy all ein anderen nach nemmen und üwert * zum ersten, der tüfel habe gwalt zu
2375 1395 3692 1487 inen er sölle sy kommen holen, uff Bachmans abmahnen und fürhalten, daß tüfel
2379 1443 3660 1549 nit, sonder gott der Herr gwalt über sy habe, sye er von Gryerz inn söliche wort
2380 1518 3652 1598 usbrochen ein hundts etc., hatt neben disem allem sye er mit sacramenten, fluchen
2379 1570 3677 1681 vnd schweeren dahar kommen, doch alles ein trunker wys: das vnd be¬
2387 1645 3685 1759 stättigend mr Niclaus Schnyder, so das gebätt verrichtet, Hans Kupferschmid
2388 1714 3680 1823 Wägeli der wäber Franz Ludwig Fätscheryn, Blum der Bader, Jacob von
2382 1779 3707 1876 Wert, Diebold Bachman, neben dem züget Dünz sonderbahr daß von Gryerz
2389 1840 3699 1965 sonderbahr grad mornderst zu deß Herrn tisch gangen, die übrigen sind auch eitwil werden.
2397 2041 3724 2168 Maria von Gerstel von Frankental klagt Wolfgang Diti ihren eheman schnöder tract¬
2390 2132 3721 2225 ation an, daß er sy mit einem dolchen ander stirnen und uff der nasen blutruns gewor¬
2393 2196 3725 2298 fen, ira nichts ins hus schaffe, und mit liederligkeit es von tag zu tag erger macht
2392 2258 3711 2373 myner Herren handbiettung begärend, und wyl nun er diser vier clegten, sonderlich deß
2399 2327 3734 2424 dolchen werfens, so gar nit ab, das manual auch di anno 1640 von 21. Juli imme schon
2384 2378 3697 2531 gar ein schlecht lob gibt, Ist er biß mittwochen imm oberen kasten erkent.
