3024 4032
548 1104 606 1205 239.
545 709 611 767 238.
815 317 1434 442 mittwochen den 10. julii 1644.
645 401 905 496 H. von Wert
641 505 950 612 H. decan Schmid
643 591 1284 699 H. Amport, Ernst, Bendelin, Cottier.
646 685 1899 767 Hans Heinrich Luz, Abraham Marmot, Gilg Luz, Hans Schmid, Michel
633 732 1864 817 Blum, Gabriel Grütisberger, Johans Wäber und Johannes Schafhuser
633 799 1934 862 all (usgenommen schafhuser) schul- und leerknaben, sind umb hieoben verzeichnet mit
633 830 1946 917 willens wyblen, by ihren schul- und lehrmannen zur castiotation verleidet worden mit
642 882 1919 959 befelch sy zeerforschen und die schuldigen zstraffen. Schaffuser aber als der böst
627 924 1146 1023 ist 24 stund inn gfl erkent.
634 1082 1975 1223 Barbara Schreyer und Rudi Rufer, habend sich anderst nit mit einander verglychen können,
636 1178 1946 1262 dann, daß sy beharrlich klagt und er bekent, daß er gar nichts ira schaffen
629 1218 1939 1321 könne und keins manns nit wärt sye beiden syts der schidigung begerende, by so
637 1302 1928 1379 beschaffner sach nun und wyl der unwillen, so vil groß by beiden sahnen, daß
617 1330 1967 1437 gar kein beßerung zverhoffen, sonders vil mehr alle bäserung zu besorgen, sonderlich ihren der
630 1399 1906 1510 iung frouwen halben, die nit nur von imme Rufer, sonders auch syner muter,
627 1459 1931 1555 schwager und schwester gar schnöd und unwärt gehalten, ja auch gschlagen worden.
631 1536 1966 1620 und wann sy in ihren elteren gwichen, auch von derselben mit streichen usgiagt,
627 1595 1983 1685 worden, also daß sy lychtlich uß kleinmütigkeit etwas böses fürnemmen möchtig
618 1636 1959 1736 Ist von sölicher ursach wegen und wyl sy beide bekantlich, daß inn der thatt
614 1699 1916 1795 selbs sy nie mahlen ehelüt worden syend, die eheschidigung zwischen
627 1767 1965 1868 ihnen erkent, ira sich von nun an anderfart zu verehelichen erloupt, imme aber
602 1815 1983 1909 die ehe, er stelle, dann die järige zu vor alhie etc. verbotten, der costen deß
606 1879 1972 2010 hochzyts compensiert, für die chorgrichts costen aber imme als der fählbaren
602 1946 1960 2075 persohn, so die andere betrogen 30 kronen ira zebezahlen uferlegt und auch er¬
614 2013 1979 2137 kent worden, daß zwar das jänige so er ira uff die ehe geben und uffs hochzyt
619 2091 1976 2198 oder sonst anmachen laßen, imme alles verblyben, das jänige aber so sy zue
608 2140 1946 2254 imme gebracht, und was die hochzytlichen gest ira an lynwat oder sonst
610 2194 1982 2302 uffs hochzyt vereheret, er ira alles inn guten trüwen us herzegeben schuldig
611 2275 1941 2378 syn, für meine Herren müy aber er 6 und sy 4 pfund geben sölle, mit dem
611 2330 1928 2436 chorweibel sol Rufer umb die azung ohne ihr entgeltnuß ein willen schaffen
2082 332 2144 415 240.
2090 874 2155 945 241.
2089 1141 2163 1234 242.
2092 1417 2172 1477 243.
2118 2672 2165 2747 2 1/2
2116 1944 2183 2038 244.
2169 327 3474 424 Anna Graff wil noch stäts ganzen unschuldig syn, und wyl nun Peter Turtschin der ihr ehe
2178 399 3507 485 man den verdacht allein und nichts tätlichs uff syn erwisen, sind sy widerumb zusamen
2181 455 3508 534 erkent, sy alles ernsts deß verdächtigen und vertrunknen wäsen, so sy bißhar verübt, deß
2171 484 3495 594 ustragens syner sachen und ynzychens verdächtiger und imme widerwertiger persohnen sich zmüßigen
2175 553 3512 632 vermahnt, beide, sonderlich sy sich versprocher maßen aller obiger sachen abzethan, ihrem
2163 601 3507 717 eheman allein anzühangen und derselben lieb und wärt zehalten, im glübd ufgenommen.
2184 650 3224 764 und die E. zu kilchdorf deßen zu flyßiger ufsicht berichtet worden
2185 825 3470 954 Barbara Scherzin ußem Marggrafenland umb mit Hächler-Peter zu Undersewen
2173 924 3461 1016 begangnen ehebruch inn die straff ufgenommen und gar Undersewen an jr. Schultheiss
2169 962 3281 1094 gschriben worden ermelten Hächler Peter ufs fürderlichst abher zehalten
2186 1093 3503 1217 Abraham Sybold und Lienhart Kalkysen, mit Adriana Mare von cuarnons und
2182 1169 3497 1277 Barbara Bruni von Thun den kilchgang zu Bümpliz zehalten verwilliget. Den 2. aug
2186 1228 3108 1336 ist anzogen worden, daß er habe danzen laßen, sol die buß geben.
2186 1342 3488 1463 Hans Rodolf Risold, hatt sich beschwärt, die imme uferlegte danzbuß zebezahlen, inn be¬
2183 1433 3463 1518 denken, daß zu dem danzen er keinen befelch nit geben, sondern es umb domahligen ab¬
2192 1474 3454 1572 sterbens willen syner basen der fr landtvögtin von Trachselwald, ustrukenlich
2191 1549 3510 1626 verbotten und er für syn persohn gar inn keinen weg danzet habe. Coomiten wann
2180 1592 3467 1722 es sich erfinde, daß auch syn gspans sich ime glych verhalten habe und deß danzens
2182 1664 3480 1759 überhept habe, sölle er deßen genießen, wo nit umb mydung willen böser
2185 1705 3480 1812 consequenzen, um der straff vergriffen blyben. Disere quitition ist hernach den 17. ligder
2195 1764 3462 1879 von der nachfolg wegen widrumb uffgehept worden, wiewohl man nit
2197 1818 3087 1920 zwyflet dann, daß die hochzyterin danzet haben worden.
2194 1863 3479 2006 Über den fürtrag, so Madlen Kölin von Kallnach wider Jacob Mäder ihren abgscheidnen
2191 1935 3435 2078 ynlegen laßen, gerahten worden, ein schryben an H. Schultheissen zu Murten denn Mäden von
2192 2006 3464 2139 montag uber 14 tag harzhalten, damit man sy vollkommen entscheiden könne.
2473 2096 3131 2248 Frytags den 12. julii 1644.
2218 2254 2477 2361 H. von Wert
2212 2343 2779 2463 H. decan Schmid, H. Rüthimeyer.
2201 2453 2911 2580 H. Amport, Bundelin, Ernst, Cottier.
