3024 4032
490 409 635 502 * wellen darnach
513 482 660 541 synen hut ge¬
494 515 652 580 nommen daryn
507 554 653 624 laßen gahn.
491 614 655 685 ** als krut- und
488 663 596 731 Schüwers
567 2019 617 2069 145
585 2299 632 2355 146
617 2712 656 2757 5.
674 287 1978 402 von dem gelt, so er ira ufgefangen habe sy gsagt, der tüfel selbs werde es
687 378 2003 476 imme zeigt haben. Hab imme zügen ein trunker wys einen Bongringenen voller bözen *
692 424 1405 521 grözt also daß es zur stuben thüren grunnen
684 460 1998 585 An einer würgeten zügend beide wyber, habind sy ira das meßer uff ir treüwen ihren
1624 440 1967 546 man darmit zeerstechen
691 526 1772 631 hinder den ofen geworfen, damit sy imme uf so er ankäme nit verlezte
684 572 1997 682 Abel und Samuel beider Trumeter gebend *** iren den nahmen eines überus gottlosen
1230 570 1305 618 *** gibt
687 636 1227 731 wybs, so ires mans nit wärt sye.
670 661 1988 803 Samuel der Trumeter, als er ihnen gearbeitet, sye sy schier all necht trunken gsin,
586 741 1931 829 hab imme gar wüste zahl geben, und im gmein gar unflätige geberden brucht
668 782 1953 875 Langhans der Loüffer, wann der mann heimkommen, hab sy imme mit schelm dieb und
668 830 1989 922 allerley bösen titlen, trunken im Höflin sizende, willkommet, und im argwon
669 883 1975 988 züchende, als ob er von synen huren käme, er aber ira stäts gut bscheid geben,
666 931 1985 1036 Hans Druber der Rüter zuget, auch daß sy sich stäts bald hie bald dort buzt
659 992 1967 1096 darnach iren mann mit fluchen schweeren lesteren etc. empfangen, offt das
668 1072 1942 1151 bei ufgehept einen schranz gelaßen, und gesagt, diser oder iäner hab es ihm
662 1110 1936 1202 pfachen etc. Madlen Bechtold züget ein glyches und gebend hingegen
669 1170 1974 1261 imme alle sy ein gar gut loob. eb. daß da mehrteils züget worden, daß
664 1220 1972 1314 sy mir ohne anlas obbeschriber maßen tituliert habe und daß sy selbs vor verhör
662 1287 1930 1373 diser kundtschafft bekent gredt zehaben, daß sy ins iänig nahmen von einander kommen
669 1316 1997 1413 verdient und daß der jänig imme das bley gschröt, so er ira anstatt der dos
662 1372 1809 1475 und ducaten ins truklen gethan, durch dem lyb schießen sölle
655 1437 1380 1548 ira sol auch kundtschafft verhört werden.
771 1579 1446 1693 Montags den 17. Juny 1644
662 1678 1295 1773 Hr. Venner Zender Richter, Hr. von wert
652 1755 1195 1887 Hr. Decan Schmid, Hr. Rüthimeyer
658 1860 1228 1964 Hr. Ernst Amport Cottier, Koler
680 1962 1981 2060 Verena Cunrad und David frütig habend sich nochmahlen nit mit einander verglychen können beide
661 2002 1981 2118 by iren vorgenden meinung sy namlich by ire anclag und er by synem verneinen beharrende, und wyl
665 2046 1997 2147 nun noch kein gfl. an eine gewendt worden (dann er lestlich von der h. zyt wegen nach einer halb stund wie
656 2119 1534 2216 usherkommen) habend meine Herren erkent imr mit gfl. zerforschen.
680 2221 2003 2350 Ledith Manier von Morsee hatt Nicolas Masson den Mezger von daselbsten ihren meister, mit
667 2294 2007 2390 schwangeren lyb, der Ehe angesprochen und einen güldinen ring, so er ira uff die ehe geben, habe,
656 2362 1964 2448 produciert, er aber deß byschlaffs allein anred syn wollen, mit vermelden, daß den ring sy imme, durch
656 2393 1983 2491 mittel eines faltschen schlüßels, neben noch anderen ringen, gold und gelt entfrembdet habe und wyl
655 2452 2007 2541 nun sy ire ansprach im keinen wegen bewysen könnte, Ist dieselbige ufgehept, er umb allen costen und
674 2492 2000 2584 das kind uff zueignen zeempfachen, da auch 3 kronen in die kindbetti zegeben, sy uß der gfp. die sy damit
669 2550 1979 2634 verstehen mag, zelösen und noch der 2 zutag (dann er darinnen schon 5 tag imgelegen) wegen sy
658 2591 1986 2690 inn synem dienst gewesen, uszustehen, verfelt sy im vorige freyheit gestellt und imme mit syner
2140 780 2194 866 147
2142 1318 2196 1368 148
2065 1332 2196 1411 * uff syten der
2057 1392 2162 1451 frauwen
2059 1540 2204 1606 und sie gar ein
2045 1581 2225 1647 unbescheiden bös wyb
2171 2667 2242 2754 16 1/2
2209 322 3540 427 versprochnen fürzefahren erlaupt und ans chorgricht gschriben worden, daß hinfüro sy nit ab executioo
2220 404 3504 485 die sach anheben, sonders im ansprachen die ehe die parteyen gstrafs umb die urtheil alhar wysen.
2223 446 3512 530 sonderlich aber das sprüchen im ehehändlen genzlich myden und es ferners nit zu klagen kommen,
2218 472 3537 563 laßen söllind; das schryb an Hr. Landtvogt dirictionieren, daß er die chorrichter und auch die vnbe¬
2213 538 3529 626 fugten sprücher bschulen sölle. Und wyl Marron fürgschoßen daß er einer anderen der versprächen dörft eher
2245 574 3561 667 disere sach erörteret, sol er 9 pfund z'straff geben, synen ring wider nemmen und für den cranz ira refe
2221 639 3554 728 47 kronen geben, der costen aber ist zu 30 kronen moderiert und imme uferlegt worden, was zu morsee für chorgrichts
2219 671 3188 761 emotument unbezalt uß stundert, daß er daßelbige auch noch bezahlen solle.
2229 793 3534 881 Catryn Brünin von Fryburg im Bryßgauw hatt Abraham Heßen, Joseph Heßen deß naglers sohn
2230 863 3540 933 mit schwangeren lyb der ehe glychfahls durch ein yngelegte supplication angesprochen mit vermelden daß
2223 908 3521 975 er den byschlaff schon mit ira verbracht und ein kind mit ira erzich, er aber laugnet alles usgenommen,
2219 957 3542 1023 daß 14. tag vor Johannis und darvor by 5 mahlen uff ihr vilfaltiges veranlaßen, er sich mit ira vertrapt
2220 1011 3543 1080 habe. Ist alles, wyl der zyt halb (dann sy 8 vor liechtmeß für das letstmahl angibt) sy nit
2233 1058 3549 1145 deß einen yngestellt, biß nach der gnißt und sol sy darnach ihre kundtschafft, so sy es begert, auch
2221 1104 2387 1185 grad stellen
2244 1271 3553 1367 Von dem Bürgischen ehe-geschefft zügend wyders Hr. Bastien Meyer der sy curiert, als Bürgin sy
2223 1338 3534 1410 mit einem fleisch brättlin an der stirnen verwundt, sye sy trunken gsin und habe inn allem verbinden imme
2224 1386 3530 1465 gar schantlich zugredt hundts etc. mörder etc. das ander mahl, da sy von imme gschlagen worden, daher
2233 1435 3494 1519 ira, als sy verneint ein bruch widerfahren, habe er sich auch zu ira begeben finde aber
2241 1496 3531 1576 gar nit, daß es ein bruch sye, hab imme wie er ihr nachbur gewesen, offt zum Pfenster
2256 1554 3547 1632 us schelm und dieb nachgschrieben dubin der affenwirt gibt ira auch die nahmen eines
2234 1590 3527 1676 vertrunknen wybs die imme ihren mann gar böse zahl gebe hundts etc. Schelm diebe
2223 1640 3532 1737 Milans Berner ihr tüffer, gibt ira auch aller unglimpf und als letstlich er der 20 oder
2230 1705 3544 1788 mehr kronen halb die sy imme genommen, mit ira gredt, gebe sy imme z'bscheid, es gange, imme züg
2222 1756 3545 1866 nichts an, wann sy es schon gethan, so sye doch der halb theil in gewesen und hab
2232 1800 3541 1892 ira zu zweyen mahlen eröffnet, wie er gschworen habe, wann sy imme des gelt nit wider
2232 1863 3549 1956 gebe, daß er sy sölicher maßenn schlachen werde, daß man sy werde vor imme hinweg tragen
2236 1907 3542 2020 müßen. Der sagen fyler züget, er habe sy offt gschlagen, daß ers gsechen, eine aber
2225 1982 3511 2071 hab dunckt es sye nur schad umb das was neben für gangen, dann sy es allezyt
2240 2042 3557 2118 mit bösen worten ann inne bracht. Hans Baren er züget wüße nüt anders oder
2243 2086 3533 2184 daß er sy gschlagen, es sye aber nit ohne ursach beschechen, der oberziegler wüße
2242 2137 3488 2238 nüt, dann, daß etlichsmahl im abforderung imme gelichner 6 kronen sy ein maß
2244 2203 2713 2288 mit einander trunken habind etc.
2807 2174 3526 2285 und wiewohl auch disere die kundtschafft ira zuo
2239 2260 3520 2338 unglimpf usgefallen und von ires gottlosen läbwäsens und synes lybs-unsicherheit wegen
2236 2293 3523 2401 meine Herren gnugsamme ursach hättend, die sach von nun an für raht zetragen, damit imme von
2240 2352 3563 2444 ira geholff werden möchte, so habend sy doch nach abhörung der sprungen und umb
2246 2413 3535 2507 hoffender beßerung willen, erkent, daß für den anfang sy mit der gneümen gfl. züchtiget
2242 2481 2424 2561 werden sölle.
