3024 4032
589 1344 642 1407 114
585 1653 632 1733 115
586 1971 642 2031 116
458 2014 653 2106 inne vnd syner
455 2086 654 2151 nachbaren einer
454 2125 652 2205 Niclaus Löuwen
600 1037 648 1088 113.
600 691 663 745 112
615 342 663 391 111.
696 301 1990 411 Anna Begbert an Michel Wirz dem tischmacher beide von Uzenstorf, ohne grund
677 364 1994 487 gesuchte ansprach der ehe, Ist eben-meßig, wyl er iren gar nit wil ufgehept
686 425 2011 523 beide nun vorige freyheit gestellt und der costen compensiert, das vermeinte ehegelt aber
698 480 1811 599 uff syn fürgeben, ira einen fragen und nach bezahlt zehaben, ira gelaßen worden.
701 634 2011 751 Hans Rychenbach eines Taglöhners halben zu Hilterfingen, wellichem syn fraw
684 701 2033 815 acht tag nach St. Gallen tag gestorben und die nachgendere 28 wochen, darnach imme
675 761 1975 870 schon 2 kind ehelich zu touffen laßen under dem fürwand, daß sy unzytig bohren
681 820 1804 926 syend, dem Hr. Schultheiß antworten, daß er beide ehementschen harhalte.
693 973 1982 1079 Hr. Daniel Zächender hatt bewilligung erlanget uff montag mit F. Maria von
678 1061 1995 1133 dieß bach droben zu wichtrach kirchenrecht zethan, doch daß es wie aller stille
668 1107 1963 1214 ohne danzen noch ander unwäsen abgange, den Hr. predicanten deßen brichten
683 1286 1980 1380 Elsbet Kunzins von frutingen hatt sich erclagen laßen, daß Hans Bücher ihr
673 1377 1979 1454 Eheman anstatt der den 12. feb ergangnen urtheil statt zethun, also unsichtbar
668 1411 2009 1515 worden, sye, daß niemandts wüßen möge wo er hinkommen, deß rächten begärende, ira
665 1465 1709 1570 ist ein rufbrief erkent ab der canzel zu frutingen zeverlesen
678 1610 2012 1717 Peter Rotenbülers halb ist Hr. Herzlini von Rugsouw yferiges bericht schryben ab
673 1689 2006 1783 gehört und daruf an Hr. predicanten zu Hindelbank, mine Herren deßen was synes letsten
676 1762 1788 1865 fählers halben imme im wüßen, fürderlich zeberichten, gschriben worden.
675 1925 2025 2045 Peter Meyers halben ist deß Hr. predicanten von Belp wytloüffiger bericht abgehört.
678 1988 2016 2078 und daruf der Freyweibel von Turen muntlich vernommen worden, der züget nun als deß
674 2038 2002 2139 crüzwirts dochter sy von zweyen iahren nider geführt, sye sy zu einem bett gangen, daß
677 2108 2005 2190 dakbett zogen und gsprochen, fühls hudelgsind ligend ihr aber by einanderen und wie er
669 2162 1998 2262 züg glugt, sye es peter meyer und ein frembde Salome gsin, darab er erschreyet,
675 2218 1994 2316 habind nur die hembder angehept, sich wider dekt und da bliben ligen, es werde
677 2272 2013 2370 aber deß wirts tochter, so ihnen gesagt, daß sy schon mehrmalen by einanderen glegen syend
678 2345 1977 2422 beßeren bricht geben können, diß züge er so wohl inn synem als auch inn ermelts
684 2390 1991 2465 loüwen nahmen cog. Es sölle bemelte wirts dochter und auch der mülherinen
675 2440 1760 2551 by deren das kinder soll gstorben syn uff montag citiert werden.
2150 920 2199 960 18
2047 1030 2202 1105 zugangen syn.
2049 986 2211 1047 nit rechtschaffte
2051 951 2205 1007 * allein, daß es
2140 1540 2185 1602 119
2140 349 2187 411 117
2140 2290 2187 2347 120
2218 341 3568 444 Matys Schwarzentruber, hatt iez syn fernere kundtschafft yngelegt und nochmalen begert, daß
2220 412 3569 492 Bendicht yseli zum vater deß spähnigen kindts erkent und auch verfelt werde eine uss kosten zwysen,
2220 456 3573 545 darbey zwar bekent noch 5 tag vor meyen auch mit synem wyb zeschaffen gehept zehaben, er sye aber
2219 506 3568 592 gend daruf krank worden, also daß er sich iren by 8. wochen darnach nüt habe annemmen können,
2217 557 3517 613 dargegen yselin (so itz auch zmittem aprell sich mit der abgstorbenen frauwen vermischt
2230 607 3531 689 zehaben bekent) dem Schwärmüller dargestellt, der da züget, daß Schwarzentruber uff yselins
2221 660 3549 742 voroffnen danider im lochgang bekent, habe sich auch im meyen syneb wybs angenommen,
2226 705 3544 804 zehaben, weliches auch Hans Bürgi und Jacoph Naflens ghört habind. Ist yngstellt biß
2210 734 2918 826 daß disere beid auch werdint können verhört werden.
2213 877 3507 981 Melcher Thüring von Brittnouw bekent, sich 9 wochen vor wienachten mit Anna Jänzer
2226 953 3574 1060 hinder deß mühli gerbers ires gewesenen meisters ofen, aber nun daßelb einzig mahl vertrapt
2228 1003 3532 1106 zehaben, mit begähren imme von syner lybb-indisposition wegen, zeverwilligen, daß er zu arberg
2220 1047 3535 1155 möge abdienen, darnach die sy imme under augen gstelt worden und synner daß er imme selb und auch
2218 1122 3549 1194 ira unrecht thüge fürgehalten, hatt er anfangen zu tractieren und anzeigt, wie zwar er den willen
2211 1145 3534 1251 gehept und auch understanden sich mit ira zevertraben, sy habe es imme aber nit gestatten wellen,
2208 1188 3528 1281 Uli Gerber dann ihr geweßner meister dann hatt zwar auch bekent, ira etwaz anmutung (aber nur
2211 1237 3549 1337 eim schimpfs wys und sy z'probieren, ob sy fromm oder nit) gethan zehaben, der that selbs aber
2214 1299 3537 1376 und deß willens dieselbige zeverbringen genzlich abgewisen. Sind beid zu Murten aben erkent und
2216 1350 3425 1405 die sach also bis montag yngestellt worden + und grad zu der zyt, wie syn wyb inn kindts-arbeiten gewesen.
2219 1501 3551 1607 Hans Eibman uss Bümpliz züget als uff der gsellschafft zum Zimmerlüten Elsbet zyßet
2213 1572 3476 1669 Hansen Barbey dem krämer mit schwangerem lyb gelt gforderet, daß derselb sy zum
2217 1628 3551 1734 pulver-macher, der imme 10 oder mehr kronen schuldig sye gewisen, es by demselben ynzezüchen
2214 1706 3525 1790 ds wer daruf sy vermeldet, daß er es ira nit werde geben wellen, er Barbey geantwortet,
2217 1764 3531 1832 er müße wohl welle mit imme drumb reden, dann der pulvermacher nit zugegen
2205 1799 3517 1877 gsin syn. Deposuit post sessionem me solo personte. Dieweyl der puldermacher dem Barbey
2204 1841 3530 1914 gar nichts schuldig syn wil ist by ihrer schlechten bewiß den 3. juny erkennt worden, daß zyßerin dem Barbey
2205 1877 3192 1956 selbs nachstellen sölle, ira darumb ein gabend daß er bhendiget werde.
2384 1907 2918 1992 montags den 3. juny 1644.
2220 1953 2513 2055 Hr. venner wieder
2206 2050 2767 2161 Hr. Decan Schmid, Hr Rüthimeyer
2205 2158 2800 2267 Hr. Kilchmeyer Waltere, Contier, Koler.
2211 2257 3575 2344 Ulrich Gerber, Melcher Thüring und Anna Jänzer beharrend allersyts by iren letsten erlüterung
2211 2326 3575 2390 die sy unpürtig syend mit dem eid zeerhalten, der zyt halb mit wyß und dem Schwarmüller zeige
2189 2360 3560 2446 sy iez an daß wyß 8 tag vor und 8 nach Iohannis und diser 14 tag nach Iohannis, wyß darnach wider¬
2209 2417 3546 2506 rumb by ira gewäsen, sye sy also es keinem allein geben könne, und wie wohl nun die sach sehr
2205 2458 3565 2544 dunkel und zwyfelhafft, so laßend doch meine Herren es uß der ursach fürnemlich, daß wyß offt und dik vor
2203 2506 3557 2604 und nach dem Schweermüller by ira gewesen Schwarmüller aber nur ein einziges mahl by ira
