3024 4032
670 1802 726 1852 25.
532 2025 728 2124 bald mach er
537 2093 740 2163 etwasz am bart
544 2145 735 2221 bald am haar
534 2192 738 2260 bald mit dem
552 2234 741 2314 wachtzedel etc.
537 2317 720 2388 * ira schon den
536 2369 715 2443 halben theil
534 2396 729 2501 zerrißen haben.
682 1373 728 1428 24
687 715 735 788 23
692 338 742 380 22
768 350 2070 448 Catherine Barrand, deren zu virs pürtiger Eheman Noot Pachoud zu Avignon
769 396 2096 492 luht yngebrachter gnugsamer zugsamme, wyb und kind haben: und auch vom glouben
766 447 2080 548 abtrünig worden syn sol. Hatt iren die liberation ehelicher bünden und freystellung sich
769 495 2102 627 anderfart zuverehrlich erlanget. Schryben an hr. landtvogt inne, uff zuher laßen.
761 543 1122 633 deß landts zverwysen
766 673 2065 820 Wolfgang Diwi der Büchsenschiffer ist nach es gstandner gfl. ganz ernstlich
756 775 2044 864 syner pflicht erinneret, auch syn frauw imme vorgegeben vermant und beide im
770 820 2093 949 glübd ufgenomen worden sich der gebühr gmäs ynzestollen, sonderlich er die gfl
765 903 1137 990 an niemanden zürech
1116 960 1688 1072 Frytags den 10. may 1644.
754 1014 978 1123 Hr. von Wert
759 1102 1363 1213 Hr. Dican Schmid W. Rüthimeyer.
754 1212 1264 1329 Hr. Cottier, Amport, Ernst Koler
756 1317 2139 1417 Sara Plüss beschwärt sich nochmalen Johans Diken ihres ehemans Bastart zeerhalten, demütig
752 1407 2041 1478 bittend es irer schwiger zur uferzüchung zu zesprächen, krafft den 20. septembris 1643 erlangter
1821 1445 2126 1534 Ihr Gnaden der ursachen
753 1442 1726 1528 rahts-urtheil durch welliche sy deß kindts liberiert werde.
758 1504 2141 1580 warumb man via den 17. novembris das kind zugsprochen subetanzlich zu myner Herren entschuldigung
766 1565 2154 1635 berichten - Dochwyl der Herr Schultheiss dachs: irem angeben nach, ira bewolchen, wider für raht zekeren
757 1595 1829 1697 sol die sach anstehen blyben biß daß sy ein anderen rahtzedel bringen werde
757 1745 2081 1838 von dem wachtmeister von Geyers zügend wyters der alt mistelberg sye mit im runden gangen
753 1802 2118 1899 da er trunk gewesen und uß anlaß deßen daß man immerdar Franz Stengli schloß abbrochen
752 1857 2137 1950 und gstolen, er sich erzürnet gsagt, die im wachthus syend luter schelmen und dieben hundts etc.
758 1940 1157 2019 der iänig sölle sy nemmen
755 1941 2139 2054 Hirsinger züget, daß in wacht hab er anfangs in Jacob von Wert, so etliche wecht
760 2017 2069 2113 versumpt gewassen, wie man bättet er syn hembt fürherzogen dem augspiegel, darmit
724 2063 2139 2189 gwüsche, stäts wyl man bätte nemme er etwas derglychen anderen werchs für, habe inne
746 2128 2133 2222 niemaler hören bätten, gloube nit, daß er könne bachen, habe alle wächter schelmen
755 2185 2117 2280 und dieben gscholten, sye weder spangen stengli noch nichts vor ihnen sicher, habe dem
751 2229 2144 2330 Tüfel schon langst befolchen zenemmen, wann er tüfel wäre welle er sy schon längst
748 2305 2116 2398 genommen haben, fluchs auch vnd schweere gar übel, Eie glycheszügend <
752 2358 2114 2452 Ulrich Wildbolz Samuel Haan und Peter Rigklin und daß er auch gredt, wie er
656 2402 2178 2489 kein größere sünd mermalen begangen, als das er syn tabak pfyffen daheimen vergeßen
741 2471 2102 2560 von dem ungerymbten wort so die anderen von imme züget hatt keiner nichts wollen wüßen
738 2530 2096 2621 sonders sich deßelben halb uff diebold Bachman beruffen Er sol selbs citiert werden
2281 1309 2327 1368 28
2280 345 2333 404 26.
2275 1821 2332 1877 29
2286 2360 2334 2416 30
2290 968 2339 1056 27.
2369 348 3673 441 Barbara Spuler ist iez Hans Luhmen nachdem der dritte Ruff schon ergangen sie am
2369 401 3709 493 rechten begegnet und vermeldet wie zwar der jüngsten zusahmen bkantnuss gmäs, sy sich bim mann
2441 456 3770 533 wellen ynstellen, er aber sy mit groben wortn und treüwungen (darumb sy aber kein kuntschafft
2373 498 3723 591 widerumb von sich triben habe, sich erklärende, daß sy vil lieber mit irem kind wolle gahn bättlen, als
2360 547 3701 609 ferners mit imme hus zuhalten. Er hingegen hatt kein groben wort noch treüwung gegen ira brucht
2371 598 3705 696 haben wollen, anders dann daß er zur magt gredt, wäre sy nit eherlich sych ynstellen, daß
2358 642 3688 739 es streichen geben werde, sich nochmalen erbietend eherlich mit ira habzehalten. Und wyl
2361 707 3687 814 nun zur schidigung gar kein ursach erhanden, sind sy de noch zusahmen erkënt, eherlich
2361 760 3685 856 inn hinlegung habender widerwillen, mit einander habzehalten errinneret und wyl in diser
2363 815 3663 895 urtheil sy nit globen wollen die sach biß montag yngstelt und ira der steinig rok anerkent worden
2362 863 3695 942 daruf sy sich bsint und globt, weliches der E. zugschriben und ira befolchen worden ein flyßige ufsicht uff sy ze¬
2359 901 3428 985 haben das ungehorsamme jederwylen zur gebühr zewysen und ihr ansechen gegen ihnen anzewenden.
2372 983 3691 1079 Catryn Erlach hatt michel Bachman anclagt, daß er sy inn synes vatters dienst mit versprechen
2360 1037 3693 1135 sy weder z'bschyßen noch z'triegen, beschlaffn und gschwengeret habe. Er aber laugnet alles
2361 1113 3704 1183 usgenommen, daß 8 oder 9 tag vor Michäolis sy zu imme zum bett kommen und zu ime gelegen, es sye aber
2358 1136 3444 1233 darumb nichts böses zwüschen ihnen vergangen. Sind beide hinab erkent biß montag.
2360 1271 3722 1386 Christen Kräyenbühl bekent, iez mehr dann ein mahl mit Elsbet Kilchofer zuschaffen gehept zehaben
2368 1349 3707 1429 und wyl nun sy bständig darbey bliben, daß sy ieme für den rechten vatter ires kindts halte und
2367 1395 3682 1471 dann alle umbständ zugebend daß Krayenbuhl der rächte vatter syn werde, ist es
2354 1445 3702 1548 imme im uferzüchung zuerkent und er verfellt worden umb die vferzüchung deß kindts biß dato
2366 1514 3717 1606 mit ira ein willen zeschaffen, ira 3 kronen für die gehepte kindtbetten zegeben, sy uß gfl zelösen.
2361 1571 3701 1642 und ira auch sonst allen anderen costen diser sach abzutragen, Schmon aber sol synen
2375 1607 3335 1702 costen an sich selbs haben, iäner 3 diser aber 1 urteil glt geben.
2366 1818 3698 1889 Abraham Dind der Schmid von st curii hatt Annam Martin von Allioran der ehe
2360 1876 3730 1942 angesprochen und aber anders nit bewysen können, weder daß die elteren sich umb
2365 1938 3701 2012 etwas zu wytt gegen imme yngelaßen. Und wyl nun die dochter selbs imme, anders nit
2364 1977 3654 2072 bewisen worden, nichts versprochen und sy gar keinen willen zu imme hatt, ist die
2368 2042 3681 2127 ansprach vfgehept, jedes inn vorige freyheit gestelt, der dochter vatter dem
2369 2103 3678 2203 ansprecher umb 50 florin für den costen zugsprochen umb 2 urteilgelt verfelt und
2370 2154 3213 2271 ernstlich vermant worden, syn dochter zu versorgen.
2378 2291 3707 2417 Flory Chebaz von Lausanna wider Saram Gay vonn Vilard Luxusior syn Ehewyb
2364 2390 3685 2506 so by Franz Rosset von Bussioni ihrem gewäsnen Meister ein unehelich kind erzichtet und
2372 2451 3602 2548 die citation alhar übersechen, Einen Rufbrief ab der canzel zu Prillioz
