3024 4032
562 2113 627 2173 106
577 1489 622 1551 105
566 1082 631 1146 104.
551 346 642 409 102.
642 324 2002 429 Benedicta Gaßer Bartli Kleins abgescheidne, begert der scheidung wider Hans Enge¬
660 384 1982 469 man aus Schwarzenburg ihrem jetzigen mann umb syner bösen finden willen und erklärt
651 446 1989 525 sich mit den fingeren klopfendt, daß sy lieber das land ihr läben lang myden wolle, als
657 498 1677 615 ferners mit imme haus zehalten; sind zusahmen ins loch erkent
569 698 618 782 103
656 658 1968 775 Jana Bluß hatt durch yngelegte supplication an meine Herren gemutet, ire scheliger dahin ze¬
648 731 1985 832 disponieren, daß sy ires manns uneheliches kind erhalten welle. H Koler sol mit
650 798 1986 893 ira darumb reden und irer sohnsfrauwen schlechte mittel zu erkennen geben, und auch
649 845 1511 960 der darinen gfl costens halb, daß sy inne ablegen wolle
657 1010 2000 1132 Hans Bucher hatt der scheidigung begert wider Annam Murri syn wyb und wyl nun
653 1116 1959 1177 ihres ernsthafften anhaltens ungeacht, er sich nit ergeben wellen, sy wider anzenemmen. Ist das
638 1170 1995 1256 Eheband uß crafft der sazung zwischen ihnen ufgelößt worden ad formam der artzilen
645 1213 2000 1310 erlouptnuß nemmens schynbringers und costens halb und sol er die kind erziechen, den
652 1263 1308 1388 ehebrecher aber ferners nachgsezt worden.
661 1442 1956 1549 Zwischen Madlen pfyffer und Lienhart Hagen, so beide by iren vorig ynelendung
650 1519 2003 1628 verbliben, da sonderlich er itz Hr. Hans Jacob den vice predianten zu Siselen ihren ge¬
657 1572 1965 1667 wesnen meister ynherzogen und verneloet, wie eben von diser sach wegen er synen wyb einen
657 1639 1989 1733 arm entzwey gschlagen habe, ist entlich erkent worden, daß die sach biß nach iren
649 1702 1978 1801 gnißt, inn wellicheren die heb-ammen ira ernstlich zu angebung deß recht schuldigen
649 1766 1967 1856 zusprechen sol, yngestellt syn: er im glübd, vor ustrag der sach nit zewychen
654 1806 1999 1931 ufgenommen: und die C. zu sagen deßen berichtet werden, mit befelch sy nach der gnißt
650 1880 1416 1976 mit fernerem bricht widerumb harzewysen.
661 2057 2008 2179 Daniel Jaquin hatt durch einen procuratoren wider Estruna de Lavi syn procla¬
655 2135 1975 2225 miertes wyb, syn scheiderecht mit erloupnuß sich anderfart zeverehelichen und
651 2194 2008 2316 zuspruch costens erlanget, schryben an Herrn landtvogt zu sy uff betretten
658 2259 1949 2376 ze verwysen, schryben auch an die C. zu St. Lidro imme wider synen gweßenen
662 2331 2007 2453 schwächer der hand z'bieten, daß er das iänige, so er imme uß der hushaltung genommen,
658 2394 1982 2505 zeplacitiere, und des so wann hütt oder morgen der proclamierten elteren stucken
656 2455 1409 2578 ihr erbs ansprach den kinden ufzebehalten.
2134 1322 2190 1429 109
2149 1956 2201 2039 110.
2057 2285 2206 2376 hat nichts
2055 2348 2193 2433 g'forderet.
2115 358 2192 404 107.
2192 322 3436 443 Jacob Meder, so den 2. augusti gscheiden worden, hatt bewilligung sich anderfart zverehelichen
2393 419 3021 548 Frytags den 21. may 1644.
2218 541 2410 616 Herr U Wert
2222 607 2793 712 Hr. Decan Schmid Hr Rüthimeyer
2214 705 2817 820 Hr. Ernst Cottier Koler amport
2217 799 3561 916 Von Anna Züricher relatierend die 4 hebammen, daß sy ein großen bruch habe und so be¬
2137 868 2190 926 108
2198 892 3517 968 schwärt, sye an irem lyb, daß sy es minen Herren nit vermelden dörffind, und wyl nun da, als sy
2210 940 3573 1038 auch zügend, gar kein beßerung zuverhoffen und sy imme im versprechung der ehe ire lybs
2217 997 3541 1072 arbeitseligkeit verhalten und er noch jung und sich lychtlich anderswo gelusten lassen möchte
2218 1028 3578 1128 sind sy deßwegen von einand gscheiden, er im die freyheit sich anderfart zeverehelich gstelt,
2220 1085 3548 1187 ira aber die gentzlich verbotten der costen ufgehept und dem Herrn Castlanen sy zytlichen
2195 1128 2805 1244 guts halb zeverglichen befolchen worden.
2218 1302 3569 1431 Veronica Müllerin von Thun, deren Bendicht Engeman ihr Eheman jez begegnet, hatt
2209 1403 3552 1483 ihr begähren der scheidigung wideräferet und daß das uß ursach, daß er wider ihren willen
2218 1453 3527 1530 im Frankrych gezogen und auch vor syner abreis sy übel geschlagen und gar schnöd gehalten
2207 1491 3548 1579 habe; Er hingegen erbiettet sich aller trüw und liebe und eherlich mit ira hus zehalten
2197 1551 3551 1632 Und wyl aber sy sich erlüteret ehdenn todt zelyden als sich mit imme zeversühnen, ist erkent,
2213 1595 3552 1653 worden, daß sy widerumb zu sahmen zeträtten ihr mengel beidersyts zeverbeßeren und wie
2217 1644 3532 1739 sichs gottliebenden ehementschen gebürt, mit einander hus zhalten, im glübd ufgenommen,
2215 1695 3544 1789 oder, wann sy sich nochmalen nit ergeben welle, beiden ein löffel geben werden solle als
2225 1764 3557 1847 auch beschechen, dann sy gar nit globen wollen, mit erlüterung, daß man sy doch darnach mit
2221 1798 2732 1892 schand werde von einander scheiden müssen.
2223 1948 3509 2053 Eva Kunz von Pfindt hatt Peter Schuler von Rizenbach der kilchöri Veeren-balm
2228 2048 3501 2129 neben geclagter schwengerung, doch ohne einich grund der ehe angesprochen und
2225 2108 3512 2194 wyl aber er sich sya zuehelich inn keinen weg ergeben wellen, ist ire ansprach
2223 2155 3539 2243 nichtig erkent, beide inn vorige freyheit gestellt, und er, wyl er deß byschlafs be¬
2217 2224 3554 2317 kantlich verfellt worden, ira allen costen diser sach abzetragen, das kind uff zueigeren
2233 2271 3528 2369 abzenemmen, es ufzeerzeichen, ira 3. Kronen inn die kindtbetten und für den cranzen nitwit
2243 2328 3565 2434 zegeben Schryben an die C. synen vettern Spuler ernstlich zemahnen,
2222 2378 3533 2496 daß hinfüro, er weder taglöhner noch syne knechten zu den mägden inn ein
2230 2444 3036 2559 gmach legen oder der straff erwarten syn solle.
