3024 4032
544 380 605 436 258.
553 625 599 702 259.
565 2441 626 2517 262.
657 326 1925 437 Peter Mütschhart zu matten by interlaken, hächler Peter genant, hatt bekent, sich mit
639 384 1910 491 Barbara Scherzin vertrapt zehaben, deß kindts zwar sich beschwert, und aber entlich
632 444 1919 550 sich erbotten es uff endtliches zueignen anzenemmen, und wyl nun volgendts den 29. julii sy die
632 485 1929 620 Eidts glübt attestiert, ist er verfellt worden, es ira abzempfachen und inn der forcht gottes ufzeerzuchen
632 585 1919 721 Jacob Meyers vatter hatt umb ynstellung der Rüffen angehalten, so den 20. may
633 658 1873 754 wider ime erkent worden, schryben an die E. zu Lys wann sy ihr recht werde
631 719 1818 829 suchen wellen, sölle man ime den vatter deß proclamierten mit harwysen
559 866 1882 1008 260. Niclaus Suter im heimberg harcitieren, damit er synen azung-costen bezahle
638 1039 1931 1162 Heinrich Amsler von Arouw, hatt sich erklagt, daß umb ein sach die doch von
550 1106 614 1174 261.
636 1137 1879 1247 Herr venner Willading und Herr Dubi und auch von meinen Herren selbs uff Hans-Beat
622 1204 1893 1293 Haberstoks sich anhalten den 6. octobris und 22. januar erörteret und usgemacht
634 1259 1877 1363 worden, er von den chorrichteren zu arouw angefochten werde, in schon ein
626 1308 1925 1426 gfl erkent worden sye, mit bitt, daß ihme nochmalen stillstand gebotten
630 1379 1886 1489 und er zu rücken gesezt werde. Und wyl aber myner herren
618 1441 1930 1552 ansechen by denn arowischen herren, so gering, daß inn diser sach sy
618 1512 1947 1628 (als haberstok sich und Amsler sich immerdar erklagt) ihrer schryben nit
628 1572 1952 1693 vil geachtet, sonders derselben ungeacht quitinuiert gegen ihnen zupendiren,
621 1644 1861 1760 habend sy meine Herren inne Amsleren, mit einem fürtrag für raht gwisen.
623 1709 1938 1839 daselbst ein krefftige hand biettung zesuchen und sol im fürtrag, für
619 1769 1906 1900 gangs wyl auch gmeldet worden, wie schlechtlich meine Herren befelch by
618 1860 1499 1989 dem underrichteren zu arow ansächend in gelten
862 1986 1521 2126 Donstags den 18. julii 1644.
630 2086 1408 2197 H. venner Zeender H. von Wert judex
644 2180 1291 2302 H. decan Schmid H. Rüthimeyer
639 2261 1355 2405 H. Amport, Ernst, Cottier, Koler
649 2344 1956 2512 nach abhörung deß von deß H. obersten von Croll und der princeßin syner ge¬
647 2432 1949 2555 machlin wegen yngelangten raht befelchs, daß namlich die betrüglich und mit
643 2491 1968 2630 verschlachen, daß H. obersten antwort-schryben us gerwürkte schidigung wider ufge¬
2065 1220 2124 1317 263.
2142 304 3438 434 hept und revociert und sy widerumb zusahmen erkent werden söllind. Ist bevorderst
2140 376 3471 502 der frauw princeßin, sonderbahr ynher berufft, mit früntliche und ernstlichem zu
2143 466 3374 543 sprechen zur versühnung perpariert, ihres beharlichen usschlachens aber deßelben
2149 500 3456 604 auch nochmaligen anerbietens den ehebruch mit gar vilfaltigen kundtschafft uff ime
2152 554 3445 665 zebewysen ungeacht, volgendts beide mit einander ynher berufft, nider gesezt und die
2155 643 3443 724 erkendte revocation ihnen eröffnet, sy auch fründtlich sich widerumb zusahmen
2144 700 3415 782 zeschiken und coniunctis viribus ihre geliebten kind ufzerzüchen erinneret worden, zu
2147 737 3395 839 welicher ertheil er zwar glopt, sy aber sich gar nit darzu bequemmen
2154 806 3410 882 wellen, sonderlich wyl er ira fürgehalten deß capitain Maurico Controhet
2140 874 3438 952 inn ihrem bett funden zehaben und daß sy demselben auch syner köstlich dia¬
2148 912 3396 1004 mant inn synem abwäsen geben habe. By wellicher irer erlüterung und zusag
2153 978 3433 1072 daß sy vil lieber ihr läben laßen wollen, als inne den H. obersten widrumb für
2142 1023 3405 1144 ihren eheman zuerkennen. Ist die sach widerumb für raht gschlagen.
2158 1196 3419 1324 wider Heinrich Amsler den müller zu Arouw habend sich vor meine Herren gestelt
2147 1293 3410 1388 deß chorgrichts von daselbsten usgeschoßne, Herr Steffani der predicant, Niclaus
2148 1326 3410 1459 Schäffer und der chorweibel, ein wyttlöiffig klagschryben umb vilfaltiger
2154 1407 3421 1500 schwären und flüchchen willen, die er usgoßen haben sölle, dargelegt und begert
2159 1449 3419 1549 daß er Amsler, dem underen chorgricht zu parieren, daselbst syn sach zverantworten
2156 1492 3448 1620 und ire straff zeerwarten, gehalten und hiemit ein E. by irer reputation ghandhabet
2158 1565 3398 1662 werde. Ambsler aber vermeint, daß alle die wort, so von irer mühli strytikert
2163 1633 3471 1736 und brütschen züchens wegen ergangen, schon vor einem iahr durch Herr venner Willading
2153 1694 3444 1806 und Herr Dubin hingelegt und erörteret worden syend. So aber die gegenpart ganzen nit
2164 1757 3450 1864 glouben wollen und doch uff meine Herren anhalten, sich ergeben, die sach alhie vermachen zlaßen
2151 1820 3453 1934 mit protestation jedoch daß ihme der costen zugsprochen, und imme syne straff zu arouw
2143 1880 3433 2011 dan die ergernuß angerichtet angethan werde. Und wyl aber Herr Amsler sich
2154 1946 3447 2059 synes fürgebens halb uff der Herr sprücheren relation berüfft und begärt daß
2160 2007 3414 2132 die sach für raht kommen möchte, dahin sol es auch kommen pro ein fürtrag
2147 2076 3430 2190 und darum vermelden, wie man es alhie glimpflich synen eheren ohne nachteil
2155 2167 2640 2273 im sinn ghept habe uszemachen
2419 2181 3004 2355 frytags den 19. july 1644.
2155 2303 2423 2447 H. von Wert
2143 2435 2751 2564 H. decan Schmid H Rüthimeyer
2135 2548 2839 2687 H. Cottier, Koler, Ernst, Amport.
