3024 4032
651 2352 698 2417 15
663 1279 710 1349 13
666 1609 717 1657 14
684 339 717 398 11
700 597 731 647 12
774 324 2126 444 H. Hans Ulrich Bäklin ein schryben erkent an Herrn Zeerläder zu Oberbung, inne umb
765 373 2083 494 von Abraham Dürholz synes schwägers s wegen an imme habende ansprach vn¬
755 423 2145 525 clagbahr zemachen oder uff mittwoch sich hie zeversprechen uff welichen tag zwüschen inn erkent,
745 495 2126 581 worden, daß § syn kunklerische handtschrifft widerum zu synen handen nemmen und umb syn ansprach
478 484 2039 593 eine mit bahrem gelt (neben 2 Kronen für den kosten) uswysen sölle. Herr Zeerläder ein fernschryben an die Herren
637 526 1948 616 von Zofingen imme der hand zebieten, daß umb obige handschrifft er, wann da etwas zuerholen, möge bezalt werden.
733 574 2061 714 Hans Graser zu Ins Hans kilchherr von Dürishus hinder Loupen, Elsbet
755 667 2089 785 Wenger uß Belp Kilchöri, Jacob Läßer der wirt z Gümmenen, Georg Mönsin
746 738 2116 845 der krämer hinder landtshut Niclaus Suter von Stäfisburg und der müli
749 790 2110 878 kasser z Lüzelflühy, söllend citiert werden zu volkomner abdienung innert 8 tag
746 852 2128 964 Hans Grasers halben eicharo an Herrn vogt erkent den 27. may 1644. und er hiemit deß
746 899 1638 979 begerten abbüßers im schloß Erlach abgewisen worden.
978 930 1517 1013 mittwoch den 8. may 1644.
741 982 1323 1070 Herr. Venner Zeender Herr U. Wert
746 1081 1334 1184 Herr Decan Schmid Herr Rütlimeyer.
740 1156 1332 1256 Herr Ernst Koler. amport Cottier
748 1251 2132 1360 Christen Riffian im schloß Spitz sich dienst wys ufhaltend, hatt sich erklagt, daß Elsbet
747 1324 2101 1404 kipfer von Lüzelflüh syn ehewyb by Herrn venners von Wert s. verlaßnen dienent
731 1396 2075 1480 nit zu imme keren welle, mit begerter handbietung. Er sol ira harbitten
744 1454 846 1517 laßen.
749 1563 2098 1650 Herr Hans Völkli predicant zu Blumenstein und der Gmeind oberhofen usgeschoßen,
1168 1632 1290 1682 also verglichen
738 1642 2108 1714 sind ihrer spänigkeit halb dahin gewisen worden, daß Herr. völklin die spähnige matten sampt
763 1705 2175 1782 daruff geburtner mücken schüren, dieselbige umb 60 Kronen gewürdiget, denen von oberhofen cidieren
748 1762 2114 1829 und sy imme dargegen für die schür, welliche umb 60 Kronen gewürdiget, für syn houptsum der
734 1804 2078 1898 60 Kronen 5 oder 6 zins davon für zinsen, so er dem predicanten zu worb und für allen
1401 1851 1469 1899 163 1/2 Kronen
743 1867 2136 1947 anderen costen, so er ihnen angerechnet 170 Kronen bezahlen und deß Herren predicanten von worb
745 1911 2110 2020 ansprach an houptgut und nit bezahlten zinsen, auch noch über sich nemmen, iede
726 1984 2072 2087 partey iren costen an sich selbst haben und 4 Pfund für minen Herren müntz bezahlen sölle.
737 2036 2135 2126 Herr völkli sol ihnen nach empfangner bezahlung alle syne rechte herus geben, habends
738 2080 1709 2177 beidersyts mit dank angenommen. Ihnen hierumb schrifften.
745 2292 2100 2406 Cunrad Wäber von Seeberg, so sich mit Anna Berner von Hellsautt verehelichet,
739 2362 2099 2467 deren eheman vs luterbachs todt nach bißhar nit gnugsam erwisen werden mögen,
739 2417 2111 2534 hatt iez schrifftliche zügnuß eines hutmachers von Soloturn yngelegt, auch deren
748 2482 2108 2605 abhörung minen Herren der zügnus glouben zu sezende, erkent, daß von nun an er wäber
733 2545 2054 2662 mit ermelter Bernerin wohl fürfahren mögen, den Herrn predicanten uff Seeberg
744 2642 1037 2741 deßen bricht
2268 322 2325 413 16.
2282 649 2316 738 17
2286 1513 2319 1602 19
2282 995 2331 1063 18
2289 1773 2337 1834 20
2298 2035 2350 2079 21
2364 310 3627 428 Anna Biderman ußem Elsaß hatt Hans Stübin von Rüggisberg, der ehe angesprochen
2361 384 3660 472 und imme ein kind, so er by ira erzüget, anerbotten, vermeinende er iungs und alts zu eheren züchen
2358 433 3684 503 sölte. Er aber hatt nur deß byschlafs anred syn wellen peter springen zu Balm ynherzüchende
2359 475 3651 549 als ob derselbige deß kindts vatter wäre, mit wellichem sy aber nichts zu schaffen gehept haben
2363 534 3567 622 wellen. Con. daß sy beide hinab gelegt und nach dem springen gschikt werden sölle.
2366 618 3667 739 Elsbet Wynistorf, so den 29. marty alhie gscheiden worden, hatt uff yngelegtes kundtschafft.
2362 706 3684 798 zedelin von deß predicanten von Signouw sohn, daß Rudolff Wiliman von Dietighofen ihr ehe¬
2361 752 3664 834 man im frankrich am roten schaden gstorben sye bewilligung erlanget sich von ein an
2355 808 2729 909 anderfart zeverpflichten.
2354 959 3639 1067 Peter Buren und Anna Zimmerman betagte unwillige ehementschen, so beidersyts (wie
2337 1028 3652 1108 dan auch ein E. von Rüggenberg selbs darumb bätt) der sönderung und scheidts begert
2364 1106 3680 1161 sonderlich sy zimmermanen sich ganz widerwillig erzeigt und umb gotts willen bätten, sy umb
2367 1145 3662 1214 synes schnöd haltens und hingerlaßens willen, by ihren sohn wohnen zelaßen, sind, wyl sy
2365 1207 3691 1276 inn irem begähren nit gründet zusahmen und mit ernstlicher vermahnung sich hiefüro im
2361 1232 3707 1318 aller gebühr gegen ea inn hinlegung ires widerwillens ynzestellen, widrum heimgewisen
2365 1307 3691 1400 er hierumb um globt ufgenommen, und sy als die nit geloben wellen, ins loch erkent worden.
2711 1437 2969 1518 exiert d. decanus
2368 1470 3710 1559 Hans Mülchi von Lönzingen hatt ein schryben erlanget an h. Uniol freudenberger den predicanten
2359 1525 3696 1635 zu Lüßlingen, daß er inne umb an imme habende ansprach unverwylt bezahle oder aber
2363 1583 3327 1695 von hütt über 14 tag synem creditori alhie am rechten begegnet.
2372 1717 3708 1839 Peter Zender und Verena Edelman (vid. 27. Marty) sind iez, nach abhörung yngelangten
2365 1779 3680 1890 brichts, uff syn sehr trungenliches anhalten, wie wohl er das urloub nemmen übersechen zu¬
2376 1859 3158 1967 sahmen gelaßen und die E. deßelben berichtet worden.
3526 1956 3645 2015 wann
2383 1965 3693 2083 Andre Parier und Samuel Benoitt halb von Perroy, da iäner disem 500 fl versprochen, daß
2372 2027 3719 2131 er imme zu einem wyb, die ein sonderbahre anzahl guts habe, verhelffe, zegeben versprochen und uff
2374 2105 3725 2198 syn rechtliches forderen derselben summ, imme syn wyb, (so diser sin frouwen verebant) sich darob
2369 2143 3677 2261 bezalt zemachen dargeschlagen, und volgendts dem chorgricht, als umb solches ungerymte
2383 2211 3689 2300 antwort er reprehendiert worden verachtlichen bscheid geben dem chorgricht antworten
2373 2257 3725 2366 daß man inne Parier umb, dem chorgricht bewisenn suspects willen, mit 24 stündiger
2373 2329 3719 2433 gfang: straffen: und aber hingegen ermelten Benoitt syner ungerympten inn keiner
2374 2374 3735 2522 billigkeit gegründten ansprach genzlich abwysen söllen neben einer ernstlichen censur
