3024 4032
522 2285 594 2378 231.
536 1882 607 1958 230.
547 696 608 749 228.
545 1202 611 1279 229.
750 315 1301 452 Montags den 8. Julii 1644
630 415 890 487 H. von Wert
635 500 925 603 H. decan Schmid
636 553 1763 673 H. Hans Rudolf Lerber der alt, Cottier, Amport, H. Hans Bundelin
644 642 1936 746 Anna Tschoßelet von Gals, spricht Hans Kürzen von Blumenstein, der ehe an, mit
624 709 1927 806 vermelden, daß er ira einen nasenlumpen genommen und uff ihr fürhalten, wann er ira den
626 765 1910 866 selben nit widergebe, daß er sy mit dem nasenlumpen haben müße, er demselben
623 823 1906 911 nit destoweniger behalten habe, die sach myner Herren urtheil Jennisezende und wyl
622 878 1910 962 nunn diß ein lychtfertiges thun und sy sich beide erklärt nichts mit einander zeschafften
626 927 1915 1036 gehept zehet. Ist ire ansprach ufgehept jedes inn vorige freyheit gstellt und
622 1004 1083 1108 der costen compensiert worden
627 1126 1918 1270 Bendicht Hänni züget uff ordenliches voroffnen, als im wirtshus zu Belp er vor
626 1213 1915 1334 jahren gedienet und iren etlich, darunder auch Christina Böhl gewesen, inn syner schlag
611 1269 1895 1372 kammer mit einander trunken, habe entlich, wie es füräben gewesen, er sich zu dem roßen
623 1328 1915 1440 begeben, sy zfuteren nichts anders vermeinende dann daß alles hinwegg syn wurde, wie er
622 1385 1925 1477 aber wider inn syn schlaf kommen, habe er einen müller, so by Balsinger im dienst
617 1439 1933 1544 gewesen, by ira uff einem bett ligend funden, da er absbald ab ira gefallen.
615 1509 1917 1608 daß sy aber die thatt selbs verbracht habind könne, er so eigentlich nit zügen.
628 1563 1878 1690 Coo, daß by disem unvollkommen bewiß es by vorgender urtheil verblyben und
626 1629 1522 1756 Peter Zimmerman ira auch den itzig costen abtragen sölle
628 1779 1943 1941 Vironica Müller wil nochmalen inn keinen weg bekennen, sich mit Mariz Schön
627 1863 1912 1991 tahl weder zu Belp noch anderstwo vertrapt zehaben, und wyl nun sy der that selbs
636 1913 1919 2036 nit überzüget und noch bißher kein bekantnuß uß ira zubringen gewesen, ist die
620 1987 1920 2093 warheit gott heimgstelt, Bendicht Engiman und sy widerumb zusamen erkent und
623 2031 1929 2160 wyl aber sy müllerin sich gar nit ergeben wollen, entlich das ganze geschäfft
626 2112 1431 2223 uff ein nüws für Raht zeschiken angesechen worden.
628 2237 1972 2367 Barbara Schreyer erclagt sich ab Rudi Rufer ihrem eheman, synem vatter muter und schwager
621 2305 1941 2423 daß sy der jüngst alhie ergangnen untheil nit statt thügind, er sy schlache und stoßen
627 2374 1940 2481 und sy inne, sonderlich mutter und schwager darzu ufwysind, sy unwärt haltind und
640 2442 1966 2539 ira kein gut thugind, sonders sy und die ihrigen schändind und sich mächend, mit begaren
634 2487 1911 2603 daß deßweg und wyl er selbs offt bekent habe, daß er kein mann nit sye, die
624 2527 1969 2638 schidigung zwischen ihnen erkent wirde, welicher clag er anderst nit bekantlich weder
633 2587 1953 2689 daß zu allem dem was zwischen ihnen ungutlichs vergangen, sy selbs anlaß geben habe
2089 1188 2160 1293 235.
2095 1581 2156 1644 234
2100 1827 2163 1901 235.
2095 2084 2176 2155 236.
2021 2151 2186 2216 von chorhendlen
2029 2200 2074 2253 harr
2100 2460 2174 2510 237.
2092 689 2153 781 232.
2179 313 3468 424 mit vermelden, daß er eben sowohl ein mann als er von anfang gewesen sye, mit begehren
2169 394 3473 473 daß ihr beider und auch der ihrigen halb kundtschafft ufgenommen werde, sich erclagende
2168 446 3500 515 daß syner schwiger selbs, so inn der erst nacht sich zu ihnen ins bett gelegt, der verlierung syner
2176 482 3464 596 mannheit ein ursach sye. Sind biß mitwochen zusahmen inn ein gmach erkent worden, ob
2178 537 2738 633 gott zur versühnung gnad geben möchte
2175 672 3495 761 Madlen Roos von Langnouw klagt den ehebruch ab Peter Rötlisberger ihrem
2174 720 3464 831 ehemann. vermeinde selbige ire klag drußen gnugsam bewisen zehaben, er aber be¬
2172 796 3462 886 schwärt sich der kundtschafft, wyl er deren nit vorgeoffnet, die eine imme uffsezig und
2178 865 3479 949 beid kundtschafft treger einander gscholten, als dan die eine faltsch züget hätte, so schryben
2178 906 3451 1000 an herren landtvogt sy uff ein nüws formlich und nach beider parteyen veroffnen,
2175 965 3505 1070 zvernemmen und meinen Herren demnach gründtlich zeberichten, ob und warumb die kundschafft
2177 1016 2993 1122 einander gescholten und ob sy nit ehrliche luht synnd etc.
2173 1069 3446 1167 und daß hinder einem spycher er by einer gwißen tirnen an offner that ligend funden worden.
2192 1154 3463 1283 Johannes Schaffuser ein junger knab, so vergangner tag im wytenbach neben anders einen
2171 1248 3477 1324 weltschen by dick den träger dienenden weltschen knaben, Hans Schmid und Abraham Marmot
2171 1308 3489 1400 badet, danach sich bschißen, einen rätich zwischen die bein genommen und den wybs persohnen entgegen
2175 1345 3122 1456 geloffen, sol uff mitwochen mit synen gspannen widerkommen.
2182 1525 3439 1648 Jacob von Scharnachtal dem beken mit Johanna Luz einer wittfrouwen der kilchgang zu
2186 1634 2468 1729 Bümpliz erloupt.
2198 1763 3507 1887 Caspar Zoug ist itz nach abhörung yngelangten berichts, daß er Annam Dänzer ira habe
2198 1836 3490 1947 ehelich wollen, sy aber darüber usgerißen sye, genzlich von ira libiert und imme syn
2192 1895 3494 2012 costen, ob dem jänigen was sy sie im land gelaßen zugsprochen worden und deß kindts ehelicher
2184 1985 2429 2082 touff bestätiget
2193 2020 3512 2148 Bendicht Lynig der alt erclagt sich, daß H. Knopf der predicant zu frauwencapelen
2203 2103 3472 2199 umb zweyer tag costen willen, ein capiatis wider inne verlanget habe, da doch er gar nit
2201 2143 3470 2281 gloube imme etwas schuldig zesyn, extracten alhie jüngst zwischen inen ergangner urtheilen
2191 2198 3514 2337 begerende, dieselben vor raht ynzelegen, die sind imme erkent worden substantzlich
2201 2281 2727 2399 grad zu der zyt da er krank gewesen.
2206 2395 3509 2504 David Rütschin deß Loüffers zantisches wyb uff mitwochen harcitieren
2203 2455 3462 2581 den 10. ist uff ihr und ihres ehemans schuld werffen uff ihre benachparten und anclegerin, sy
2211 2501 3509 2606 erstlich vermant worden sich verträglich mit männigklich zhalten und auch ihren eheman inn
2200 2592 2557 2684 gebür zrespectiren.
