3024 4032
491 358 657 446 nach der uß¬
480 416 659 481 spruch diser ur¬
496 456 659 519 theil ist wyters
493 485 644 547 erkent worden.
487 527 649 590 daß für die kind¬
480 561 657 630 bettin vnd kinds¬
495 603 645 677 erhaltung biss
483 647 633 708 dato er wys
490 683 644 755 ira 8 kronen und
484 721 650 784 irem bystender
478 759 650 823 für syn versum¬
482 797 645 859 nuß 4 kronen geben.
472 846 555 922 sölle.
582 935 646 987 121
576 1933 645 1993 122.
580 2444 645 2504 123
579 2701 630 2758 30
674 297 1981 400 gewesen, einfaltig by dem bettenden, daß wyß das kind einzig haben es von nun an ufer¬
673 359 1984 464 züchen, umb die uferzüchung biß dato ein willen mit ira schaffen, ira 3 kronen für die kind¬
671 405 2000 513 bettin auch allen anderen costen diser sach abtragen, sy uß gfl. lösen, meinen Herren 2 urthl gelt
678 472 1994 566 geben Schweermüller Gerber und Thüring jeder synen costen an sich selbs haben und ein
668 516 1978 621 urteil gelt geben, Gerber noch darzu, umb daß er ira den kummer bywyl syner frauwen
674 571 1980 691 kindts noht, anmuten dörffen und daß er dem müller syne diensten stäts ynzogen 4 pfund straf
695 612 2006 750 gelts geben sölle, die C deßen berichten, Jacob Wyßen vatter ist vermachet worden synen
680 668 1552 800 Sohn zeversorgen, damit er nit inn fernere sünd falle.
673 864 1978 998 Von Schwarzentruber zügend wyters Joseph Rafloub von Schafhusen und Hans Bürgi vss
661 923 1951 1052 Lopsingen, daß Daniel im lochgang er uff yselins befragen bekent habe sich im meyen
668 988 2005 1087 mit synem wyb sich vermischt zehaben, wie dann uff hütt inn aller voroffnung er Schwarzen¬
662 1036 2005 1132 truber selbs bekent, daß zu angehndem meyen er sich in syner frauwen sich angenommen,
659 1083 2020 1197 habe und wyl nun yselin gar nit bekennen wellen, sich nach mittem aprellenn mit Schwar¬
670 1136 2016 1244 zentrubers frauwen sich vertrapt zehaben mit vermelden, daß er es mit dem eid welte bestätigen
660 1182 2010 1274 dörfen und dann inn zyfelhafftigen sachen man allwegen uff die millers sytten fallen sol,
659 1235 1997 1349 ist derowägen das kind dem Schwarzentrüber (als der bekantlich sich auch in meyen
662 1290 1958 1395 deßen mittel mit der kindts geburt zutrifft, synes wybs sich angenommen zehaben)
661 1346 2019 1464 ehelich zugsprochen und yselin verfellt worden, daß er die ehebruchs-straff und noch
663 1403 2008 1513 zutagen, im ansechen, daß er die abgstorben persohn inn synem dienst schandtlich mißbrucht
662 1449 2009 1544 usstehen und dem Schwarzentruber 15 kronen an synen angrichteten costen z'stüwr geben auch
665 1508 2018 1599 jede partey 6 pfund für myner Herr müy, (dann Schwarzentruber auch einen schlechten nahmen
652 1562 2013 1667 hatt und alhie der zytt halben syner ehelichen vermischung gar schlipterige wort brucht
659 1597 1994 1702 und immerdar gluegget, syner frauen sich wenig gut bewisen und stäts mit syner gygen
658 1680 1347 1782 die kilberen nachzogen) bezahlen söllind.
679 1851 1991 1978 Veronica Müller wil sich gar nit ergeben mit Bendicht Engeman hus zehalten,
669 1920 1997 2027 könne imme sidt der zyt, da sy syne verlornen schu im eymer under dem bett funden,
673 1976 1971 2115 kein herz mehr trag, da aber es sich heiter erfindt, daß sidt demselben sy noch ein
666 2054 1980 2149 kind, welches siderhar gstorben, by imme erzüget: By söllichem ihrem widerwillen
674 2103 1960 2190 und da ihr mann beharrlich anzeigt, daß er ira guts zethun gesinnet sye, Ist
679 2148 2002 2253 entlich erkent worden, daß ira sach (dann sy nochmalen nit globen wellen), für
824 2238 920 2274 * werden
675 2226 1481 2342 recht getragen *, und sy darzwischen deß lochs huten sölle.
683 2375 2028 2489 Verena Cunrad von Lozwyl, so schwangeren lybs, hatt David Frutig zum vatter irer lybsfrucht
669 2447 1974 2536 ernamset mit vermelden, daß erstlich an einem sontag zuheim umb die zyt wie man den haber
679 2500 1988 2594 z'vollen ufgenommen und darnach auch 14 tag nach St. Gallen tag eines gwißen abendts
669 2548 2012 2641 im Stall, er mit ira zuschaffen gehept habe, er aber verneint alles, us genommen daß ein tenn
674 2613 1995 2678 er an einem sontag mit ira gschrupfet haben möchte, Sind remittiert biß mitwochen und
677 2640 2016 2736 sol darzwischen Gladi der frembd zimmerman, welichen Frutig verdächtig machen wil, citiert worden.
2119 1029 2173 1095 126
2119 357 2173 422 124
2128 571 2175 621 125
2126 1522 2189 1579 127
2051 1576 2176 1658 * Mosiman
2151 2270 2199 2314 128
2145 2482 2211 2562 129.
2206 347 3541 455 Bendicht Bütighofer und Barbara Robin halben, so eines unehelichen kindts halben spähnig,
2206 408 3548 494 schryben an Hr. Vogt z'Buchsee sy uff mitwochen auch harzhalten. Er ist usgerißen, deß wegen den
2205 457 3572 558 Hr. Vogt befolchen worden uff inne zeachten und uff beträtten inne grensen harzehalten, und darzwischen zeverschaffen
2210 500 3494 567 daß ermelter Kobinen etwas handreichung uf synem gut gefolgen möge, das kind darus zversorgen 5. juny
2223 525 3534 613 Salome Rede ußem Maigraferland, so durch die profosen von der Steingruben abgeholt und ins
2220 595 3543 671 loch verschaffet worden, gibt an daß mit Peter Meyer und von Thun und auch mit Jaggi Anthoni
2214 660 3534 733 dem müller zu Herbringen sy sich inn einer wochen umb Verena vergangen, und auch mit Peter Meyer
2226 700 3491 764 vor einem jahr zum crüz alhie zu schaffen gehept habe, wellichen aber under disen zweyen
2213 755 3504 829 ihr 4 wöchiges kind gehöre, wüße sy nit, von disem dann hab sy sich auch noch mit
2217 793 3527 870 Peter Linder einem ledig gsellen inn schwenden, ob Wimmis vertrapt. und hatt auch volgents
2219 862 3533 908 Peter Meyer uff ernstliches zusprechen, bekent sich mit ira vergangen zehaben, Worüber ge¬
2217 906 3502 975 rahten worden, daß sy beide hinab gelegt und nach Linder und Anthoni gschriben werden sölle.
2207 938 2831 1022 Linders halben Richara an Hr. Casten den 14. junii
2232 1015 3542 1125 Hans Buchsee hatt iez an anni murri syn abgschiedne gemutet sich zeerlüteren, ob das kind
2214 1100 3535 1160 so vor 6 jahren sy imme ehelich zu touffen laßen, imme oder aber Niclausen Zimmerman dem
2216 1154 3548 1247 schumacher z'Bollingen (wie dann jederman darus rede, daß es demselben glych sechen thuye
2213 1205 3516 1285 und imme gehörig sye) zugehöre, sy aber mit ermeltem zimmerman nichts zuschaffen
2214 1259 3545 1353 gehept haben wellen, und wyl nun billich, daß diser sach eigentlich nachgeforschet werde
2220 1300 3084 1401 ist erkent worden den Zimmermann uff mittwochen harzbschryben.
2222 1473 3526 1571 Anna Zimmerman Hans Schmid eines Lüenthalers wyb gibt an Hr. Derigs magd am Stalden
2215 1552 3545 1645 Peter der Jukerin Kuger vincenz im hoff syne frechten Hr. Daniel Gerbers Küger Niclaus
2225 1614 2626 1694 Boumgarters Kuyer Elsbet
2847 1594 3513 1687 Gyger sy daß sy wieder letst ryffen gsin inn
2217 1649 3467 1743 der Jukeren schüren und vergangnen donstags zu krägigen, da auch das groß styni ge¬
2225 1703 3524 1810 by gewesen, danzet habind, Gyger sye gsin ermelter Peter, so sy umb ußtragens
2228 1766 3350 1863 willen diser sach, gestert übel gschlagen habe. Söllend citiert werden
2366 1859 2887 1968 mittwoch den 5. junii 1644
2225 1934 2524 2039 Hr. Venner Zender
2224 2043 2804 2154 Hr. Dican Schmid Hr Rüthimeyer.
2241 2150 2662 2257 Hr. Ernst Koler, Cottier
2234 2203 3548 2318 von Hr. Croll ist bricht yngelanget, daß er zu pranomis in syner abgescheidnen ab¬
2238 2273 3512 2361 wesen ankommen und vorhabens sye sich fürderlich harzebegeben, deßen wellend meine Herren
2234 2356 2373 2417 erwarten.
2246 2416 3562 2547 Peter Lian Bandelior von Sanotan so ein E. daselbsten vor dem beschafen verleidet, als ob sy iren
2244 2499 3549 2587 gwalt überschritten und imme z'vil costen gforderet hättend, daruf dann ein qdomnation urteil
2245 2548 3546 2655 und costens modation erfolget, deßen ein e sich beschwärt, syn sach für Raht gschlagen
2235 2605 3561 2704 mit grundtlichem bricht was im Bandeliors sach sich verloffen und wie es hergangen sye.
