3024 4032
588 366 655 425 194.
600 2374 647 2440 199.
597 1188 652 1256 196.
592 1825 661 1884 197.
602 2086 655 2166 198.
605 911 659 1001 195.
682 317 1971 433 Pauli Wyß ist befolch worden daran zusyn, daß syn sohn biß michaelis hir syge
752 188 2039 285 und syn ehesach zum end führe, sonst man ira darnach einen rufbrif erteilen werde.
676 447 1291 548 schryben darumb an y. synen hauptman.
897 575 1435 700 Frytags den 28. Junii 1644.
674 649 943 758 H. Dubi
675 737 1205 860 H. Decan Schmid, H. Rüthimeyer
673 820 1208 937 H. Amport, Cottier, Koler, Ernst.
680 892 1984 988 H. Samuel Rohr der schulmeister, hatt ein räßes schryben erlanget an H. Samuel Walthard
684 962 1947 1050 den predicanten ze Bargen, ime umb synes sohns tischgelt und privats-institution unufzogen
669 1026 828 1118 zevernügen
683 1101 1986 1244 Verena Studer hatt Caspar Brütgiman von Niderösch neben der schwengerung auch
675 1186 1996 1293 der ehe angesprochen, er aber keiner versprechung der ehe anred syn wollen und wyl nun
678 1240 1948 1335 sy die ansprach der ehr nit bewysen können, ist dieselbige nichtig erkent, beide im
678 1291 1993 1401 vorige freyheit gstellt und er verfellt worden ira allen costen diser sach auch der gnädigen herren abzetragen, das kind
683 1350 1988 1437 uff zueignen zerempfachen es ufzerzüchen und ira 3 krona inn die kindbettin zegeben und für den
681 1433 759 1483 cranz
460 1411 653 1475 nach der gnisst
759 1401 1982 1478 30 krona schryben an die E. inn der gnisst ernstlich mit ira handlen zelaßen
670 1438 1991 1560 daß sy dem recht schuldig ergebe; von der zit irer ersten vermischung hatt sy nichts gwißes
670 1495 1984 1577 sagen wellen, weder daß er alsbald nach syner frauwen absterben (so 4 wochen nach dem
670 1561 1946 1641 13. tag beschen sye) zu ira sich gemacht habe, er aber anzeigt wie syn fr. uff
662 1620 1919 1695 30. Iann gstorben und er sich ires erst zwe monat darnach angenommen habe.
671 1764 1999 1878 Christen Balsinger wil von Salome Rede und der persohn die by ira inn Brönnimans erben
670 1827 1988 1934 stuben gewesen nichts ungebürlichs gesechen haben, darbey laßends meine Herren blyben und
665 1883 1531 2003 sol hiemit der fürtrag der deren halb beschechen.
685 2035 1992 2165 Hansen Meiers halben von Ruchenwyl, schryben gan Seedorf, daß sy inne mit Mar¬
676 2105 1959 2213 gret Buri, deren er zur ehr begert, harhaltind und bricht mit schikind wir ihr
673 2178 1032 2275 beider sachen bschaffen sye.
673 2270 2019 2405 Bendicht Christen hatt itz bekent, sich mit Elsbet Seiler vertrapt zehaben, der versprechung aber der
682 2340 2006 2471 ehe beharrlich verlaugnet, und wyl sy nun nichts bewysen können, ist er auch ledig von ira
679 2389 1986 2502 erkent, beide im vorigen freyheit gestellt und er verfellt worden, daß er ira allen costen
672 2443 2007 2568 geben, wann sy schwanger ad formam etc. und für den cranz ira 15 kronen innert monatsfrist
680 2505 2004 2597 ebrachten: sy auch usgfl lösen sölle - nach es hergebung dieser urteil hatt er sich ein
675 2570 1735 2673 geben sy zuehelichen der E. deßen zue nachricht und ufsicht brichten.
2131 1013 2180 1110 202.
2123 1354 2175 1422 203.
2056 1458 2204 1535 und daran
2054 1519 2209 1565 angehörige.
2053 1548 2198 1600 ort zeschiken
2050 1585 2209 1630 wo mit es bim
2054 1618 2208 1676 nechsten bewenden
2042 1652 2193 1722 zlaßen.
2133 1926 2199 1975 204.
2116 352 2182 412 200.
2125 654 2189 702 201.
2211 334 3492 420 Susanna Lougs halben von Münpelgard, so ihr unehelich kind Henry Visouzen von Monteroud
2205 408 3495 468 geben, er es aber nit empfachen wollen und hingegen ihren meister Henry Andermat von Anbod inn
2202 447 3529 520 vertacht zog als ob derselb, so ihr meister gewesen, sich iren angenommen, hätte erkent wyl
2208 495 3278 562 sy imme uff hüet nit begegnet, daß sy iren noch biß montag erwarten söllind
2220 605 3536 711 Gabriel Güetisberger syn bruder, syn frauw und syn schwächer sind allersyts zur einig¬
2208 690 3500 774 keit und vergess vergangner hendlen, sonderlich er sich der liederlig trunkenheit, vorgestüme gegen
2211 737 3452 807 syner hus fr. fluchens und schweerens zemüßgen vermant, nochmalen 2 tag ein gfl.
2211 781 3482 879 erkent und er mit betreüwten verleidung vor raht, inn glübd ufgenommen worden, daß er
2202 829 2474 933 sich besseren welle.
2219 968 3518 1061 Anna Manten Breitenstein, so sich erklagt, daß Wilhem Buchschacher, ira ihr kind nit abnemmen
2221 1039 3500 1150 und nach auch ein übrigen myner Herr urteil vom 17. novembris 1643 nit statt thun wolle, hatt
2207 1099 3519 1185 ein schryben verlanget an Herren landtvogt, inne dahin zhalten, daß er der unteil statt thüye,
2205 1147 3169 1248 und sy darnach ussem land zwysen als ein lychtfertige diener.
2208 1284 3547 1409 Anna Grodin, Peter Bringel eines stummen salpeter sieders frauwen und Anna zum Brunnen
2202 1372 3497 1469 Anna Schläppin irer mutter und Anna Meitler halben, berichtet der predicant zu der Steffen
2195 1423 3493 1525 Cunrad Alder hr. Langhansen, als ob sy mit vilen fähleren vertieft und theils lyb
2215 1480 3493 1582 und läben verwürkt hättend; Schryben an H. Castlanen zu Zweysimmen, Cunradum
2211 1531 3544 1625 darüber zevernemmen und, so etwas daran, die sach droben zearflen, auch syner diener
2217 1591 3539 1711 Hans Hofer (so widrumb als H. Cottier anzog angelanget, syn sol) tand aliquando
2219 1635 3486 1761 gwarsam aben zeschaffen, sonst man syn vilfaltige verachtung myner H. befelchen
2214 1716 2577 1815 für raht tragen werde.
2219 1877 3505 1981 Meister Daniel Küpfer der mezger alhie, hatt nach der scretion vom herrn Richter bewilligung
2215 1945 3505 2033 us bracht, sich mit Maria Wytenbach syner verlopten zu Muri ynsegnen z'laßen. Ein
2216 2027 3514 2089 glyche kilchgangs bewilligung, hatt auch H. Hans Jacob Binder alt vogt von Bipp
2209 2066 3496 2143 uff von meinen Herren den christlichen verbracht den 30. junii syn versprocher fr. Barbara Huber
2222 2111 2800 2189 zedel darumb an pred. zu Eriswyl.
2399 2183 2987 2327 Montags den 1. Julii 1644
2218 2286 2393 2404 H. Dubin
2220 2381 2777 2483 H Decan Schmid H Rüthimeyer
2226 2503 2800 2613 H Amport, Ernst, Cottier, Koler.
