3024 4032
2283 1168 2331 1285 2
2302 1460 2334 1519 3.
2307 2246 2354 2311 4
2311 2549 2353 2612 5.
2774 322 2840 384 e
2759 335 3295 464 Frytags denn 3. May 1644.
2363 414 2652 518 H. von Werdt
2364 516 2953 661 H. decan Schmid H. Rüthimeyer.
2362 631 2676 706 H. Cottier, Koler
2332 760 3655 913 Maria ein vermeinte Meyerin, so alhie by Hans Meyer s für ein ammkind inn ihr gn costen
2366 828 3673 955 uferzogen worden und iez sich darinnen zu corsior vehelichet, ist begerter zügsamme ihres
2370 900 3712 996 harkommens und verhaltens, wyl mhre nichts davon nun wüßen und im toufrodel ihr nahmen
2361 946 3718 1063 nit zu finden, abgewisen, und ira doch mit ihren eheversprochnen den kilchgang zeerstatten
2367 1001 2657 1104 bewilliget worden.
2379 1187 3703 1322 Anthoni Gräz, so sich mit Johanna Wasem verehelichet, hatt bewilligung erlanget zuo
2361 1265 2829 1363 Bümpliz kirchenrecht zethun.
2769 1331 3096 1427 ad v. nit hr. Amport
2368 1409 3719 1547 Hans Geörg Friz von Zofingen, hatt Barbaram Balsinger von Külenwyl der ehe
2363 1511 3691 1590 angesprochen, mit vermelden daß sy imme schon zwillen worden sye, sy aber alles verneinet
2353 1593 3706 1659 und zebewysen understanden, daß er sy deßin und anderen halb entschlagen und bekent,
2374 1620 3717 1727 habe, daß synenthalb sy noch ein reine tochter sye, welcher entschlachnuß er, sy zwungner
2373 1687 3680 1796 wys gethan ze haben und von den zügen selbs darzu gewisen worden zesyn, bekantlich
2374 1739 3680 1863 gewäsen, zügend hierüber Niclaus Strytt und Hans Müller, daß domahlen wie
2374 1805 3727 1894 Friz der Balsingerin vatter synen lidlohn durch inne Strytt laßen abforderen, habe er
2369 1882 3745 1977 die tochter, wir obluht unzwungen untrungen und ohne anlaß entschlagen, und wyl aber
2367 1935 3741 2016 sy nüt destoweniger beide beharret, wie obluht, sind sy beide hinab und sy für die hebammen
2366 1994 3699 2068 erkent, sy noch hütt zu visitieren, befindt sy sich beschuldig, so sol man sy alsbald uff
2379 2037 3287 2144 freyen fuß stellen, wo nit darinnen behalten biß montag.
2382 2225 3667 2314 Michel Bachmans halben uß der Kirchöri Ober-dießbach, wellicher der inne mit
2380 2296 3724 2387 klagendem byschlaff, der ehe ansprechenden Catryn Erlach nit begegnen wil, schryben
2384 2355 3261 2461 an Freyweibel z Münsingen ime gwarsam harzeschaffen.
2393 2517 3705 2608 Barbara Wyler halb, so sich mit Michel Stettler von Vechingen vertrapt, schryben gan Muri
2392 2572 3047 2664 sy ynher zehalten, damit sy auch abdiene.
