3024 4032
553 755 617 828 206
547 2152 628 2213 108
556 1331 625 1395 207.
565 359 626 424 205
598 2671 635 2748 4
651 320 1958 433 Benedicta Geidog halben über yngelangte opposition von Nüwenburg wider iren
667 382 1940 474 vor etwas wochen erlangt verruffbrief erkent dem chorgricht zu Ins zeantworten
666 429 1944 520 sy und iren keßlen mit bricht umbstentlichen bricht, sonderlich ob ihr eheman
654 481 1952 574 seinen ehebruch begangen und wie sy ihr recht suchen wellen, sich fortt gemacht habe.
657 526 1962 646 und ira ußem rechten gwichen sye oder nit harzehalten und darzwischen mit dem küffer
647 613 901 707 zu pausieren.
663 734 1959 848 Madlen Bucher hatt Hans Mäder den jungen von Kerzers der ehe angesprochen, daruf
651 793 1970 899 hie er sy gschwängeret habe, und wyl aber er nur deß byschlafs anred und sy das
661 850 1930 956 übrige nit bewysen konnen, ist derowegen ire ansprach nichtig erkent, beide
660 922 1940 1020 inn vorige freyheit gstellt und er condemniert worden, ira allen costen abztragen
657 972 1965 1069 und das kind uff zueignen, zempfachen ufzeerzüchen, und ira 3 kronen in der kind bettin,
648 1016 1969 1155 zegeben, für den cranz aber 30 kronen innert monatsfrist und er gmeinem vorbhalt uszerichten,
651 1283 1929 1369 Barbara Känel hatt itz mit erzeigtem herzlichem rüwen bekent, ire nachbürin
647 1367 1912 1445 Elsbet Bratschin uß gächem zorn und by wytem nit inn meinung gott den herrn
645 1408 1921 1511 dardurch zelesteren, rauw ein hur wie articulo 176 zesachen, tituliert ze haben,
651 1472 1972 1574 und wyl nun die sach sehr träf, ist sy für meinen gnädigen Herren gschlagen und ein fürtrag ynzesezen
650 1558 1928 1631 erkent worden ihr rüwendes gmütt umb gnad bitten gottes und der oberkeit
643 1583 1972 1695 ußert disem von jugend uff habende gute zügsamme und daß meine Herren wohl glouben,
642 1633 1972 1742 mögind, daß sy die wort nit uß vorsetzlicher lesterung gottes, sonders uß
655 1706 1942 1818 zorn und nit erkantnuß, wohin es lange, werde usgesprochen haben, und wyl
654 1773 1970 1863 auch die Bratschinen zimmlich grob seins gefahren syn, sonderlich die h. sacrament
656 1837 1961 1926 bim 1000 missbrucht haben sol. Ist auch ire sach für raht gschlagen und
657 1876 1442 2003 beiden biß zum ustrag ins loch erkent worden.
657 2090 1994 2220 Henry Ansormot und Henry Visoud bezügend beid mit Susanna Louys, so mit
655 2171 1968 2264 irem kind anstatt hie zeerschynen, entflochen nichts zuschaffen gehept zehaben, sich beid
662 2226 1943 2345 erbiettend eher den tod zelyden, als söliches wider ihr gewißen zebekennen, und wyl nun
660 2284 1986 2389 die tirnen ihne nit under angen gstellt werden können, Ansormot die wider imme
664 2334 1971 2445 verhörte kundtschafft widersprochen anzeigende, daß die eine unredlich die andere in
660 2403 1945 2503 Burgund pürtig sye. Ist die warheit gott heimgsezt und dem chorgricht zu Anbou
669 2455 1953 2576 befolchen, sy die tirnen, als die den rechten nit gstanden uff zucher laßen widrumb
661 2530 1484 2638 fort in ihres heimet, sampt dem kind zewysen.
665 2596 1220 2689 sy beid fernerer recorcto erlaßen.
2113 751 2165 799 210.
2124 2686 2175 2738 8.
2125 1440 2186 1508 211
2126 1791 2190 1876 212.
2135 2291 2185 2373 213.
2119 349 2202 423 209.
2202 321 3530 435 Margret Jarni, wider Hans Henri ihren ab der Canzel zu Gerzensee ordenlich procla¬
2214 407 3494 491 mierten ehemann, die vollkommen schidigung, uff syn ußblyben, erkent mit zuspruchen
2215 444 2954 527 costens und erloupnuß sich anderfart zverehelichen.
2207 492 3488 599 schryben an freyweibel z'Belp inne deß landts zeverwysen, dann er sich widerumb
2209 551 2449 638 zuher laßen sölte.
2212 686 3473 805 Voroni Müller erklagt, sich, daß ihr mann syn kundtschafft z'Belp ira hinderrugks
2206 783 3530 878 habe ufnemmen laßen und die irige hingegen noch nit verhört sye, ein verschubs der sach be¬
2196 820 3488 917 gerend biß daß die kundtschafft formlich verhört und syn, und sy iren bystand auch by
2201 885 3515 976 sich haben werde, ira ist willfahret und den parteyen befolchen worden uff frytag einander
2208 931 2570 1011 widrumb hie z begegnen
2394 1017 2912 1144 Mittwoch den 3. july 1644
2205 1094 2360 1214 H. Dubin
2201 1233 2469 1308 H. decan Schmid.
2208 1310 2798 1422 H. Cottier, Amport, Koler, Ernst.
2203 1382 3493 1498 Jacob vor dem Wald von Trachsewald deßen eheweyb Barbli Bropst von einem Elsaßer
2217 1454 3522 1547 überzogen worden, hatt ab irem umb verzychung bitten und beßerung anbieten, sich zur versümung
2211 1504 3507 1599 nit bewegen laßen wollen und deßwegen die eheschidig, ad formam der wartzilen er loupniß
2209 1552 3528 1648 nemmens und schynbringens halben erlanget mit zuspruch costens und ihres ehelichen kindts
2207 1598 3268 1720 schryben an hr. landtvogt nach dem thäler zstellen und einen zstraffen.
2222 1763 3532 1882 Christina Böhl ab dem Belp-berg, hatt Peter Zimmerman ab dem sädel ein meister an¬
2217 1861 3505 1946 clagt, daß er ira die ehe versprochen und sy auch gschwengeret habe, und wyl aber er
2221 1911 3556 1999 deß byschlafs allein bekantlich und sy anders nit bewysen können, ist er von ira libiert
2212 1972 3541 2063 inn voriger freyheit gstellt und aber verfelt worden, ira allen costen zegeben, das kind uff
2215 2032 3553 2117 zueignen, zeempfachen und ira 3 kronen inn die kindbetti zegeben und für den cranz innert monats
2211 2099 2397 2181 frist 30 kronen.
2224 2226 3524 2367 Christen Springen halb aber ab dem Sädel, so Annam Hegi ein Geyßgönderin, die aber
2225 2320 3552 2419 inn der religion nit fundiert zu ehelichen begert, dem predicanten zu Gerzensee antworten,
2222 2408 3553 2498 daß er sy aben wyse, damit myn Herren selbs mit ihnen reden und sich resolvieren könnid, ob
2219 2442 3551 2570 ihnen die ehe zuzelaßen oder nit. Den 8. julii hatt sy sich erbotten zu unseren glouben zträtten
2228 2497 3547 2596 sich eherlich zhalten und ime Springen guts zetun, und wyl nun auch er sich erclärt, daß er ira begäre
2225 2534 3512 2639 zehalten. Ist deßwegen ire ehe confirmiert, der predicant deßen berichtet und imme befolichen
2223 2559 3567 2683 worden sy privaten noch vor dem hochzyt zeinstruieren und jederwylen zu flyßigem besuch der predig
2223 2651 2585 2746 und kinderlehren zewysen.
