3024 4032
493 237 1386 450 aber all ins gemein einicher kriegsdinst
487 314 1411 543 von Fryben syten, dannenthan ie meisen ui
489 384 1397 592 komen wüßen und gestendig syn wollen
474 442 1420 660 sonder vermeldet, das sie all als brust
473 530 1406 729 beschädigte und hungerleidende von de
454 622 1390 833 drig verderbte meiner von Heimets
497 676 1428 909 reiset ohne das einen von dem andren ir
487 787 1408 989 gewüßt und zu Heuff und alhie zu
450 875 1407 1082 Bern unersichens zusamen kommen, zu
441 967 1409 1158 dem end, das meisten teils sich nächer
452 1054 1405 1217 5 wall begeben, daselbst ganmrante
460 1122 1426 1305 kauffen und wider verkauffen. Er vnd
485 1233 1395 1396 aber sich mit veldarbeit, darzu sie w
463 1308 1425 1481 boren) erhalten und iren mangel leiden
466 1399 1394 1553 weib und kinde etwas hierdurch für
422 1487 1397 1649 sparer wöllind. Dct 28. aug
464 1597 609 1676 1651.
463 1682 1372 1829 Binrel mahl befunden, das dis gsellen
467 1777 1376 1892 mit betrug umbgangen, habend gedoch
439 1850 1401 1952 sy sy lenger nit ufenthalten und exani
466 1912 1388 2028 niteren laßen wollen, sonder erkent, daß
441 1993 1411 2119 Sie par und pan, und nach, und nach zu
465 2058 1377 2190 nuch durch die frouosen an die grantz
438 2140 1414 2284 geführt werden söllind. Fct 29 d
2457 203 2570 289 27.
1708 248 2164 442 Hanß Rochadt
1696 369 2119 524 echgt Mülli
1576 388 2597 623 Wachden Hanß Rychardt den 2. herbstmdnats
1589 468 2577 709 nechsthin, mit dreyen domalen zugerichten
1549 525 2549 751 dienen das häncermal gäßen. Ist er uß
1581 585 2560 819 sonderbahrer gnaden uß ein geschworenß
1564 659 2618 879 verbed und sydt ir g landts nimmermehr
1558 751 2575 980 zebetredten, Neben ußgestandner offene¬
1574 825 2567 1042 liches schmeitzen und zeihung zwar ledig
1562 902 2564 1107 gelaßen. aber nechst verwichner aagen
1567 967 2567 1158 widerumb ob diebstal erdappet unnd
1552 1046 2528 1224 von Kilchdorff Herab alhar zn vor g
1560 1124 2533 1297 gfangensst gefhürdt, Drüber den 12.
1546 1182 2580 1370 diß monats octobs 1651 ernstwortig.
1562 1268 2609 1435 und pynlich im Streikiatuen examiniert
1568 1346 2607 1514 worden. In sy yn der solen vesten etc. herre
1567 1436 2615 1594 Christophels von Graffenriedt deß klernen
1567 1514 2583 1689 Irn Hanß Rudolffs von Erlach und irn
1562 1583 2564 1738 Großweybels von Waldenwyl, deß
1584 1659 2502 1821 großen rahls, auch etlicher ir g
1588 1731 2599 1874 weyblen. Der hat um bekendt
1584 1836 1909 1959 wie volget.
1556 1961 2607 2082 Erstlich er habe mit hilff zynes eetzundt
1570 2035 2572 2174 zu Stiggnsperg gefangnen Hanß Falbs.
1549 2108 2592 2235 so hieue umb zucien Marit, auch allier
1558 2183 2616 2306 ußgeschmeitz und nebend einem gescwornen
1529 2258 2625 2372 urthed eydtlich verwisen worden und inne
1564 2324 2613 2450 zu übersahung seines eydts und begangner
1531 2401 2633 2519 diebstälen instigieret und angekeitzt, jung
1547 2477 2613 2605 Guggisperg Vmbher entfrömbdet, Namlich
2327 2548 2559 2649 gespanen.
1570 2608 2541 2750 2. Allenstammet in Ofelleiner gwüßen fr
1577 2699 2030 2817 5. Ellenwülligs
1554 2767 2557 2907 13. Ellen tynigs tuch auch daselbst der e
1567 2863 2586 2980 1. Wyber rtock mit einer gutauchem sheßi
2168 2951 2202 2993 e
2228 2940 2380 3015 der h
2323 2965 2589 3068 in alb schen z dse
1572 2957 2448 3101 7. Ell bleikets tuch melch dapf tags
1594 3064 2596 3171 Wyber row, so zu Canstorf bcroaft worden
1572 3118 1865 3199 der bemelte f
1578 3141 2475 3238 Wyßers 1 wyber sock und ein bahre
1582 3186 2553 3345 wellig hosen und 4 lb angeldt. Derfe
