3024 4032
656 167 1299 409 acs Stmerg
561 235 1455 511 elen en  en
589 335 1505 611 en angehere
573 379 827 532 geschworen
797 567 1255 720 anß wynistorff.
521 621 1502 874 Nachdem Elß diener G Goßweibel, vnd
574 721 1488 918 grichtschreiber über empfangeen beuelch, des
558 800 1525 1003 droben verhafften durß Wynistorff von Seehen
591 862 1526 1054 einen müller knecht, Is des gefangen schrund
580 911 1495 1105 lich examiniert, worumb er sich verschamenen
592 988 1502 1161 nechsten sontag s ungebürlich uf der ehrendern
560 1044 1496 1229 besellscht zum schützen verhalten und weiees
574 1134 1511 1282 hergangen. Hat er bekendt, daßer
572 1206 1525 1354 neben anderen darunder Peter Graff zu Guz
571 1258 1491 1416 elen uf bemelter Gesellsch zum schuzene
567 1320 1519 1506 truncken, habe domaßs Peter Graff sich uff
568 1395 1489 1533 inne gelihnet, also daß imme uß seinem
568 1467 1489 1610 schophes etwas gelts zum teill uff seine
576 1538 1498 1662 ben, vnd zum teill vffden boden gefall
556 1610 1496 1731 welches zwar, so ein g gewäsen er
550 1673 1494 1797 In seines sosen sack gehalten, aber nach dem
571 1734 1488 1878 es zu klag kommen, widerumb frywillig
556 1814 1482 1944 herfürgeben. Daruf zwüschen inen ein
535 1890 1499 2010 spruch gemacht und er dard urch umb 2
560 1957 1509 2080 costen, bim wirtt über sich zenemmen verfelt
547 2034 1492 2137 worden, Da dann er anders nit verment
544 2105 1493 2223 alß daß dise nun eine usgemachte sach sye,
522 2175 1479 2298 Demme zu wider aber sye er in der nachtge
530 2244 1525 2376 fengklich alhie im thinen yngesetzt, vnd
529 2320 1515 2450 biß anhero In der herben kelte enthalt werden.
481 2451 1464 2577 Im übrigen dann gube er von einem ge
492 2512 1460 2633 wüßen knaben einen Lunnenthaler Huß
479 2552 1498 2713 daß I p. 9. 1 Labkaufft, dem selbet aber
522 2623 1493 2788 anstatt bezahlung den seckel umbs mul
857 2686 1473 2853 Jenes, vnd dises aber sye Im
520 2762 752 2876 geschlag.
527 2755 1504 2941 wünw beschechen, so imme hertzlich leid sye
474 2856 1500 3033 mit demütiger pitt, inne der halten gefanget.
471 2939 1491 3147 snliberieren und ußzelaßen, damit er mit
493 3014 1461 3211 seiner hochzeiteren kilchenrecht habe
506 3053 1502 3279 noren. In 11. decemb 1692
439 3168 1479 3432 Ist den 16. dito uf abtrüg costens und eine empfahrd
525 3302 1143 3462 harpfe lehle ledig erkent.
2670 299 2757 366 73.
1787 363 2356 515 Anna Wipfin.
1703 519 2724 670 Biewol uf den 16. decemb 1652 Anna Istipfig
1652 597 2653 731 deß zu kilchdorff wohnhafften Hans Kohlers
1659 658 2698 783 Est frl sonst würtig ußem Zürich gebet, über
1675 735 2668 854 vorgangne durch meinen sochehrenden herren
1652 781 2769 927 Rhatsherrn Marti verrichtete mundtliche examinao
1683 840 2729 984 mit zeimmlicher marter gefeikt worden, hat
1659 920 2689 1045 jedoch sie anders nüt bekumnen wöllen, alß
1647 989 2709 1095 daß sie vor 3 wuchen einen diebstahl, darob
1670 1036 2743 1152 ste erdappet worden, alhie vff der Gesellscht
1643 1110 2723 1255 zur räblithen verbracht, und hat denselbigen
1659 1205 2692 1321 Meinem hochehrenden herren, hrr Lombach
1667 1260 2706 1393 Der ß mittrhat, hrr Hans Rudolff Lichend
1671 1349 2720 1475 vogt zu Signauw und ja Großweibel von
1661 1426 2523 1539 Wottenweil also erzelt. Namlich.
1579 1500 2748 1638 Nachdem unlangst sie einen zinß von a r alhie
2516 1584 2584 1642 be
1666 1577 2697 1686 In der statt abrichten söllen, das gelt, so ir
1680 1653 2724 1770 man uß verkaufften getreidt erlößt aber
1654 1717 2691 1835 underwegs zu Kelppvoren wirthaß in einem
1648 1796 2686 1899 Brutten verlohren, danun hir Ir Mam ie
1672 1844 2667 1976 abheit gebalget, vnd gehodet, habe Sie
1615 1926 2729 2040 dardurch anlaß genommn, zuzegryffen, und
1611 1995 2713 2106 Daruff an einem zinstag abendts vor 3 wuch
1648 2061 2716 2189 sich in die gesellschafft zur Rüblichen heimlich
1642 2131 2739 2277 hunf In das Holtzgeden geschreicet, daselbst
1644 2229 2734 2347 so lang enthalten, biß daß der wirtt und syn e
1615 2276 2618 2410 den gesten inder zündet haben werdind. ghorn.
1618 2358 2721 2481 Nachdem uu sie verspürt, das der wirtt undt
1635 2429 2676 2562 yd frli hin under gangen. Habe sie sich In 3.
1642 2501 2690 2642 gnnach ein anderen nach gemacht und glugt
1655 2574 2681 2704 wie sie Ir verlohren gelt, ob der gesten da¬
1638 2657 2678 2798 selbst gevisitiert Secklen, widerumb zuweren,
1642 2742 2684 2846 und ynbring möchte, maßen dann se an
1660 2803 2672 2918 ortten bekommen, Wie vill aber daßelbige
1655 2883 2671 2991 ß. sie nit wüßen möge, sittenmahl sie ei
1658 2946 2689 3070 glegenheit gehabt, selbges In zellen, Sonderlich
1672 3020 2700 3141 aber, wylen sie von einem, der ab dem diesstahl
1680 3090 2482 3217 ewachet erhaten und vjagt wo
1611 3180 2652 3310 Oinrol aber sie anklagt worden, daß sie
