3024 4032
812 248 1083 363 uanna
1080 289 1305 428 Sihnid
906 352 1214 488 von .
530 330 1413 583 eg
584 421 1255 585 mit dem enden verwisen worden
717 542 1264 727 Verena Vogt vn
830 653 1156 760 Wangname.
500 650 1451 901 Ist auch den 11. dito von 3 fühleren wegen
568 767 1457 945 endtlich verwisen woren jedach ist jra nach
571 816 1462 1001 8. tag aenys vergünstiget, sich mit dem hürn
559 880 1470 1057 Bub Heinrich Maulk dem müllen von Gbe
565 939 1461 1105 winterthun, so sich mit hieuor vermelter
535 998 1473 1164 ußgestrichnen Elßbeth Kuß zgangn und
558 1062 1460 1231 nebend anderen mit ira ins nach geleg
544 1137 1446 1301 worden. Inzwüschen ehrlich ynsigen gelaß
472 1286 1300 1459 ans und sans Butigkhofer
811 1403 1321 1531 der elter und jüngk
511 1419 1426 1614 Den 10. deß monats aprilis 16 2 habend
549 1546 1446 1655 meine hachehehrende herren, Ho Burherr
546 1592 1443 1713 Frischig evg mittrhat und ir prohs weibel
527 1654 1453 1780 von Wattenweil und hr Burckheit Fscher
533 1712 1424 1820 deß großen rhats uf empfangnen benelch
545 1750 1447 1877 und bygelegnen chorgrchtlichen fürtrag, die
548 1829 1448 1937 vom chorhuß hinuf in die obere gefangen.
542 1881 1459 1989 gesetzten, beid Hans Bütig kofer vatter und
530 1955 1457 2036 sohn von kilchkindach, under welchen der vatter
528 2002 1443 2117 Gwald rütigkofers unehrlicher sohn, absinder
542 2071 1447 2184 lich ernstwördig in der gefangensht über
529 2130 1422 2246 die durch ermelten Gßwald ab inen beiden
537 2198 1447 2316 geklagte schlechte tractaon mit worten und
532 2268 1431 2358 wercken e examiniert, Die habend nun sich
528 2339 892 2440 also versprochen.
461 2409 1449 2525 Hans Butigklofer der uneheliche vatter
480 2488 1430 2597 Nachdem er vor etwas zeits mit seinem
485 2530 1442 2656 vatter Oßwald bütig khofer in streitig
497 2602 1428 2731 und rechtsubung gerhaten, sye durch ich
509 2672 1418 2802 eines ehrs grichts alhie zwüsch Inen ein Spr
510 2728 1432 2879 gemacht und zu beiden trilles angenamen.
519 2810 1434 2935 worden, vermag, welche sig er seinen vatter
498 2866 1425 3011 seig huß rumen söllen, so vehr daß hingegen
483 2912 1414 3090 unnd zuuar er imme 16 ll entrichte. Wiß
507 2988 1407 3166 aber syn vatter dem spruch seiner seits nit
492 3057 1408 3207 statt gethan, alß sye er auch nach biß anheid
472 3098 1420 3309 Im huß verbliben und seinem vatter ein dor
457 3167 1405 3406 In den Ang gewesen. Darumb er vor etwas
1423 537 1490 628 si
2617 266 2692 353 44
1684 324 2662 459 wenig abgeloffner tagen, alß er Hans Bütig.
1681 380 2644 516 kauffer etwan 1 steinwurff weit von suß
1693 451 2647 581 holtz gesaget, zu imme kommen, gefragt, wenn
1656 511 2665 642 er ußem sußwelle er drübet geantworen
1698 547 2674 689 tet, er sye schon drus, Wenn aber er inne lsh
1664 620 2613 763 spruchs werde bezelen, welle er denzumahlen
1686 682 2654 826 far drns, Vf wölche wortt der vatter
1666 751 2628 870 Oßwald gegen imme mit einem in der handt
1690 813 2670 942 gehabten Biel geschlagen und inne umb etwas
1690 866 2664 983 an der hand, (wie dann nach schembar) versetzt
1667 934 2560 1048 vnd darneben Einen Maßer genamset,
1662 978 2666 1135 Singegln aber er imme vermeldet, das er beß
1687 1048 2620 1179 ge dann er sein vatter namlich Er habe sein
1667 1115 2598 1230 muter s bschißen und wan er söliches nit
1674 1175 2601 1290 than hette, were er kein banckhart do. sy
1676 1233 2631 1358 ohn Hans aber habe imme seinem groß vatter
1646 1291 2673 1413 dise wortt zugredt. Er wüße imme kein danck
1649 1360 2596 1484 das er sein großmuter zur zuren gemacht,
1635 1433 2609 1553 Alß aber sölches also fürgangen, sye er mit
1648 1501 2652 1608 den Viel, gegen dem Huß gelüffen, da er erstlich
1658 1552 2682 1682 gegen seiner Erl zum offen gewesnen Leüfferl
1661 1620 2607 1732 hinyn mit dem siel geschlagen, hernach ge
1649 1692 2586 1796 der stubenthüren gangen, aber nit hinyn
1649 1751 2600 1863 kommen können, wys syn fr dieselbe uf sein
1656 1813 2613 1920 und seines sohns zuschryen und verwarnen
1616 1866 2653 1998 verhalten. Deßwegen er mit gewalt hing
1659 1949 2578 2060 wöllen und mit dem biel die thüren offnen
1643 2015 2584 2113 wöllen, maßen die zeichen noch an der ihme
1634 2076 1810 2176 gesachen.
1810 2078 2613 2182 Dises nun habe Inne, vndt seinen
1638 2127 2634 2261 sohn verursachet, das zu vermydung vererer
1634 2220 2620 2310 unglegenheit, er seinem vatter das Biel
1654 2301 2616 2414 mit geealt uß der hand genommen, Syisohn
1646 2349 2593 2466 aber inne gehalten. Nach benennung im
1636 2419 2594 2549 Deß Biels habe er seinen soß beuolchen ze
1648 2500 2597 2603 fliechen, Immas er auch gethan. Daruff
1607 2564 2545 2675 Sye der alte vntter in sein spycher gangen
1643 2628 2611 2749 bald drüber herfür zu imme kommen, sich zu
1648 2693 2600 2817 imm nidergesetzt, umb ernas versuhnt sich er
1643 2760 2599 2874 eigt, vnd darneben vermeldet, Er wolte
1640 2831 2607 2945 ehr lauffen biß ansend der weld, ehe er also
1652 2891 2571 2978 löben wolte. Es aber habe ime drüber
1648 2955 2579 3066 geantwortet, wo er doch mit seinen wyb
1624 3025 2188 3138 und kinder hinwölle
1587 3093 2561 3214 Saus ußgemelten Hanß Bütigkofers sahn
1571 3168 2607 3273 Der hat die sach in grüch thuts daliu wie vmelten
