3024 4032
581 223 1453 473 und der dieb uff verspürten bösen luh
603 308 1473 514 neben dem Imme, fürgestrecheten brat vnd
591 379 1462 565 möl alles unbezalt daruon tragen
566 432 1478 641 dra aber syge anders synethalben, den
572 490 1466 689 daß er ein keseler seye, nit de wüßen
592 553 1483 763 gsin. Sonsten wurde ime kein ställs
571 625 1485 831 und blatz geben worden syn. Im übrg
574 696 1482 895 syge sy ein armes wyb, welche sich jede
566 765 1473 953 Eyth verhoffendtlich oihne klag, mit ihrer
589 840 1479 1038 and arbedt der Pfisteren und sonsten
591 922 1477 1099 genauw durch gagen. Mit demmetige
583 995 1475 1148 bilt, daß mihhrn sy und er söngendes
577 1048 1483 1239 junges kind uß der kalten gfangenst
586 1128 1468 1310 alß unschuldig, ledig und hemblaßen
595 1213 911 1301 wöllind.
327 1257 553 1390 Ist den 7
580 1278 1383 1428 Noo 1651 uf rin cnsur ledig glaßen worden.
721 1469 1326 1634 Hanß Wachsel.
784 1556 1145 1697 von Jaberg.
518 1680 1468 1866 Ach alter auch sehe übel mögender mann
559 1793 1467 1919 Wiewol imne aucf fürgehalten worden,
541 1866 1465 1997 daß er einen bösen ynzug und sonderti
586 1941 1454 2072 erwendten halb beherbriget oder die
574 2022 1468 2157 gestolnen sachen by im gehalten haben
552 2087 1472 2221 halt jedoch nüt bekandtlich syn wollen.
543 2168 1474 2297 ußert dan, daß er zun zychen übernat
572 2243 1453 2375 ghan habee aber nit gwüse, daß er
573 2327 1453 2435 ein sölcher bub sey, Es were imme au
569 2376 1469 2535 lieber, daß er daßglychen keine seher
558 2492 1019 2623 brigen müeste etc.
338 2542 1457 2691 Eberr mahn ist diser uf bemelten tag liberiert worden.
372 2654 727 2763 uf in Erhur.
2594 252 2675 343 34
1531 339 2668 552 Als voretwas abgelofner tagen ir gt diener
1626 422 2647 599 die provosen umb vspächung und gefönigkliche
1653 478 2679 628 annemung deß zu Riggisperg jüngst doadiert
1587 541 2644 719 Hans halbs und deßelben mitpflichtigen gegen
1590 608 2662 782 Burgdorff ußgeschickt worden, habend zwar
1630 664 2690 828 sy den galben nit bekommen können, aber 3 wybe
1649 746 2642 885 persohnen von seiner gesellscht, darunder eine seine
1632 811 2676 962 dienen, die anderen zwo aber seine lyb undt
1635 881 2689 1030 stieffschwösters ergriffen und gefencklich alhar
1643 948 2683 1117 geführt und also in e gß gefangenscht doch deß
1631 1010 2685 1145 halben dienen, wegen irer by sich habenden 2 Jung
1613 1089 2639 1248 kinden im oberen spittal biß anherd enthalten
1620 1153 2632 1311 und uf hatt den 15. nalmib 1631 uß e g
1631 1229 2654 1356 Heirich In der gefangenscht ernstwortig. ob
1619 1292 2647 1414 namlich sie mit von erwendtshalben diebstählen
1635 1378 2609 1499 gewißt, selbige verbring helffen oder ande selbs
1652 1444 2683 1571 begangen. Item ob innen nit in wüßen wer und
1631 1506 2633 1611 durch was mittel imme zu Riggisperg uß dem
1646 1575 2621 1703 gfangensch geholffen v examiriert undt be
1634 1649 2613 1766 tragt worden durch die edlen ehrenneste
1614 1705 2676 1822 herren beedicht Marti deß kleinen. Irn groß.
1636 1790 2638 1885 weibel von Wattenweil und fr dierong.
1634 1842 2608 1974 mum von erlach deß großen rhats. Die
1612 1926 2343 2043 habend nun bekent, wie volget:
1749 2062 2349 2189 Margredt Branner
1814 2142 2272 2251 von München-buchsti.
1543 2229 2620 2325 Hat anzeigt, vnndt bekent, Nach dem In vorgend
1601 2301 2551 2398 mann Jaggi Hurtzeler als ein soldat undr Jog
1592 2357 2674 2480 haubtmans von Dießbach orfagen vor 5 jahren
1612 2409 2571 2529 Ir franckreich gestorben und deßen gnugsammen
1598 2484 2626 2609 bericht emplangen, habe Jans Fulb von Ober¬
1609 2562 2623 2667 burg fra die eheversprochen, sie aber nit zu kilch
1611 2625 2587 2742 geführt, ungeacht sie soliches uß deßelben an:
1621 2703 2605 2818 weisung fürgeben, Also das sidt 4. Jahren dahar sie
1634 2764 2616 2893 nit imme im land umbher gezogen und 2 kinder
1620 2846 2617 2959 by imm erzüget, welche sie auch by sich habe undt
1631 2912 2630 3038 eins noch seüge. Und habind sie sich der mann mit
1616 2972 2631 3110 weßlen, vnd sie mit nägen erhalten. Vndt
1587 3040 2640 3171 WWiewol sie mit ihne falb und dem jüngst al sie hin.
1634 3115 2635 3250 gerichtnen Hans Ryhart disen ggangnen sammar
