3024 4032
452 220 521 300 e
581 210 1312 451 be lihe afeftage
459 294 1373 527 undt das gelt biß uf den nothf h
462 353 1375 590 parrr sonst sindt syner dweyhing
1319 493 1359 540 g
477 442 1381 650 er an undscheidenlich ort alß eine
473 524 1404 743 weg gearbeitet. Befter umb hind
433 578 869 733 und veeichung
434 661 1362 866 Est in mahl jahr,  mahl mit dem
421 731 1389 926 lensten und 7 mahl mit beiden flein
431 805 1042 985 seinen schihnn worden.
406 898 1379 1140 Ist der 27. jann ußgeschmeiht worden.
553 1142 1173 1351 Flanne tisgt
443 1281 1351 1470 Es ist zwar Jehame tissot ein
447 1403 1363 1545 junge dirnen von covet uß dem t haln
437 1482 1393 1627 Cravers der Graffsch Nüwenburg, so diß
451 1536 1364 1686 geesen gricht schreibers von prodence
425 1633 1364 1749 Hans Rud drias dienstman gewesen,
455 1706 1372 1834 und von imme geschwengeret worden, duch
449 1779 1378 1903 ob: wolgedachte Herren, sonderlich aber
431 1860 1377 1982 hrr rhatsherr wibolet als expiesse
445 1933 1360 2061 vordneten munt, ernstlich esankeilit
431 2010 1389 2137 und alß sie nit bekennen wollen, einmahl
443 2086 1379 2211 lühe ufzogen worden, sie hat aber
436 2162 1378 2295 den gezigten verderbung iren lybsfucht
443 2246 1384 2377 gantz unschuldig sein wöllen, mit vrmelien
399 2297 1386 2443 Das sie zwar das kindgespinet, daß das
395 2385 1388 2527 kind, das leben gehabt, aber doch daßel
435 2462 1394 2609 big todt uf die weld kommen undt geben
416 2541 1368 2709 syr und im übrich Ußert dem cor.
434 2601 1383 2786 grichtlich fürtrag mit weiters beket,
356 2791 1345 2958 Den 25. jann 1652 in ir heimet gewysen.
425 2899 627 3009 worden.
2492 249 2587 328 38.
1676 298 2314 457 ean Varray Von
1865 394 2218 527 deanfort.
1515 489 2518 668 Wyß diser aus uf verdacht mit dem varbe
1576 554 2554 712 meltes indtbrüthigen Geörg pfund von
1539 620 2575 774 Hiensperg alhar geschickt worden undt
1545 688 2605 884 Rhats-Heiren husers enstwürtige exaan
1571 775 2575 915 naon nit böses bekennen woll. Ist e
1537 831 2527 999 df in gute ahut ledig, vnd Ihn seine
1530 916 2538 1106 heinek geworen worden  den 24.
1516 1010 1894 1177 Hann 165l.
1721 1208 2271 1340 Hanß Hoffer von
1761 1316 2099 1424 Mantzenriedt.
1577 1372 2545 1522 Diser gell von 25 jahren hatte hienor by se
1532 1460 2540 1588 Schaffner Stagors se ettwaß zyths gedient
1524 1509 2592 1642 Dannenhar ebe zwar uß milte und mit lydigkheit
1558 1586 2571 1702 bewegt worden, ine Höffer in seinem eignen
1576 1639 2549 1769 costen das schumacher andtwerck lehrnen
1546 1697 2540 1790 zu laßen, under der hoffnung er wurde sich
1570 1750 2571 1882 und wyb und kind fürs künfftig mit gottes
1556 1828 2520 1938 hilfft ehrlich erhalten heornen, aber dem zu
1552 1893 2571 1984 wider hatt er selbs bekentermaßen einen mut
1547 1967 2592 2075 Horn an einem zinstag vor der stifft hinwegg
1558 2017 2589 2136 genomen und an die matten an ein gwüßorth
1514 2091 2556 2214 biß über 8 tag zegehalten geben, Da er
1540 2156 2521 2283 uf abnorderung deßelben ergrisfen unnd
1562 2228 2541 2354 pfenklich yngelegt, auch drüber mündtlich
1486 2295 2575 2410 exammirt worden by welich bekandnuß
1552 2367 2538 2469 er es auch verblyben laßen, ußert zwey
1525 2432 2558 2546 stuhllüßenn, die er der er Ragorenen
1540 2508 2524 2614 uß den huß entfrouldet, Aber uf
1550 2565 2525 2696 entderung widerumb zugestelt hatte,
1517 2646 2544 2838 dß ufeig gute cenour ledig glaßen worden.
1681 2775 2298 2914 Februarii 165273
1436 2741 1613 2899 D
