3024 4032
404 231 1395 485 ise vorgeschribee sachen, sindt huder zu
500 315 1413 562 gfunden worden, nith deß zweyweyhen
492 392 1028 535 wengers verzeichnus.
471 454 1393 739 Den hult anzenftenlist
503 597 1398 777 einem huß 3 tynlachen, so auch gn
485 638 1390 826 kilchdorff by den gstolnen sachen.
482 721 1427 929 2. Fll Hußtuch zuffang Abment und meiß
449 779 1407 1006 däppen. 1. Stucle flegsch, Item Im Ell
1060 940 1396 1088 Abeit Melch
403 909 1400 1145 Weyters habe er im Allschen mitge
498 1016 1420 1214 meltem synem gspanen, 1 bahr wellig
470 1084 1383 1284 Hosen entfrombdet und i wyberrech
476 1256 1371 1416 Item habe syn gspan im Dnggsperg
468 1337 1390 1491 30 allentuch entfrömbdet, welche
463 1388 1370 1537 er imme ufgeben. Die verlürstige fr
475 1461 1397 1615 aller habt sölche zu Riggesperg hinder
455 1549 1357 1694 imme funden nebendt einen ntagscheid.
396 1701 1407 1857 Ei vbrigen dan hat er angeben, daß sie
448 1800 1412 1943 gspan san nachvolgenden orthendiebstel
427 1881 1229 2033 gekalten geben habe, Namlich
364 2002 1393 2123 Zu Scherli in der Brüneren hußin gesen
426 2106 1386 2226 sacknelund under anderem schwertz
453 2182 1158 2298 guttuch von einem mantel.
399 2254 1045 2386 20 ellen bleibtsduch.
331 2352 1238 2538 Zu Beitenwyl etliche lynlacken.
385 2479 1328 2661 zu Jaberg Ins Trachselsfuß, habe er
372 2576 1155 2735 etliche hembderzwalten geben.
402 2687 1393 2878 In der wanholen der herscht worbach
415 2784 1271 2944 etliche hembder und rystungs tuch.
384 2853 1405 3108 Den es Keihenschaß by wihtesfe
358 2952 1389 3171 erwendtem synem gespanen vil underschien
381 3113 861 3252 Vnd herbrich geben
369 3113 1393 3379 Item habe er salb mit dem träyer zu wihe
417 3177 1385 3416 einem gwoßen hadler einen halben nit kie
413 3260 1369 3487 entfrömlden. Diser wrayer habe auch
391 3317 1380 3583 imme vil underschlauf und herbeig geber
403 3517 792 3654 auch mit gangen
1467 1663 1512 1745 1
2484 186 2598 253 28.
1549 237 2596 464 Ist ein mal lähr, ein mal mit dem kleineren
1542 335 2494 529 stein und zweymal mit zweyen steinen
1565 455 1990 600 geschagen worden.
1622 551 2504 798 Hans Rychart obeermelt.
1524 723 2610 929 Diser Hans Rychart ist den 27. octob 1651.
1551 788 2584 973 widerumb in den thurn pynlich examiniert
1575 838 2572 1019 worden, der hat über das vorgende, In
1549 916 2560 1118 bysyn deß ehrennesten etc hrn vbrahans
1555 969 2608 1159 Am Port deß kleinen: Hrn Stephan Perrets
1560 1045 2603 1227 und Irg Goßweibels von Wuttenweil deß
1577 1127 2533 1301 großen rhats, auch etlicher ir g weiblen
1583 1199 2561 1340 berent und an der marter erhalten und
1553 1302 2055 1432 bestöstiget, Ramlich
1562 1374 2605 1521 erstlich habe er hilff seines droben zu Riggi
1564 1424 2564 1577 spirg gefangnen gespanen und schwägers
1546 1524 2372 1656 Hans halbs entfrombden helffen
1548 1612 2198 1769 zu Kelnach 6 brlb.
1533 1681 2489 1852 zu muchteren etliche brott und 1 käß
2321 1731 2548 1841 wirtthuß.
1550 1800 2611 1943 uf der landtgarben 2 hembd ob eines
2393 1867 2513 1936 stang
1564 1910 2520 2029 zu Steinen etwas anckens und mahl
1580 1974 2032 2068 tags uß einem schafft.
1537 2000 2524 2137 Item zu erlach etwan vor 2 jahren
1585 2082 2482 2201 4s egnlachen tags uß einen hu� ain wag
1516 2184 2621 2315 Zur zeit deß dalmatischen gags ufen kurtz.
1529 2245 2558 2366 berg 2 lb ußemen huß heischt hindern
2036 2306 2233 2373 Kunbel
1532 2348 2581 2487 und zu Ober-Alchistorff 4 brot
1559 2432 1794 2509 Hans Wyß
1552 2479 2551 2601 2 Seewyl in einem dörffli 3 mannen.
1565 2548 2542 2671 und 1 wyber sembd. Heißt zuziyl.
1557 2658 2526 2780 Denne zu Buchsi uß einem in einen stulen
1579 2731 2532 2835 gestandnen tron, darzu sein gespan den
1560 2791 2526 2905 schlüßel bekommen, habind sy auch ent
1567 2849 2071 2973 frimbdet 2 lb
1434 2942 2583 3100 Ehtem, noch an einem anderen Imme vnbekanter t
1503 3022 2502 3157 D5. 7. zu Mörißweil in einem ußersten huß.
1495 3112 2596 3258 Merners habe er eintig ungefahr vor 3 jahr
1570 3188 2566 3326 einem fawen by kilchdorff 2 brott vndt
