3024 4032
826 327 1012 422 1680
561 348 1496 589 mit der soldaten hinweg zogen, wyß er aber
568 418 1471 630 nit wie andere soldates dinget unb versoldet
526 480 1486 679 Sonder alß ein dc lar yßem Schallenwerlk gnad
556 554 1427 706 worden, da er ich keines soldts zeuertröffe.
530 596 1493 805 habt, sye er in ußgerißen undt nit zu zuß
538 678 1493 847 mir der ußzug wyße) daheim., es möchte aber
544 730 1495 908 etwan sein bruders sein, so ebenmeßig gfangen
541 788 1498 1010 und in Schallenwerck gsy, aber ordenlich uff
535 856 1486 1051 den seld zu Krieg gedinget, jedoch aber sye
546 936 1500 1106 er zu Bümplig daheim. Mit angehenokten
538 1003 1470 1172 derbeileter pitt mahe wollind ime noch diß
537 1072 1468 1245 mahlen sein verbrechen gnädig übersehen,
530 1151 1512 1340 wo er wider k�nne, solle man imme den laß geben
519 1213 1185 1351 Actemr 19 decemb 1650
521 1281 1462 1434 uß mißnerstand gleichen nammens ethapra
620 1513 1374 1659 Dans salb vorbmnelt.
431 1669 1504 1824 Demnach Hans salb von Langname einen jung
515 1750 1505 1894 starcker ungefahr 30 jähriger landtsstreichend
478 1811 1459 1946 Reßler nechst verscheinen Lucia abents ob einem
482 1899 1495 2014 diebstal zweger Tackbettenen, und 4 Rynlan
518 1972 1501 2082 alhie vor hrs wachtm zuren uigs raden
499 2044 1490 2130 ob der schall ergriffen, drüber gfengklich ange
515 2111 1452 2223 nomen und enthalten. Ist er uß ir g Huelch
463 2192 1506 2299 Den hg. decemb ernstwörtig und volgents uff
516 2256 1480 2397 erzeigte hartnegkigkeit, verschlachung den
514 2335 1484 2462 warheit und durch fürgewendte trinkenheit
462 2414 1491 2546 Ptendilete unwüßenheit disers offen begangen
496 2475 1492 2626 diebstals den 28. bemelten monats nach notterffe
505 2553 1493 2673 examiniert und einmahl lähr einmahl mit dem
481 2613 1473 2743 eeinsten, einmahl mit l und zweymahl nit
505 2662 1501 2840 3. Steinen uffzogen und torquiert worden, in
497 2741 1469 2931 bysy und gegenwürtigkeit der ehremuesten
557 2782 1499 2998 4. urd ust herren hrr Christophel Fellets
471 2894 1450 3051 deß kleinen und hrn Stephan perets deß groß
467 2928 1498 3132 ehats irr Großreikel Elarners und etlichen
460 3001 1494 3206 Weibten hochgedacht ir g dineren, Derget en
463 3081 1454 3254 bekennt und ander marter für wahr erhalte.
482 3136 1495 3338 und sich mit umb verzeichnung pitten drüben, gott
464 3193 1503 3408 und seiner hochen g Oberk willen J alloreg irge
2605 273 2680 357 7.
1970 323 2192 450 1650
1754 372 2637 550 itlich nachdem er am Lunia M�rits Jag
1737 426 2654 619 nit anderen zur Crouen alhie truncken, vnde
1717 475 2680 680 drüber in der stuben umbher gangen, habe
1719 547 2668 731 er drüber die 7 tackbette, und 4 ayn
1722 605 2725 786 lacken, daselbst uß einer stuben entfrombdet
1704 662 2697 855 undselbige ob der Shall In der Lauben vff
1731 712 2624 913 einen kasten gelegt und understanden deß
1710 777 2643 981 Bolt Schmidts laden daselbst, (dannn es inne
1723 836 2731 1023 von minderen Volcks wegen In derselben wedal
1703 918 2654 1097 In der aneren lauben beqnemmer betunckt
1701 977 2738 1183 zeöffnen, und was er hette bekommen können
1688 1065 2716 1227 drus grentfrömbden, sye aber drüber sy
1729 1128 2697 1285 erdappet und gfengklich angenommen worden.
1730 1212 2711 1345 Und wiewoll er umbstendtlich und nacher
1710 1270 2699 1434 forderen befragt worden, wer imme den dieb
1712 1338 2672 1505 stahl hette wurden abnemen, ghalten oder
1727 1386 2682 1555 abkauffen, Ist er Jedoch mit keinen andren
1714 1464 2704 1631 bscheid begegnet, alß das er das silbergschier
1697 1556 2613 1711 hette einen gwüßen zu Thun wohnender
1717 1616 2648 1753 deßnamens imne unbekanten Boltschmid,
1712 1694 2749 1834 dem er sonst niemahlen nüt zutragen) Vndt
1706 1763 2644 1884 dann die rackbett etc. verkauffen wollen,
1723 1853 2457 1975 wohn, vnd wie er hette konnen.
1716 1918 2745 2068 Iem habe Er mit Hilff eirs gesponen Hans
1712 2009 2712 2121 Rycharts schon vor seiner vorgehnden behen.
1723 2072 2745 2181 zigung, damahlen bekenter naßen zu Muleren
1732 2137 2730 2255 9. gott und 4 käsli uß einem kelter entrag
1697 2256 2700 2361 Lenne, Alßer vff Martini 1649. deß Schallen
1739 2342 2722 2429 wercks alhie liberiert worden, habe er uß
1729 2383 2695 2482 trybendernem Jung Vß zweyen Kalleren
1688 2418 2728 2555 zu dägertschen, in des teuffterudlgten ußtag
1721 2510 2746 2620 Milchn Nydley etwan 1 meß eps und 2 koff
1673 2577 2628 2688 Item zu Herischwanden seinen gvatten
1705 2633 2720 2751 Ruff n gut uß einem baden entzwarkt
1741 2707 2742 2823 inwenig ancken vnd mähl, welche etstere
1754 2774 2739 2901 e mit seiner dirien und kunden geßten undt gensn
1673 2872 2667 2994 Mehl hat er Verjachen, vnd bekent er habe
1731 2962 2658 3044 14. tag vor nechst vergangnen mactiri
1718 3016 2678 3146 Hans Wiß deß wibels brudr zu rimplikze
1720 3076 2688 3186 ein grauwes mürchli nntfrömbdet nnd
1716 3126 2715 3263 solches zu mufften einen Weltschen umb 30l
1693 3214 1954 3333 Verkaufft.
