3024 4032
2009 375 2265 488 1680
1757 528 2731 698 Acta der Cammnalitn
1999 671 2463 838 proceduren.
1859 927 2472 1090 Anne ansermor
2030 1003 2460 1143 von Ihle pürtig.
1734 1167 2685 1288 Ist wegen begangner 3 tochleren, vndt
1736 1246 2721 1393 Ds sie ir kind einem unschuldigen eidtlich zu
1781 1320 2755 1482 geeignet, zwo stund ans halysen erkent
1764 1433 2722 1555 und eidtlich von ir g statt und landt
1726 1511 2754 1665 zu wollerdienter doch gnädiger Straff
1744 1602 2754 1756 verwisen worden. Acte 10. aug 1650
1979 1897 2507 2034 Sibilla Brugger
2056 1985 2406 2116 von 2orign
1717 2120 2742 2261 aß sie ir kind iren zweyen, so sich in eines
1699 2207 2743 2346 stundt mit ira vertrabt, zuspricht und
1741 2296 2749 2412 noch einen drittman faltschlich ynherzogen
1703 2359 2796 2481 Ist auch 2 stund aus halßgsen erkent und
1729 2431 2788 2573 indtlich von Statt vnd Landt verbannisiert
1793 2508 2362 2660 worden. Acti vt sapra
1946 2807 2541 2914 hrnsten herman
1982 2876 2702 3034 von Ansolting zu rstiebt
1772 2979 2771 3154 Wyb er uaß seinen eignen mitlen ohne angryff.
1781 3103 2750 3218 ung einer frauwen gutt nit bezahlen mögen
1772 3162 2753 3284 Ist er nach dem er in ir g insul abhie, des
1783 3233 2799 3376 hreness halb quiert worden, vff hutt eidtlich
1792 3298 2756 3420 von hochgedt ir g stett und kanden, jedoch
1794 3373 2694 3498 uff gnad hin verwisen und den prowdhen
1777 3437 2750 3586 benolch worden, smne uf die grentzn ze führen.
1949 3491 2277 3602 4. augi 65a
