<?xml version="1.0" encoding="UTF-8" standalone="yes"?>
<PcGts xmlns="http://schema.primaresearch.org/PAGE/gts/pagecontent/2013-07-15" xmlns:xsi="http://www.w3.org/2001/XMLSchema-instance" xsi:schemaLocation="http://schema.primaresearch.org/PAGE/gts/pagecontent/2013-07-15 http://schema.primaresearch.org/PAGE/gts/pagecontent/2013-07-15/pagecontent.xsd">
    <Metadata>
        <Creator>prov=University of Rostock/Institute of Mathematics/CITlab|PLANET AI GmbH/Gundram Leifert/gundram.leifert@planet-ai.de:name=German_Kurrent_XVI-XVIII_M1(htr_id=19584)::::v=2.6.6
prov=University of Rostock/Institute of Mathematics/CITlab|PLANET AI GmbH/Tobias Gruening/tobias.gruening@planet-ai.de:name=de.uros.citlab.module.baseline2polygon.B2PSeamMultiOriented:v=2.6.6
prov=University of Rostock/Institute of Mathematics/CITlab|PLANET AI GmbH/Tobias Gruening/tobias.gruening@planet-ai.de:name=/net_tf/LA73_249_0mod360.pb:de.uros.citlab.segmentation.CITlab_LA_ML:v=2.6.6
Transkribus</Creator>
        <Created>2020-10-05T11:43:06.621+02:00</Created>
        <LastChange>2022-09-12T14:42:03.831+02:00</LastChange>
        <TranskribusMetadata docId="1334828" pageId="52360883" pageNr="52" tsid="114642659" status="IN_PROGRESS" userId="9570" imgUrl="https://files.transkribus.eu/Get?id=NJUXZNAFXWZFSBVOIJKJWTDP&amp;fileType=view" xmlUrl="https://files.transkribus.eu/Get?id=LCTSCWHLOQEZCGHSHENHQJST" imageId="16044785"/>
    </Metadata>
    <Page imageFilename="IMG_7849.JPG" imageWidth="3024" imageHeight="4032">
        <ReadingOrder>
            <OrderedGroup id="ro_1687513744155" caption="Regions reading order">
                <RegionRefIndexed index="0" regionRef="r1"/>
                <RegionRefIndexed index="1" regionRef="r2"/>
            </OrderedGroup>
        </ReadingOrder>
        <TextRegion orientation="0.0" id="r1" custom="readingOrder {index:0;}">
            <Coords points="390,214 390,3408 1512,3408 1512,214"/>
            <TextLine id="r1l1" custom="readingOrder {index:0;}">
                <Coords points="584,284 737,270 799,304 990,307 1124,363 1177,343 1214,376 1446,421 1449,396 1360,336 1290,305 1240,322 1149,247 935,254 874,207 737,203 613,139"/>
                <Baseline points="599,242 641,249 683,255 725,261 767,268 809,274 851,281 893,287 935,294 977,301 1019,309 1061,316 1103,325 1145,334 1187,344 1229,354 1271,366 1313,378 1355,390 1397,404 1439,419"/>
                <TextEquiv>
                    <Unicode>desten n e de</Unicode>
                </TextEquiv>
            </TextLine>
            <TextLine id="r1l2" custom="readingOrder {index:1;}">
                <Coords points="616,312 795,362 993,361 1059,425 1119,398 1260,423 1502,528 1523,419 1490,394 1425,422 1177,343 1125,363 989,301 815,315 623,274"/>
                <Baseline points="623,311 667,313 711,319 755,324 799,331 843,338 887,345 931,353 975,362 1019,371 1064,381 1108,390 1152,401 1196,411 1240,419 1284,430 1328,439 1372,448 1416,458 1460,466 1505,474"/>
                <TextEquiv>
                    <Unicode>in einem arbeitsäligen zustandt frnds</Unicode>
                </TextEquiv>
            </TextLine>
            <TextLine id="r1l3" custom="readingOrder {index:2;}">
                <Coords points="604,389 714,403 744,439 830,402 1056,443 1156,506 1218,498 1249,532 1355,509 1463,565 1475,503 1341,483 1297,435 1178,405 1060,425 1021,372 810,370 743,326 653,361 613,341"/>
                <Baseline points="611,384 653,387 696,391 738,395 781,399 823,404 866,410 908,416 951,422 993,430 1036,437 1078,446 1121,455 1163,464 1206,474 1248,484 1291,495 1333,505 1376,517 1418,529 1461,542"/>
                <TextEquiv>
                    <Unicode>von imme andeütet, auch lf zugebees</Unicode>
                </TextEquiv>
            </TextLine>
            <TextLine id="r1l4" custom="readingOrder {index:3;}">
                <Coords points="611,465 747,478 784,509 922,497 954,539 1046,505 1293,578 1319,562 1388,630 1453,620 1440,540 1352,517 1247,529 1053,443 976,462 919,418 791,440 698,400 622,408"/>
                <Baseline points="621,447 662,450 703,455 745,459 786,464 828,469 869,476 910,482 952,488 993,497 1035,504 1076,511 1117,520 1159,528 1200,537 1242,547 1283,557 1324,568 1366,579 1407,589 1449,600"/>
                <TextEquiv>
                    <Unicode>und yngehördt geschriben worden, daß zu</Unicode>
                </TextEquiv>
            </TextLine>
            <TextLine id="r1l5" custom="readingOrder {index:4;}">
                <Coords points="610,523 731,528 781,560 893,551 974,594 1035,576 1082,616 1251,605 1351,672 1446,654 1452,620 1373,575 1062,536 1039,508 963,536 922,497 782,511 746,479 692,500 618,472"/>
                <Baseline points="618,515 659,518 700,522 741,526 782,531 823,536 864,542 905,548 946,553 987,561 1029,568 1070,575 1111,582 1152,589 1193,598 1234,606 1275,614 1316,622 1357,631 1398,641 1440,650"/>
                <TextEquiv>
                    <Unicode>vergangner nachte uff die jungen an</Unicode>
                </TextEquiv>
            </TextLine>
            <TextLine id="r1l6" custom="readingOrder {index:5;}">
                <Coords points="587,587 638,613 737,587 858,656 958,623 1024,665 1138,655 1174,687 1209,662 1319,725 1445,724 1452,671 1381,649 1351,671 1296,622 1230,651 1144,608 1082,617 1028,575 977,600 892,551 821,579 597,522"/>
                <Baseline points="594,582 636,586 678,590 720,593 763,597 805,602 847,606 889,611 932,617 974,623 1016,629 1058,637 1101,643 1143,651 1185,659 1227,667 1270,676 1312,685 1354,694 1396,704 1439,716"/>
                <TextEquiv>
                    <Unicode>sytten in paralysis gefallen, daß</Unicode>
                </TextEquiv>
            </TextLine>
            <TextLine id="r1l7" custom="readingOrder {index:6;}">
                <Coords points="573,655 711,659 741,686 861,668 1037,725 1191,727 1219,764 1453,790 1462,735 1418,707 1298,729 1231,672 1017,670 942,633 860,655 737,587 638,614 585,586"/>
                <Baseline points="582,642 625,645 668,649 711,654 754,658 798,664 841,670 884,676 927,682 970,688 1014,695 1057,703 1100,710 1143,719 1186,726 1230,735 1273,744 1316,754 1359,765 1402,774 1446,785"/>
                <TextEquiv>
                    <Unicode>dardurch am reden gehinderet werde e</Unicode>
                </TextEquiv>
            </TextLine>
            <TextLine id="r1l8" custom="readingOrder {index:7;}">
                <Coords points="1472,722 1479,721 1491,731 1495,729 1502,730 1503,728 1507,732 1519,731 1514,674 1505,675 1474,659 1466,660"/>
                <Baseline points="1479,720 1512,717"/>
                <TextEquiv>
                    <Unicode>I</Unicode>
                </TextEquiv>
            </TextLine>
            <TextLine id="r1l9" custom="readingOrder {index:8;}">
                <Coords points="599,745 776,733 994,798 1137,779 1331,860 1471,869 1482,802 1379,762 1278,784 1169,727 1047,734 992,694 904,713 864,670 767,702 722,669 610,682"/>
                <Baseline points="612,708 654,712 697,717 740,722 783,727 825,732 868,738 911,743 954,750 996,757 1039,764 1082,771 1125,779 1167,786 1210,795 1253,805 1296,813 1338,822 1381,833 1424,842 1467,852"/>
                <TextEquiv>
                    <Unicode>großer Schmertzen an leigger sidten hen</Unicode>
                </TextEquiv>
            </TextLine>
            <TextLine id="r1l10" custom="readingOrder {index:9;}">
                <Coords points="607,811 699,784 791,824 965,817 995,857 1044,827 1189,848 1499,953 1517,897 1454,858 1419,883 1317,861 1182,793 1043,773 991,797 881,750 620,736"/>
                <Baseline points="621,773 665,777 709,781 753,786 797,791 842,797 886,804 930,810 974,816 1018,823 1063,830 1107,838 1151,846 1195,854 1239,863 1284,873 1328,883 1372,894 1416,905 1460,917 1505,929"/>
                <TextEquiv>
                    <Unicode>ihne einihe vermügliche bekegung derselben</Unicode>
                </TextEquiv>
            </TextLine>
            <TextLine id="r1l11" custom="readingOrder {index:10;}">
                <Coords points="592,884 751,853 874,900 1212,923 1487,1002 1523,935 1468,944 1300,879 1181,883 1058,827 971,863 910,814 732,827 687,792 603,820"/>
                <Baseline points="606,839 651,843 696,848 741,853 786,858 831,864 876,870 921,877 966,883 1011,891 1056,898 1101,906 1146,914 1191,922 1236,930 1281,940 1326,949 1371,960 1416,970 1461,980 1506,990"/>
                <TextEquiv>
                    <Unicode>glideren, lyden. Syn er auch ufgethane</Unicode>
                </TextEquiv>
            </TextLine>
            <TextLine id="r1l12" custom="readingOrder {index:11;}">
                <Coords points="616,914 683,944 785,925 820,955 1096,974 1194,1020 1337,1026 1388,1078 1434,1059 1505,1089 1513,1037 1382,964 1244,940 1197,967 1142,923 860,877 802,894 751,853 621,883"/>
                <Baseline points="624,905 670,909 716,915 762,921 809,927 855,933 901,939 947,946 994,952 1040,959 1086,966 1132,975 1179,983 1225,992 1271,1002 1317,1012 1364,1022 1410,1034 1456,1046 1503,1059"/>
                <TextEquiv>
                    <Unicode>nachmolgende bekandtnuß, sich in ihrer</Unicode>
                </TextEquiv>
            </TextLine>
            <TextLine id="r1l13" custom="readingOrder {index:12;}">
                <Coords points="602,983 710,1043 820,1015 946,1056 1113,1039 1348,1083 1395,1136 1436,1109 1500,1148 1494,1087 1381,1072 1289,1016 1209,1026 954,958 902,978 785,925 714,953 609,941"/>
                <Baseline points="609,980 653,984 697,989 742,993 786,997 831,1002 875,1007 919,1012 964,1019 1008,1025 1053,1031 1097,1037 1141,1046 1186,1053 1230,1062 1275,1071 1319,1079 1363,1089 1408,1100 1452,1111 1497,1124"/>
                <TextEquiv>
                    <Unicode>gewarsamme hfen baden vor dem gneidt</Unicode>
                </TextEquiv>
            </TextLine>
            <TextLine id="r1l14" custom="readingOrder {index:13;}">
                <Coords points="577,1066 845,1085 879,1121 1011,1102 1114,1157 1196,1126 1484,1199 1505,1154 1343,1082 1233,1108 1114,1039 969,1060 801,1019 709,1042 671,1000 588,987"/>
                <Baseline points="585,1055 630,1056 675,1059 721,1063 766,1066 812,1070 857,1075 903,1080 948,1086 994,1092 1039,1099 1084,1105 1130,1113 1175,1119 1221,1128 1266,1137 1312,1145 1357,1153 1403,1161 1448,1170 1494,1179"/>
                <TextEquiv>
                    <Unicode>Schument ligendt fundenetc. Alß hatt</Unicode>
                </TextEquiv>
            </TextLine>
            <TextLine id="r1l15" custom="readingOrder {index:14;} person {offset:12; length:12;}">
                <Coords points="584,1161 688,1139 799,1192 863,1158 989,1163 1128,1189 1178,1236 1257,1204 1497,1266 1505,1198 1351,1156 1303,1180 1203,1130 1108,1160 973,1100 880,1122 847,1085 594,1080"/>
                <Baseline points="594,1134 641,1137 688,1140 735,1145 783,1148 830,1152 877,1155 925,1160 972,1164 1019,1168 1067,1173 1114,1179 1161,1185 1209,1192 1256,1198 1303,1206 1351,1214 1398,1224 1445,1234 1493,1244"/>
                <TextEquiv>
                    <Unicode>hochgedacht p gl benelch annach nit vol</Unicode>
                </TextEquiv>
            </TextLine>
            <TextLine id="r1l16" custom="readingOrder {index:15;}">
                <Coords points="574,1230 970,1255 1048,1312 1134,1262 1210,1323 1305,1278 1507,1337 1514,1270 1369,1228 1176,1241 1128,1188 1074,1211 988,1163 891,1180 864,1155 801,1191 738,1159 581,1165"/>
                <Baseline points="582,1214 628,1217 674,1220 720,1222 766,1226 812,1228 858,1232 904,1235 950,1239 996,1244 1042,1247 1088,1253 1134,1258 1180,1263 1226,1270 1272,1276 1318,1284 1364,1291 1410,1301 1456,1310 1502,1320"/>
                <TextEquiv>
                    <Unicode>gkommen volg beschëchen kommen. Walate</Unicode>
                </TextEquiv>
            </TextLine>
            <TextLine id="r1l17" custom="readingOrder {index:16;}">
                <Coords points="583,1312 650,1305 712,1344 779,1304 902,1317 1019,1388 1165,1338 1265,1382 1347,1356 1466,1429 1513,1412 1518,1358 1285,1284 1223,1322 1105,1273 1069,1302 805,1239 709,1268 588,1254"/>
                <Baseline points="591,1296 636,1299 682,1301 728,1305 774,1307 820,1310 866,1314 912,1317 958,1320 1004,1324 1050,1328 1095,1331 1141,1336 1187,1340 1233,1345 1279,1351 1325,1356 1371,1363 1417,1370 1463,1376 1509,1383"/>
                <TextEquiv>
                    <Unicode>verrichtet worden, ist, wie hernach volge</Unicode>
                </TextEquiv>
            </TextLine>
            <TextLine id="r1l18" custom="readingOrder {index:17;} person {offset:0; length:20;}">
                <Coords points="736,1552 974,1531 1092,1560 1153,1531 1183,1562 1285,1568 1320,1608 1377,1584 1478,1612 1502,1608 1508,1555 1408,1470 1233,1479 1148,1444 1003,1487 885,1414 743,1491"/>
                <Baseline points="746,1529 783,1527 821,1526 858,1526 896,1526 933,1528 971,1529 1008,1532 1046,1536 1083,1539 1121,1545 1159,1548 1196,1554 1234,1559 1271,1565 1309,1571 1346,1577 1384,1583 1421,1589 1459,1595 1497,1601"/>
                <TextEquiv>
                    <Unicode>Catharyna Schaffnoun</Unicode>
                </TextEquiv>
            </TextLine>
            <TextLine id="r1l19" custom="readingOrder {index:18;} person {offset:3; length:22;}">
                <Coords points="803,1599 1169,1618 1210,1643 1283,1638 1333,1687 1465,1688 1472,1604 1451,1597 1314,1606 1282,1570 1180,1562 1154,1534 1090,1561 1037,1539 997,1555 967,1531 808,1541"/>
                <Baseline points="810,1589 842,1590 875,1592 907,1593 940,1595 972,1597 1005,1600 1037,1601 1070,1604 1102,1607 1135,1609 1168,1612 1200,1615 1233,1619 1265,1622 1298,1627 1330,1631 1363,1635 1395,1640 1428,1646 1461,1652"/>
                <TextEquiv>
                    <Unicode>mr Babriel Gundtispergers sr</Unicode>
                </TextEquiv>
            </TextLine>
            <TextLine id="r1l20" custom="readingOrder {index:19;} person {offset:3; length:22;}">
                <Coords points="461,1785 818,1749 1059,1799 1136,1768 1309,1770 1353,1814 1479,1798 1482,1726 1326,1678 1158,1733 1067,1677 468,1655"/>
                <Baseline points="471,1737 521,1739 571,1740 621,1742 671,1743 721,1745 771,1747 821,1749 871,1751 921,1754 972,1757 1022,1758 1072,1761 1122,1764 1172,1767 1222,1769 1272,1772 1322,1775 1372,1778 1422,1781 1473,1784"/>
                <TextEquiv>
                    <Unicode>Ir Babriel Bundtispergers Er haitt in</Unicode>
                </TextEquiv>
            </TextLine>
            <TextLine id="r1l21" custom="readingOrder {index:20;}">
                <Coords points="385,1842 410,1842 427,1835 476,1862 529,1851 522,1773 509,1770 472,1791 421,1782 397,1796 381,1796"/>
                <Baseline points="390,1821 415,1816 441,1812 466,1811 492,1809 518,1808"/>
                <TextEquiv>
                    <Unicode>ang</Unicode>
                </TextEquiv>
            </TextLine>
            <TextLine id="r1l22" custom="readingOrder {index:21;}">
                <Coords points="592,1810 683,1835 949,1819 1144,1865 1202,1839 1288,1878 1360,1845 1486,1854 1489,1792 1395,1825 1302,1811 1260,1771 1223,1799 1140,1771 996,1804 934,1760 901,1787 782,1751 719,1789 594,1767"/>
                <Baseline points="599,1806 643,1806 687,1808 731,1809 775,1811 819,1814 863,1816 907,1819 951,1821 995,1824 1039,1827 1083,1829 1127,1831 1171,1833 1215,1835 1259,1837 1303,1839 1347,1840 1391,1841 1435,1841 1479,1841"/>
                <TextEquiv>
                    <Unicode>weynendte und einr erzeigten mundt</Unicode>
                </TextEquiv>
            </TextLine>
            <TextLine id="r1l23" custom="readingOrder {index:22;}">
                <Coords points="577,1884 949,1892 1041,1927 1101,1903 1222,1936 1308,1907 1389,1932 1480,1914 1482,1858 1454,1854 1335,1883 1214,1838 1113,1880 993,1836 580,1825"/>
                <Baseline points="584,1872 628,1872 672,1872 717,1874 761,1875 806,1878 850,1880 895,1884 939,1887 984,1892 1028,1895 1072,1899 1117,1902 1161,1905 1206,1907 1250,1909 1295,1910 1339,1910 1384,1909 1428,1907 1473,1904"/>
                <TextEquiv>
                    <Unicode>bekendt und veriächen, Alß vor ettwas</Unicode>
                </TextEquiv>
            </TextLine>
            <TextLine id="r1l24" custom="readingOrder {index:23;} person {offset:8; length:15;}">
                <Coords points="567,1972 885,1955 932,1992 1032,1963 1323,2002 1485,1972 1488,1912 1382,1944 1308,1907 1175,1948 940,1892 570,1895"/>
                <Baseline points="575,1950 620,1949 665,1949 710,1949 755,1949 801,1950 846,1952 891,1955 936,1957 981,1959 1027,1962 1072,1965 1117,1968 1162,1971 1207,1972 1253,1974 1298,1974 1343,1974 1388,1973 1433,1972 1479,1968"/>
                <TextEquiv>
                    <Unicode>gyth mr Marthi Müllerss jetzmalige </Unicode>
                </TextEquiv>
            </TextLine>
            <TextLine id="r1l25" custom="readingOrder {index:24;}">
                <Coords points="1035,2009 1044,2006 1058,2016 1060,2014 1067,2013 1060,1976 1052,1977 1037,1966 1027,1966"/>
                <Baseline points="1041,2010 1059,2007"/>
                <TextEquiv>
                    <Unicode>1</Unicode>
                </TextEquiv>
            </TextLine>
            <TextLine id="r1l26" custom="readingOrder {index:25;} person {offset:15; length:13;}">
                <Coords points="562,2051 864,2029 1098,2042 1134,2071 1212,2042 1461,2057 1489,1986 1308,2011 1113,1973 1065,2020 1010,1972 827,2007 625,1963 563,1980"/>
                <Baseline points="569,2031 614,2030 660,2030 705,2030 751,2030 797,2030 842,2031 888,2033 934,2034 979,2036 1025,2037 1071,2039 1116,2040 1162,2040 1208,2042 1253,2042 1299,2040 1345,2039 1390,2038 1436,2036 1482,2031"/>
                <TextEquiv>
                    <Unicode>ihren mann des Gnndtisperger und sy</Unicode>
                </TextEquiv>
            </TextLine>
            <TextLine id="r1l27" custom="readingOrder {index:26;}">
                <Coords points="584,2109 1037,2118 1078,2146 1158,2104 1229,2135 1462,2130 1489,2042 1397,2078 1212,2042 1080,2085 915,2038 837,2086 777,2049 584,2083"/>
                <Baseline points="591,2108 635,2106 680,2105 724,2105 769,2105 813,2105 858,2106 902,2106 947,2106 991,2108 1036,2108 1081,2109 1125,2109 1170,2109 1214,2109 1259,2108 1303,2108 1348,2106 1392,2104 1437,2102 1482,2099"/>
                <TextEquiv>
                    <Unicode>in großer betrüeltnuß, hunger und mnt</Unicode>
                </TextEquiv>
            </TextLine>
            <TextLine id="r1l28" custom="readingOrder {index:27;}">
                <Coords points="553,2199 934,2170 980,2199 1140,2173 1201,2208 1254,2173 1310,2197 1489,2165 1488,2118 1434,2112 1301,2148 1160,2103 1080,2151 978,2114 838,2116 797,2148 733,2111 552,2131"/>
                <Baseline points="560,2186 606,2184 652,2181 698,2179 744,2178 790,2177 836,2175 882,2175 928,2175 974,2175 1021,2174 1067,2174 1113,2174 1159,2174 1205,2172 1251,2171 1297,2169 1343,2167 1389,2165 1435,2160 1482,2157"/>
                <TextEquiv>
                    <Unicode>(dan domahlen sy drey tag lang kein zeit</Unicode>
                </TextEquiv>
            </TextLine>
            <TextLine id="r1l29" custom="readingOrder {index:28;}">
                <Coords points="574,2264 744,2251 784,2282 901,2239 1133,2262 1257,2232 1415,2271 1488,2220 1487,2170 1344,2209 1255,2174 1201,2208 1162,2180 726,2177 573,2226"/>
                <Baseline points="581,2252 626,2250 671,2249 716,2247 761,2246 806,2246 851,2244 896,2244 941,2244 986,2243 1031,2243 1076,2243 1121,2241 1166,2240 1211,2238 1256,2236 1301,2234 1346,2231 1391,2227 1436,2222 1482,2217"/>
                <TextEquiv>
                    <Unicode>im hus gehabt steckendt gesech und gehart</Unicode>
                </TextEquiv>
            </TextLine>
            <TextLine id="r1l30" custom="readingOrder {index:29;}">
                <Coords points="545,2337 639,2356 731,2315 886,2335 1208,2303 1300,2332 1469,2290 1487,2245 1416,2271 1258,2231 1083,2266 925,2237 781,2283 746,2254 543,2288"/>
                <Baseline points="551,2325 597,2320 644,2317 690,2313 737,2312 783,2310 830,2309 876,2309 923,2309 969,2309 1016,2309 1063,2308 1109,2307 1156,2307 1202,2306 1249,2303 1295,2301 1342,2297 1388,2292 1435,2287 1482,2280"/>
                <TextEquiv>
                    <Unicode>daß ungeacht vilfartigen nachwerben</Unicode>
                </TextEquiv>
            </TextLine>
            <TextLine id="r1l31" custom="readingOrder {index:30;}">
                <Coords points="563,2439 631,2407 711,2439 769,2407 878,2413 959,2376 1312,2405 1458,2357 1499,2303 1233,2335 1202,2308 1055,2310 875,2351 764,2315 630,2367 559,2350"/>
                <Baseline points="567,2391 613,2388 659,2386 705,2384 752,2384 798,2382 844,2382 891,2382 937,2382 983,2382 1030,2381 1076,2381 1122,2379 1168,2377 1215,2375 1261,2370 1307,2366 1354,2359 1400,2352 1446,2344 1493,2333"/>
                <TextEquiv>
                    <Unicode>er by syner gr oberkeit kein handtla</Unicode>
                </TextEquiv>
            </TextLine>
            <TextLine id="r1l32" custom="readingOrder {index:31;}">
                <Coords points="561,2479 934,2448 1118,2472 1252,2436 1341,2461 1480,2412 1478,2373 1411,2363 1333,2414 1260,2419 1200,2376 1105,2424 922,2378 815,2427 711,2440 631,2410 559,2435"/>
                <Baseline points="567,2469 612,2465 657,2461 702,2458 748,2455 793,2454 838,2451 883,2451 929,2450 974,2448 1019,2448 1064,2447 1110,2445 1155,2444 1200,2442 1245,2438 1291,2435 1336,2430 1381,2425 1426,2418 1472,2409"/>
                <TextEquiv>
                    <Unicode>erlangen und imnr nur die jenigen von</Unicode>
                </TextEquiv>
            </TextLine>
            <TextLine id="r1l33" custom="readingOrder {index:32;}">
                <Coords points="575,2593 637,2541 736,2575 909,2541 963,2571 1059,2525 1270,2545 1319,2507 1393,2519 1465,2485 1462,2435 1353,2466 1250,2438 1130,2483 943,2449 887,2482 697,2465 650,2510 570,2485"/>
                <Baseline points="579,2538 625,2534 671,2529 717,2527 764,2524 810,2523 856,2522 902,2520 949,2520 995,2519 1041,2519 1087,2517 1134,2516 1180,2514 1226,2510 1272,2508 1319,2503 1365,2497 1411,2490 1458,2481"/>
                <TextEquiv>
                    <Unicode>seines sohns güetli üuber sein tischgelt und</Unicode>
                </TextEquiv>
            </TextLine>
            <TextLine id="r1l34" custom="readingOrder {index:33;}">
                <Coords points="558,2627 722,2644 814,2599 1076,2610 1249,2580 1322,2620 1483,2545 1479,2480 1401,2525 1319,2507 1257,2557 1099,2521 963,2572 884,2547 738,2576 685,2540 554,2561"/>
                <Baseline points="564,2618 609,2612 655,2608 700,2604 746,2601 792,2599 837,2597 883,2594 928,2592 974,2591 1020,2589 1065,2588 1111,2586 1156,2583 1202,2580 1248,2577 1293,2573 1339,2568 1384,2562 1430,2555 1476,2547"/>
                <TextEquiv>
                    <Unicode>beleydung uberverblybenden zinsten zu</Unicode>
                </TextEquiv>
            </TextLine>
            <TextLine id="r1l35" custom="readingOrder {index:34;}">
                <Coords points="579,2703 748,2681 793,2718 855,2683 931,2723 1134,2657 1260,2680 1345,2644 1387,2670 1488,2622 1485,2567 1386,2572 1339,2622 1276,2585 1181,2626 1061,2597 877,2627 820,2605 785,2639 578,2676"/>
                <Baseline points="585,2694 629,2689 674,2685 719,2681 764,2679 809,2676 854,2673 898,2671 943,2669 988,2667 1033,2664 1078,2663 1123,2660 1168,2658 1212,2654 1257,2651 1302,2646 1347,2641 1392,2636 1437,2629 1482,2621"/>
                <TextEquiv>
                    <Unicode>seiner desto beßerer erhaltung nit</Unicode>
                </TextEquiv>
            </TextLine>
            <TextLine id="r1l36" custom="readingOrder {index:35;}">
                <Coords points="551,2792 785,2765 927,2800 1050,2742 1417,2716 1479,2695 1475,2643 1377,2672 1300,2650 1202,2709 1149,2677 1056,2722 989,2696 908,2722 864,2692 802,2723 742,2683 662,2722 544,2705"/>
                <Baseline points="558,2786 603,2777 649,2769 695,2764 740,2759 786,2755 832,2753 877,2750 923,2748 969,2747 1015,2745 1060,2744 1106,2741 1152,2738 1197,2735 1243,2731 1289,2725 1334,2718 1380,2710 1426,2699 1472,2687"/>
                <TextEquiv>
                    <Unicode>vernolgen mögen, abe ermelts mülle</Unicode>
                </TextEquiv>
            </TextLine>
            <TextLine id="r1l37" custom="readingOrder {index:36;}">
                <Coords points="556,2889 628,2858 685,2894 870,2829 1056,2852 1185,2801 1281,2830 1477,2764 1490,2699 1354,2719 1270,2770 1053,2743 922,2801 714,2767 599,2826 550,2814"/>
                <Baseline points="560,2858 606,2849 652,2842 699,2837 745,2833 791,2829 838,2827 884,2826 930,2824 977,2823 1023,2822 1069,2820 1116,2817 1162,2814 1208,2811 1255,2806 1301,2800 1347,2792 1394,2782 1440,2771 1487,2756"/>
                <TextEquiv>
                    <Unicode>er zu inen gesagt herren waln dobertet</Unicode>
                </TextEquiv>
            </TextLine>
            <TextLine id="r1l38" custom="readingOrder {index:37;}">
                <Coords points="527,2944 656,2906 748,2949 914,2902 1032,2950 1081,2907 1438,2861 1474,2840 1469,2783 1220,2857 1098,2816 1059,2850 882,2833 839,2865 786,2837 685,2893 622,2860 524,2896"/>
                <Baseline points="533,2933 579,2927 626,2922 673,2917 719,2913 766,2910 813,2907 859,2904 906,2903 953,2901 1000,2899 1046,2896 1093,2893 1140,2890 1186,2886 1233,2880 1280,2875 1326,2867 1373,2859 1420,2848 1467,2837"/>
                <TextEquiv>
                    <Unicode>nit helffen und verschaffen welle, das si</Unicode>
                </TextEquiv>
            </TextLine>
            <TextLine id="r1l39" custom="readingOrder {index:38;}">
                <Coords points="544,3029 768,3051 904,2980 1046,2964 1164,2994 1316,2939 1363,2961 1491,2856 1078,2909 1030,2955 881,2909 758,2954 663,2912 605,2953 535,2951"/>
                <Baseline points="549,3014 598,3008 647,3002 697,2998 746,2994 796,2991 845,2987 894,2984 944,2980 993,2976 1043,2973 1092,2968 1142,2963 1191,2957 1240,2950 1290,2942 1339,2932 1389,2920 1438,2908 1488,2892"/>
                <TextEquiv>
                    <Unicode>die zinsen werdindt. So söllindt sy dem</Unicode>
                </TextEquiv>
            </TextLine>
            <TextLine id="r1l40" custom="readingOrder {index:39;}">
                <Coords points="537,3123 666,3082 874,3101 1014,3042 1175,3053 1306,2994 1343,3023 1482,2963 1475,2903 1227,2994 1126,2972 1033,3013 962,2982 770,3049 580,3013 528,3046"/>
                <Baseline points="540,3095 586,3088 633,3083 680,3077 727,3072 774,3067 820,3063 867,3059 914,3055 961,3051 1008,3047 1054,3042 1101,3038 1148,3033 1195,3027 1242,3021 1288,3013 1335,3005 1382,2996 1429,2985 1476,2973"/>
                <TextEquiv>
                    <Unicode>sohn ein raquetli werden laßn, es si</Unicode>
                </TextEquiv>
            </TextLine>
            <TextLine id="r1l41" custom="readingOrder {index:40;}">
                <Coords points="555,3164 686,3196 747,3146 1079,3116 1132,3151 1225,3148 1317,3085 1398,3105 1466,3065 1457,2974 1345,3023 1308,2994 1216,3044 1012,3043 874,3102 666,3082 551,3127"/>
                <Baseline points="561,3156 605,3153 650,3149 695,3145 740,3143 785,3139 830,3135 874,3132 919,3128 964,3125 1009,3120 1054,3116 1099,3112 1144,3108 1188,3102 1233,3097 1278,3091 1323,3085 1368,3077 1413,3070 1458,3062"/>
                <TextEquiv>
                    <Unicode>nit vihl umb densalben zuhuy .</Unicode>
                </TextEquiv>
            </TextLine>
            <TextLine id="r1l42" custom="readingOrder {index:41;}">
                <Coords points="526,3258 587,3274 621,3234 754,3203 953,3235 988,3194 1445,3166 1473,3154 1463,3067 1226,3148 1136,3155 1081,3117 977,3178 793,3143 721,3153 686,3196 516,3176"/>
                <Baseline points="530,3236 576,3233 623,3230 669,3226 716,3223 763,3218 809,3215 856,3211 903,3207 949,3202 996,3197 1043,3192 1089,3187 1136,3180 1183,3175 1229,3170 1276,3162 1323,3155 1369,3148 1416,3139 1463,3131"/>
                <TextEquiv>
                    <Unicode>Dise red jr mann erschrocen und gesprochen</Unicode>
                </TextEquiv>
            </TextLine>
            <TextLine id="r1l43" custom="readingOrder {index:42;}">
                <Coords points="521,3339 900,3273 1282,3282 1341,3213 1432,3190 1424,3125 1349,3180 1313,3154 1174,3204 987,3196 955,3235 922,3214 816,3240 746,3203 708,3245 663,3227 586,3275 511,3263"/>
                <Baseline points="525,3321 572,3314 619,3306 666,3300 714,3295 761,3290 808,3286 856,3282 903,3279 950,3275 998,3270 1045,3264 1092,3259 1140,3252 1187,3244 1234,3235 1282,3223 1329,3210 1376,3195 1424,3177"/>
                <TextEquiv>
                    <Unicode>daß sy gott behnet wölle, daß scy nit </Unicode>
                </TextEquiv>
            </TextLine>
            <TextLine id="r1l44" custom="readingOrder {index:43;}">
                <Coords points="536,3421 711,3393 767,3362 808,3379 841,3358 912,3370 1087,3331 1084,3308 993,3273 940,3291 903,3272 822,3332 764,3344 659,3304 528,3355"/>
                <Baseline points="539,3393 566,3391 593,3388 620,3385 647,3382 674,3378 701,3375 728,3371 755,3367 782,3363 809,3359 836,3356 863,3352 890,3348 917,3345 944,3341 971,3338 998,3335 1025,3333 1052,3330 1079,3327"/>
                <TextEquiv>
                    <Unicode>mörder werdindt.</Unicode>
                </TextEquiv>
            </TextLine>
            <TextEquiv>
                <Unicode>desten n e de
in einem arbeitsäligen zustandt frnds
von imme andeütet, auch lf zugebees
und yngehördt geschriben worden, daß zu
vergangner nachte uff die jungen an
sytten in paralysis gefallen, daß
dardurch am reden gehinderet werde e
I
großer Schmertzen an leigger sidten hen
ihne einihe vermügliche bekegung derselben
glideren, lyden. Syn er auch ufgethane
nachmolgende bekandtnuß, sich in ihrer
gewarsamme hfen baden vor dem gneidt
Schument ligendt fundenetc. Alß hatt
hochgedacht p gl benelch annach nit vol
gkommen volg beschëchen kommen. Walate
verrichtet worden, ist, wie hernach volge
Catharyna Schaffnoun
mr Babriel Gundtispergers sr
Ir Babriel Bundtispergers Er haitt in
ang
weynendte und einr erzeigten mundt
bekendt und veriächen, Alß vor ettwas
gyth mr Marthi Müllerss jetzmalige 
1
ihren mann des Gnndtisperger und sy
in großer betrüeltnuß, hunger und mnt
(dan domahlen sy drey tag lang kein zeit
im hus gehabt steckendt gesech und gehart
daß ungeacht vilfartigen nachwerben
er by syner gr oberkeit kein handtla
erlangen und imnr nur die jenigen von
seines sohns güetli üuber sein tischgelt und
beleydung uberverblybenden zinsten zu
seiner desto beßerer erhaltung nit
vernolgen mögen, abe ermelts mülle
er zu inen gesagt herren waln dobertet
nit helffen und verschaffen welle, das si
die zinsen werdindt. So söllindt sy dem
sohn ein raquetli werden laßn, es si
nit vihl umb densalben zuhuy .
Dise red jr mann erschrocen und gesprochen
daß sy gott behnet wölle, daß scy nit 
mörder werdindt.</Unicode>
            </TextEquiv>
        </TextRegion>
        <TextRegion orientation="0.0" id="r2" custom="readingOrder {index:1;}">
            <Coords points="1610,271 1610,3186 2723,3186 2723,271"/>
            <TextLine id="r2l1" custom="readingOrder {index:0;}">
                <Coords points="2620,310 2641,312 2659,303 2679,316 2696,305 2707,304 2712,298 2724,298 2722,250 2705,247 2697,255 2671,259 2657,254 2647,263 2639,262 2627,274 2619,275"/>
                <Baseline points="2627,305 2657,301 2687,299 2717,302"/>
                <TextEquiv>
                    <Unicode>52</Unicode>
                </TextEquiv>
            </TextLine>
            <TextLine id="r2l2" custom="readingOrder {index:1;} person {offset:28; length:7;}">
                <Coords points="1657,485 1837,424 1919,453 1960,416 2122,405 2163,436 2235,390 2632,403 2719,374 2713,303 2213,318 2119,381 1925,324 1875,372 1647,380"/>
                <Baseline points="1662,465 1714,453 1766,442 1819,433 1871,425 1924,418 1976,411 2029,406 2081,401 2134,397 2186,392 2238,390 2291,387 2343,384 2396,380 2448,378 2501,375 2553,372 2606,368 2658,365 2711,360"/>
                <TextEquiv>
                    <Unicode>Nechter daruf sy an gesagts Müllers hochzych</Unicode>
                </TextEquiv>
            </TextLine>
            <TextLine id="r2l3" custom="readingOrder {index:2;} place {offset:0; length:9;}">
                <Coords points="1740,515 2037,466 2116,509 2170,466 2324,482 2368,448 2687,417 2685,390 2553,413 2451,380 2284,422 2236,389 2163,436 2119,406 1919,453 1837,425 1737,466"/>
                <Baseline points="1745,497 1791,488 1838,483 1885,477 1932,472 1979,467 2025,464 2072,461 2119,457 2166,454 2213,452 2259,450 2306,446 2353,444 2400,441 2447,438 2493,435 2540,431 2587,427 2634,421 2681,416"/>
                <TextEquiv>
                    <Unicode>Deßenberg gangen wider heimb leomen</Unicode>
                </TextEquiv>
            </TextLine>
            <TextLine id="r2l4" custom="readingOrder {index:3;} person {offset:4; length:13;}">
                <Coords points="1665,601 1844,547 1912,575 2025,526 2315,540 2438,499 2617,543 2715,476 2709,404 2292,487 1942,467 1660,538"/>
                <Baseline points="1670,581 1721,567 1773,556 1825,546 1877,538 1929,531 1981,527 2033,522 2085,519 2137,516 2189,514 2240,511 2292,509 2344,506 2396,504 2448,501 2500,497 2552,492 2604,486 2656,479 2708,470"/>
                <TextEquiv>
                    <Unicode>und Sundtispergar zwar vergebenlich zu ir</Unicode>
                </TextEquiv>
            </TextLine>
            <TextLine id="r2l5" custom="readingOrder {index:4;}">
                <Coords points="1664,680 2008,598 2183,632 2234,587 2337,622 2731,555 2680,501 2536,545 2471,504 2314,544 2067,523 1659,621"/>
                <Baseline points="1668,651 1720,637 1773,625 1826,615 1879,605 1931,599 1984,593 2037,587 2090,583 2142,579 2195,577 2248,575 2301,572 2353,570 2406,569 2459,566 2512,563 2564,560 2617,556 2670,550 2723,545"/>
                <TextEquiv>
                    <Unicode>gs den herren schuldtheisen gangen, daß pur syne</Unicode>
                </TextEquiv>
            </TextLine>
            <TextLine id="r2l6" custom="readingOrder {index:5;}">
                <Coords points="1676,726 1794,686 1903,718 2012,658 2118,712 2310,638 2510,668 2573,623 2722,617 2721,573 2545,562 2493,611 2338,621 2263,592 2184,633 2010,600 1672,667"/>
                <Baseline points="1682,708 1733,697 1785,687 1837,679 1889,671 1940,666 1992,662 2044,657 2096,654 2147,651 2199,649 2251,647 2303,644 2354,642 2406,639 2458,636 2510,632 2561,628 2613,620 2665,614 2717,605"/>
                <TextEquiv>
                    <Unicode>senes sohns matten gelegner versilbetter</Unicode>
                </TextEquiv>
            </TextLine>
            <TextLine id="r2l7" custom="readingOrder {index:6;}">
                <Coords points="1642,808 1925,733 2225,716 2285,750 2319,717 2677,691 2725,678 2721,623 2648,664 2555,630 2511,682 2397,688 2309,640 2216,706 2082,705 2018,663 1902,718 1766,698 1636,735"/>
                <Baseline points="1646,776 1699,765 1753,755 1806,748 1860,741 1913,736 1967,732 2020,729 2074,726 2127,725 2181,722 2235,720 2288,717 2342,715 2395,712 2449,708 2502,702 2556,697 2609,689 2663,679 2717,666"/>
                <TextEquiv>
                    <Unicode>dägeln vernolchet wurde. seye er widerumb</Unicode>
                </TextEquiv>
            </TextLine>
            <TextLine id="r2l8" custom="readingOrder {index:7;}">
                <Coords points="1664,848 2465,773 2532,809 2632,752 2695,769 2691,701 2112,775 1942,737 1761,800 1709,768 1661,807"/>
                <Baseline points="1670,831 1720,824 1771,818 1822,812 1873,807 1924,804 1975,801 2025,797 2076,795 2127,792 2178,791 2229,788 2280,786 2331,784 2381,781 2432,778 2483,774 2534,770 2585,765 2636,759 2687,752"/>
                <TextEquiv>
                    <Unicode>in vorige schwermet und mecandoc ge-</Unicode>
                </TextEquiv>
            </TextLine>
            <TextLine id="r2l9" custom="readingOrder {index:8;}">
                <Coords points="1665,938 1872,877 2003,899 2164,865 2211,902 2422,848 2483,886 2533,841 2669,827 2667,771 2632,753 2438,824 2375,791 2197,833 2110,798 1660,847"/>
                <Baseline points="1670,905 1719,896 1769,888 1818,880 1868,876 1918,872 1967,868 2017,864 2067,863 2116,860 2166,858 2216,857 2265,855 2315,854 2365,851 2414,849 2464,846 2514,841 2563,836 2613,830 2663,822"/>
                <TextEquiv>
                    <Unicode>fallen und übel zu friden heimbleomen. Da</Unicode>
                </TextEquiv>
            </TextLine>
            <TextLine id="r2l10" custom="readingOrder {index:9;}">
                <Coords points="1664,990 1908,943 2075,964 2391,926 2465,955 2549,905 2680,902 2707,814 2483,885 2436,851 2363,886 2324,859 2220,905 2086,866 1907,910 1793,889 1661,942"/>
                <Baseline points="1670,977 1721,968 1773,961 1825,954 1877,949 1928,945 1980,941 2032,938 2084,936 2135,934 2187,932 2239,930 2291,927 2342,925 2394,923 2446,920 2498,915 2549,910 2601,904 2653,897 2705,888"/>
                <TextEquiv>
                    <Unicode>eben sich deß müllers fr an der stell befunden</Unicode>
                </TextEquiv>
            </TextLine>
            <TextLine id="r2l11" custom="readingOrder {index:10;}">
                <Coords points="1656,1065 2611,969 2694,1010 2707,887 2469,956 2235,931 2082,969 2037,941 1899,959 1858,1004 1750,970 1652,1010"/>
                <Baseline points="1661,1050 1713,1041 1765,1032 1817,1026 1869,1020 1922,1015 1974,1011 2026,1008 2078,1005 2130,1002 2183,1000 2235,998 2287,996 2339,994 2391,992 2444,988 2496,984 2548,979 2600,973 2652,967 2705,959"/>
                <TextEquiv>
                    <Unicode>und den gsagt. sy wolte es emmal wog.</Unicode>
                </TextEquiv>
            </TextLine>
            <TextLine id="r2l12" custom="readingOrder {index:11;}">
                <Coords points="1655,1129 2700,1031 2612,968 2491,1014 2315,998 2078,1060 1976,1028 1916,1075 1840,1027 1762,1035 1652,1081"/>
                <Baseline points="1661,1116 1712,1110 1764,1103 1815,1098 1867,1092 1919,1089 1970,1084 2022,1081 2073,1077 2125,1074 2177,1071 2228,1069 2280,1066 2331,1063 2383,1061 2435,1056 2486,1052 2538,1047 2589,1043 2641,1037 2693,1029"/>
                <TextEquiv>
                    <Unicode>unndt das tham, was sy ihnen frevor</Unicode>
                </TextEquiv>
            </TextLine>
            <TextLine id="r2l13" custom="readingOrder {index:12;}">
                <Coords points="1649,1201 2186,1142 2329,1165 2626,1105 2662,1135 2698,1115 2692,1035 2551,1084 2333,1066 2212,1116 2023,1093 1852,1131 1802,1101 1645,1160"/>
                <Baseline points="1655,1193 1706,1183 1758,1175 1810,1168 1862,1161 1913,1156 1965,1151 2017,1148 2069,1144 2120,1142 2172,1138 2224,1135 2276,1131 2327,1129 2379,1127 2431,1122 2483,1117 2534,1113 2586,1107 2638,1101 2690,1094"/>
                <TextEquiv>
                    <Unicode>gsagt etc. Welchern anstifft und anwysung</Unicode>
                </TextEquiv>
            </TextLine>
            <TextLine id="r2l14" custom="readingOrder {index:13;}">
                <Coords points="1642,1275 1887,1229 1994,1276 2106,1224 2167,1258 2217,1212 2385,1223 2667,1176 2662,1111 2237,1173 2187,1143 2129,1186 2042,1152 1885,1205 1636,1202"/>
                <Baseline points="1647,1260 1697,1251 1748,1244 1798,1238 1849,1231 1900,1227 1950,1223 2001,1220 2052,1217 2102,1214 2153,1212 2204,1209 2254,1206 2305,1204 2356,1201 2406,1197 2457,1192 2508,1187 2558,1180 2609,1172 2660,1163"/>
                <TextEquiv>
                    <Unicode>sy ohren geben, In maßen daruf sy, dee</Unicode>
                </TextEquiv>
            </TextLine>
            <TextLine id="r2l15" custom="readingOrder {index:14;} person {offset:0; length:14;}">
                <Coords points="1624,1362 1853,1306 2181,1315 2263,1270 2582,1281 2689,1243 2686,1202 2563,1184 2452,1247 2219,1213 2160,1264 2113,1237 1994,1276 1890,1227 1618,1284"/>
                <Baseline points="1628,1329 1680,1321 1733,1314 1786,1307 1838,1302 1891,1298 1944,1293 1996,1290 2049,1287 2102,1285 2155,1283 2207,1280 2260,1277 2313,1275 2365,1271 2418,1268 2471,1263 2523,1257 2576,1251 2629,1244 2682,1236"/>
                <TextEquiv>
                    <Unicode>Bündtispergern umb einen vierer lab kuchen</Unicode>
                </TextEquiv>
            </TextLine>
            <TextLine id="r2l16" custom="readingOrder {index:15;} person {offset:22; length:13;}">
                <Coords points="1652,1447 1807,1382 1866,1407 2035,1353 2171,1381 2253,1345 2403,1368 2444,1343 2496,1370 2612,1331 2610,1291 2262,1270 2157,1321 1974,1295 1933,1329 1852,1307 1645,1354"/>
                <Baseline points="1655,1400 1702,1394 1750,1388 1797,1382 1845,1377 1892,1373 1940,1368 1987,1364 2035,1361 2082,1358 2130,1355 2178,1352 2225,1349 2273,1347 2320,1344 2368,1342 2415,1340 2463,1338 2510,1336 2558,1334 2606,1332"/>
                <TextEquiv>
                    <Unicode>theig kaufft, er mann Gundtisperger</Unicode>
                </TextEquiv>
            </TextLine>
            <TextLine id="r2l17" custom="readingOrder {index:16;} place {offset:10; length:8;}">
                <Coords points="1656,1482 1961,1478 2085,1428 2252,1462 2299,1428 2352,1460 2439,1410 2490,1447 2546,1407 2667,1401 2666,1371 2304,1354 2193,1398 2035,1354 1654,1448"/>
                <Baseline points="1662,1467 1711,1459 1761,1454 1811,1448 1861,1444 1911,1440 1961,1436 2011,1433 2061,1431 2111,1429 2161,1427 2210,1425 2260,1424 2310,1421 2360,1419 2410,1416 2460,1414 2510,1409 2560,1406 2610,1400 2660,1394"/>
                <TextEquiv>
                    <Unicode>emn meßer Spitzvol gifft bysyts uf ein</Unicode>
                </TextEquiv>
            </TextLine>
            <TextLine id="r2l18" custom="readingOrder {index:17;}">
                <Coords points="1643,1547 1844,1573 1946,1526 2065,1553 2132,1513 2210,1533 2347,1497 2543,1525 2682,1479 2665,1397 2473,1460 2297,1430 2265,1461 2141,1438 1972,1487 1640,1485"/>
                <Baseline points="1649,1533 1700,1529 1751,1524 1802,1521 1854,1517 1905,1514 1956,1511 2008,1509 2059,1507 2110,1505 2162,1502 2213,1500 2264,1498 2315,1496 2367,1493 2418,1490 2469,1485 2521,1482 2572,1476 2623,1472 2675,1466"/>
                <TextEquiv>
                    <Unicode>lädli gelegt, welches sy und vilgesagts</Unicode>
                </TextEquiv>
            </TextLine>
            <TextLine id="r2l19" custom="readingOrder {index:18;} person {offset:0; length:7;}">
                <Coords points="1628,1629 2246,1577 2330,1620 2410,1567 2703,1547 2668,1477 2544,1529 2343,1500 2132,1519 2058,1562 1996,1527 1855,1574 1624,1553"/>
                <Baseline points="1634,1611 1687,1607 1740,1601 1793,1597 1846,1593 1899,1590 1952,1587 2005,1584 2058,1581 2111,1578 2165,1576 2218,1574 2271,1571 2324,1569 2377,1565 2430,1563 2483,1559 2536,1556 2589,1552 2642,1549 2696,1544"/>
                <TextEquiv>
                    <Unicode>Müllers fr hernach in den theig gewückt</Unicode>
                </TextEquiv>
            </TextLine>
            <TextLine id="r2l20" custom="readingOrder {index:19;} person {offset:22; length:7;}">
                <Coords points="1616,1695 2378,1638 2442,1676 2709,1622 2706,1555 2653,1595 2409,1566 2329,1620 2220,1582 1613,1641"/>
                <Baseline points="1623,1686 1679,1678 1736,1672 1793,1667 1850,1662 1906,1658 1963,1655 2020,1652 2077,1650 2134,1649 2190,1647 2247,1644 2304,1643 2361,1641 2418,1638 2474,1637 2531,1633 2588,1628 2645,1625 2702,1619"/>
                <TextEquiv>
                    <Unicode>das Labksiehli in deß Millers ofen gebach.</Unicode>
                </TextEquiv>
            </TextLine>
            <TextLine id="r2l21" custom="readingOrder {index:20;}">
                <Coords points="1644,1762 2251,1711 2452,1756 2506,1716 2676,1700 2697,1630 2431,1685 2318,1657 2175,1692 2010,1650 1911,1695 1641,1689"/>
                <Baseline points="1650,1749 1702,1743 1754,1737 1806,1732 1858,1728 1910,1724 1962,1722 2015,1719 2067,1718 2119,1716 2171,1716 2223,1715 2275,1715 2327,1713 2380,1712 2432,1710 2484,1708 2536,1706 2588,1703 2640,1698 2693,1694"/>
                <TextEquiv>
                    <Unicode>vnd deßelben Er Sich anerbotten, Solches kuehl</Unicode>
                </TextEquiv>
            </TextLine>
            <TextLine id="r2l22" custom="readingOrder {index:21;}">
                <Coords points="1617,1830 1784,1806 1861,1834 1958,1795 2040,1837 2172,1783 2252,1824 2408,1779 2615,1812 2712,1765 2710,1712 2500,1719 2423,1759 2383,1727 2335,1756 2251,1712 2158,1743 2087,1716 1799,1780 1751,1740 1616,1796"/>
                <Baseline points="1623,1818 1677,1812 1731,1806 1785,1802 1839,1797 1893,1794 1947,1793 2001,1790 2055,1790 2109,1788 2164,1788 2218,1787 2272,1787 2326,1786 2380,1785 2434,1783 2488,1782 2542,1778 2596,1775 2650,1771 2705,1764"/>
                <TextEquiv>
                    <Unicode>den Sohnli Selfs zugeben, sy habe aber solches</Unicode>
                </TextEquiv>
            </TextLine>
            <TextLine id="r2l23" custom="readingOrder {index:22;}">
                <Coords points="1662,1895 2080,1861 2188,1911 2225,1872 2345,1857 2400,1885 2611,1854 2630,1770 2341,1800 2297,1832 2124,1788 2042,1840 1958,1793 1884,1841 1782,1806 1661,1832"/>
                <Baseline points="1668,1871 1715,1869 1763,1868 1811,1866 1859,1865 1907,1863 1955,1863 2002,1862 2050,1862 2098,1860 2146,1860 2194,1859 2242,1859 2290,1857 2337,1856 2385,1854 2433,1853 2481,1851 2529,1848 2577,1845 2625,1842"/>
                <TextEquiv>
                    <Unicode>nit ihr, sonder einem gwüsten Büebli</Unicode>
                </TextEquiv>
            </TextLine>
            <TextLine id="r2l24" custom="readingOrder {index:23;}">
                <Coords points="1648,1981 1722,1947 1814,1969 2096,1933 2353,1968 2434,1936 2501,1977 2557,1926 2688,1923 2688,1889 2567,1861 2397,1887 2345,1857 2233,1868 2185,1914 2042,1867 1937,1904 1882,1872 1647,1904"/>
                <Baseline points="1655,1940 1706,1938 1757,1935 1808,1934 1860,1932 1911,1932 1962,1932 2014,1931 2065,1931 2116,1931 2168,1932 2219,1932 2270,1931 2321,1931 2373,1931 2424,1929 2475,1929 2527,1928 2578,1925 2629,1922 2681,1919"/>
                <TextEquiv>
                    <Unicode>geben, daß er solches dem sohnli zu eßen</Unicode>
                </TextEquiv>
            </TextLine>
            <TextLine id="r2l25" custom="readingOrder {index:24;}">
                <Coords points="1630,2058 1750,2000 1905,2002 1958,2041 2029,1997 2155,2037 2234,2006 2525,2030 2684,2008 2684,1923 2614,1961 2557,1932 2500,1981 2442,1944 2208,1972 2106,1941 2053,1974 2000,1936 1630,1981"/>
                <Baseline points="1637,2007 1689,2006 1741,2004 1793,2004 1845,2004 1897,2004 1949,2004 2001,2004 2053,2005 2105,2006 2157,2006 2209,2006 2261,2007 2313,2006 2365,2006 2417,2004 2469,2003 2521,2001 2573,1998 2625,1994 2678,1989"/>
                <TextEquiv>
                    <Unicode>geben vnd Seye Leyder, Ihr beider zweike</Unicode>
                </TextEquiv>
            </TextLine>
            <TextLine id="r2l26" custom="readingOrder {index:25;}">
                <Coords points="1624,2093 1978,2074 2059,2114 2292,2079 2358,2114 2667,2062 2638,1999 2316,2051 2235,2008 2153,2051 2106,2012 1987,2049 1895,2001 1624,2055"/>
                <Baseline points="1631,2075 1682,2073 1733,2072 1785,2072 1836,2072 1888,2072 1939,2073 1991,2074 2042,2075 2094,2076 2145,2078 2196,2078 2248,2079 2299,2079 2351,2079 2402,2078 2454,2076 2505,2073 2557,2070 2608,2065 2660,2058"/>
                <TextEquiv>
                    <Unicode>und intention dahin abgangen, daß sohnli</Unicode>
                </TextEquiv>
            </TextLine>
            <TextLine id="r2l27" custom="readingOrder {index:26;} person {offset:22; length:10;}">
                <Coords points="1616,2172 2118,2147 2305,2185 2401,2146 2448,2183 2694,2144 2694,2056 2378,2124 2292,2080 2118,2121 1615,2100"/>
                <Baseline points="1622,2150 1675,2148 1728,2145 1781,2144 1835,2144 1888,2144 1941,2144 1994,2145 2048,2145 2101,2147 2154,2147 2207,2148 2261,2148 2314,2148 2367,2148 2420,2148 2474,2147 2527,2144 2580,2141 2633,2138 2687,2132"/>
                <TextEquiv>
                    <Unicode>durch diß præepariert Läbküechli hinzurüchten</Unicode>
                </TextEquiv>
            </TextLine>
            <TextLine id="r2l28" custom="readingOrder {index:27;}">
                <Coords points="1621,2243 1709,2220 1794,2257 1936,2211 2177,2250 2326,2215 2408,2267 2533,2213 2694,2222 2694,2145 2448,2186 2399,2145 2335,2196 1982,2151 1786,2189 1710,2147 1621,2173"/>
                <Baseline points="1628,2219 1683,2217 1739,2214 1795,2213 1850,2213 1906,2213 1962,2214 2018,2214 2073,2216 2129,2216 2185,2217 2241,2219 2296,2219 2352,2219 2408,2219 2464,2217 2519,2216 2575,2214 2631,2210 2687,2205"/>
                <TextEquiv>
                    <Unicode>Antreffendt aber das vbrige Gufft So soles</Unicode>
                </TextEquiv>
            </TextLine>
            <TextLine id="r2l29" custom="readingOrder {index:28;}">
                <Coords points="1642,2299 2009,2293 2063,2341 2153,2282 2587,2303 2622,2292 2622,2242 2531,2213 2467,2265 2354,2234 2313,2267 2256,2230 2069,2260 1956,2222 1875,2270 1642,2246"/>
                <Baseline points="1649,2291 1697,2289 1745,2288 1793,2288 1842,2288 1890,2288 1938,2288 1987,2289 2035,2289 2083,2289 2132,2291 2180,2291 2228,2291 2276,2291 2325,2291 2373,2291 2421,2289 2470,2288 2518,2286 2566,2285 2615,2282"/>
                <TextEquiv>
                    <Unicode>benolchen worden sy in seines gruder</Unicode>
                </TextEquiv>
            </TextLine>
            <TextLine id="r2l30" custom="readingOrder {index:29;} person {offset:0; length:7;}">
                <Coords points="1610,2378 2670,2381 2669,2271 2263,2341 2184,2298 2142,2340 2059,2342 1997,2292 1610,2331"/>
                <Baseline points="1617,2367 1669,2364 1721,2361 1773,2361 1826,2360 1878,2360 1930,2361 1983,2361 2035,2363 2087,2364 2140,2365 2192,2366 2244,2367 2296,2367 2349,2367 2401,2366 2453,2365 2506,2363 2558,2359 2610,2355 2663,2349"/>
                <TextEquiv>
                    <Unicode>Dannels waßer veßel oder saltzfaß zu</Unicode>
                </TextEquiv>
            </TextLine>
            <TextLine id="r2l31" custom="readingOrder {index:30;}">
                <Coords points="1650,2479 1939,2435 1984,2473 2083,2454 2151,2498 2214,2453 2316,2497 2431,2437 2688,2433 2688,2341 2337,2424 2168,2387 2090,2427 1932,2364 1811,2416 1650,2400"/>
                <Baseline points="1656,2439 1707,2438 1758,2438 1809,2438 1861,2439 1912,2440 1963,2441 2014,2442 2066,2444 2117,2445 2168,2445 2219,2447 2271,2447 2322,2445 2373,2445 2424,2444 2476,2441 2527,2437 2578,2434 2629,2429 2681,2421"/>
                <TextEquiv>
                    <Unicode>legen, wüße sy von selbigen gar nüt, sodes</Unicode>
                </TextEquiv>
            </TextLine>
            <TextLine id="r2l32" custom="readingOrder {index:31;}">
                <Coords points="1645,2536 2191,2527 2309,2565 2572,2512 2703,2571 2703,2415 2618,2477 2373,2451 2308,2499 2226,2458 2155,2501 1876,2437 1795,2435 1731,2492 1646,2477"/>
                <Baseline points="1652,2519 1704,2516 1756,2515 1808,2514 1860,2514 1913,2516 1965,2516 2017,2517 2069,2519 2121,2520 2174,2522 2226,2523 2278,2525 2330,2525 2382,2525 2435,2523 2487,2522 2539,2519 2591,2517 2643,2512 2696,2505"/>
                <TextEquiv>
                    <Unicode>vermeldet, wan ets was geschichen seye möchte</Unicode>
                </TextEquiv>
            </TextLine>
            <TextLine id="r2l33" custom="readingOrder {index:32;}">
                <Coords points="1655,2601 1957,2599 2092,2645 2149,2602 2478,2643 2622,2585 2681,2597 2681,2553 2588,2529 2528,2555 2446,2522 2310,2566 2147,2530 2048,2564 1988,2526 1920,2570 1855,2535 1655,2540"/>
                <Baseline points="1662,2592 1712,2591 1763,2589 1813,2589 1864,2589 1915,2589 1965,2590 2016,2591 2067,2592 2117,2594 2168,2595 2219,2595 2269,2597 2320,2597 2371,2597 2421,2596 2472,2595 2523,2592 2573,2590 2624,2585 2675,2580"/>
                <TextEquiv>
                    <Unicode>es ir man oder deß müllers er gethan</Unicode>
                </TextEquiv>
            </TextLine>
            <TextLine id="r2l34" custom="readingOrder {index:33;}">
                <Coords points="1641,2701 1651,2700 1682,2671 1696,2668 1703,2674 1715,2671 1726,2678 1738,2677 1748,2687 1770,2671 1781,2675 1782,2627 1773,2625 1759,2632 1710,2589 1684,2606 1643,2613"/>
                <Baseline points="1649,2669 1674,2663 1699,2661 1724,2665 1749,2667 1775,2666"/>
                <TextEquiv>
                    <Unicode>haben.</Unicode>
                </TextEquiv>
            </TextLine>
            <TextLine id="r2l35" custom="readingOrder {index:34;} person {offset:0; length:17;}">
                <Coords points="1805,2892 1919,2874 1989,2902 2016,2872 2092,2858 2436,2857 2449,2807 2339,2769 2273,2802 2158,2763 2099,2805 2023,2819 1952,2810 1893,2768 1800,2782"/>
                <Baseline points="1811,2876 1842,2873 1874,2870 1905,2867 1937,2865 1969,2863 2000,2860 2032,2858 2064,2856 2095,2855 2127,2853 2159,2852 2190,2851 2222,2850 2254,2849 2285,2847 2317,2847 2349,2847 2380,2846 2412,2846 2444,2846"/>
                <TextEquiv>
                    <Unicode>Margareth Wichelm</Unicode>
                </TextEquiv>
            </TextLine>
            <TextLine id="r2l36" custom="readingOrder {index:35;} place {offset:7; length:9;} person {offset:20; length:6; continued:true;}">
                <Coords points="1911,2967 2046,2915 2192,2923 2249,2904 2306,2926 2408,2905 2457,2938 2536,2913 2530,2826 2493,2815 2440,2858 2295,2860 2251,2885 2211,2861 2166,2877 2097,2858 2029,2898 1963,2879 1907,2901"/>
                <Baseline points="1916,2927 1946,2925 1977,2923 2007,2922 2038,2919 2069,2918 2099,2916 2130,2913 2160,2911 2191,2909 2222,2907 2252,2904 2283,2901 2313,2900 2344,2898 2375,2897 2405,2895 2436,2892 2466,2892 2497,2891 2528,2889"/>
                <TextEquiv>
                    <Unicode>absein deßenberg mr Marthi</Unicode>
                </TextEquiv>
            </TextLine>
            <TextLine id="r2l37" custom="readingOrder {index:36;} person {offset:0; length:7; continued:true;}">
                <Coords points="1977,3014 2038,2979 2101,2991 2156,2967 2218,3010 2275,2968 2273,2918 2251,2904 2230,2918 2182,2917 2163,2933 2134,2920 2117,2939 2106,2928 2090,2940 2038,2929 2022,2941 1995,2928 1974,2936"/>
                <Baseline points="1983,2976 2008,2976 2034,2975 2060,2975 2086,2973 2112,2972 2138,2972 2164,2970 2190,2969 2216,2969 2242,2967 2268,2967"/>
                <TextEquiv>
                    <Unicode>M�llers ehfr</Unicode>
                </TextEquiv>
            </TextLine>
            <TextLine id="r2l38" custom="readingOrder {index:37;}">
                <Coords points="1603,3015 1798,3051 2225,3039 2273,3068 2398,3014 2655,3019 2654,2968 2536,2938 2493,2972 2314,2949 2211,3011 2170,2973 1998,3000 1856,2940 1806,2988 1603,3001"/>
                <Baseline points="1610,3026 1661,3027 1713,3027 1765,3029 1817,3030 1869,3030 1921,3032 1973,3032 2025,3032 2077,3031 2129,3030 2180,3029 2232,3027 2284,3026 2336,3023 2388,3021 2440,3016 2492,3012 2544,3008 2596,3002 2648,2996"/>
                <TextEquiv>
                    <Unicode>att über die ihro gethane frag Rtuk an</Unicode>
                </TextEquiv>
            </TextLine>
            <TextLine id="r2l39" custom="readingOrder {index:38;}">
                <Coords points="1615,3095 2049,3120 2646,3068 2644,3016 2499,3008 2273,3068 2212,3043 2121,3076 2073,3035 2012,3062 1962,3027 1802,3054 1765,3026 1614,3065"/>
                <Baseline points="1622,3095 1672,3096 1723,3096 1774,3096 1825,3096 1876,3096 1927,3096 1977,3096 2028,3095 2079,3094 2130,3093 2181,3091 2232,3089 2283,3087 2333,3083 2384,3080 2435,3076 2486,3072 2537,3068 2588,3061 2639,3054"/>
                <TextEquiv>
                    <Unicode>zeigt, daß nachllangen nachgahn Grbere</Unicode>
                </TextEquiv>
            </TextLine>
            <TextLine id="r2l40" custom="readingOrder {index:39;} person {offset:0; length:13;}">
                <Coords points="1638,3207 1865,3220 1935,3184 1988,3210 2086,3159 2147,3195 2258,3162 2394,3198 2599,3101 2333,3080 2293,3111 1634,3122"/>
                <Baseline points="1643,3171 1690,3170 1738,3168 1785,3168 1833,3167 1880,3165 1928,3164 1975,3163 2023,3162 2070,3161 2118,3158 2166,3156 2213,3155 2261,3152 2308,3149 2356,3146 2403,3142 2451,3138 2498,3134 2546,3128 2594,3122"/>
                <TextEquiv>
                    <Unicode>Gundtisperger zwat zu erst gfragt</Unicode>
                </TextEquiv>
            </TextLine>
            <TextEquiv>
                <Unicode>52
Nechter daruf sy an gesagts Müllers hochzych
Deßenberg gangen wider heimb leomen
und Sundtispergar zwar vergebenlich zu ir
gs den herren schuldtheisen gangen, daß pur syne
senes sohns matten gelegner versilbetter
dägeln vernolchet wurde. seye er widerumb
in vorige schwermet und mecandoc ge-
fallen und übel zu friden heimbleomen. Da
eben sich deß müllers fr an der stell befunden
und den gsagt. sy wolte es emmal wog.
unndt das tham, was sy ihnen frevor
gsagt etc. Welchern anstifft und anwysung
sy ohren geben, In maßen daruf sy, dee
Bündtispergern umb einen vierer lab kuchen
theig kaufft, er mann Gundtisperger
emn meßer Spitzvol gifft bysyts uf ein
lädli gelegt, welches sy und vilgesagts
Müllers fr hernach in den theig gewückt
das Labksiehli in deß Millers ofen gebach.
vnd deßelben Er Sich anerbotten, Solches kuehl
den Sohnli Selfs zugeben, sy habe aber solches
nit ihr, sonder einem gwüsten Büebli
geben, daß er solches dem sohnli zu eßen
geben vnd Seye Leyder, Ihr beider zweike
und intention dahin abgangen, daß sohnli
durch diß præepariert Läbküechli hinzurüchten
Antreffendt aber das vbrige Gufft So soles
benolchen worden sy in seines gruder
Dannels waßer veßel oder saltzfaß zu
legen, wüße sy von selbigen gar nüt, sodes
vermeldet, wan ets was geschichen seye möchte
es ir man oder deß müllers er gethan
haben.
Margareth Wichelm
absein deßenberg mr Marthi
M�llers ehfr
att über die ihro gethane frag Rtuk an
zeigt, daß nachllangen nachgahn Grbere
Gundtisperger zwat zu erst gfragt</Unicode>
            </TextEquiv>
        </TextRegion>
    </Page>
</PcGts>
