3024 4032
675 339 1163 513 Cristyri Künzi
684 446 1322 594 uß der schwenden kilchs
835 518 1126 634 diemptigen
402 581 1420 796 Hat bekent und verrächen, das sie ohnge
517 659 1401 831 Ward in irem 12 jährigen alten ge
499 736 1401 893 stracks von huß ins Elsaß verreiset.
510 813 1404 968 und sich daselbst 5 jahr lang ehrlich
515 878 1436 1051 und redlich, ohne einher begangien hir
507 961 1416 1132 fähler, mit dinen und arbeiten erhelen
484 1046 1435 1186 Hernach aber sich widerumb alhar ins la
520 1113 1409 1240 gelaßen und dem allmusen nachgangen
496 1188 1446 1331 Daby dann sich durch deß fleisches muter
527 1261 1437 1395 villfaltig und underschidenlich zur un
535 1338 1421 1476 küschheit bereden unnd verführen laßen.
531 1404 1433 1540 opecifice und in grund der wahrheit aber
523 1504 1440 1635 habe sy sich mit nachgeschribnen persohn
544 1549 1265 1710 lider vertrabet und vergeßen.
529 1657 1440 1826 erstlich mit Caspar Rinder an der kengen
529 1752 1414 1866 so syn eheweib gehabt und by derie ein
548 1841 1417 1961 unehrlich kind, so ir 23 wuchen hernach
546 1894 1424 2028 gestorben gezüget und zu Winis
548 1992 1008 2108 darumb abbusst.
501 2052 1404 2211 Deme mit Uli Zaugg Im einmenthal
553 2167 834 2273 ein eheman.
492 2241 1452 2376 Mit Peter Kuntz Im Schuchen einer ledigen
530 2358 686 2468 hohn
514 2429 1450 2568 weiters mit tommens christen ein
533 2527 1252 2662 ehemac zu Kröschenbrunrn.
487 2643 1425 2800 Peter Blaser zu Signauw auch in
400 2739 1445 2946 Mit einer ledigen persohn, Wäber Uli Gu
521 2871 874 3021 zem hauß.
1322 2952 1453 3067 ch halen
456 2951 1299 3157 Mehr mit Peter ischonner zu kr
534 3072 1249 3240 so auch sein eheweib gehabt.
487 3154 1436 3382 Dänid Küng wirtt zu Aüzelfli en
347 3327 787 3467 IEhman.
2499 187 2599 290 16.
1543 294 2567 521 lidtlichen mit Peter küthi un der thalb wach.
1556 350 2525 561 Alwald an einem grttt erkhnhafft, so ir
1535 420 2583 610 unbekant. Ein eheman mit dem bericht
1534 485 2436 694 Der deß ryth Jaggis scpruge sye.
1511 579 2600 809 Mit disen 9 persohnen habe sie sich vertrabet
1553 674 2571 833 Aber nit mehr alß nit jederer ein unde
1541 713 2518 895 den erstgemelten sind zweymahl. Da
1577 816 2520 958 under 7 ehr vnd 2 redige nenner
1554 895 2571 1075 Ertreffeind danin Hans Jaggis an der Lengg
1475 974 2551 1136 Iangestelkte und verbrunne scheiele habe
1555 1036 2604 1221 Jaggi Wampfler fra vermeldet, das er Barthlo
1582 1109 2617 1264 me und Peter Ginggen zur brunst disers schür
1555 1185 2303 1335 lib ehat und that geben habind.
1510 1287 2544 1458 r übrigen habe sie böses und unküsches
1523 1366 2586 1517 nit begangen, bittet sehr umb gnaid vnet
1548 1425 2559 1597 vergeihung nit versprechung einpffig
1554 1563 1754 1672 beßeren.
1603 1767 2293 1902 Latharyna Hadorn
1597 1825 2529 1971 von Wymütiger soast gent Seymitigk
1629 1909 2425 2043 Meytli von 22 jahren alters.
1525 2029 2605 2172 Dise hat ir brstättigung bereits der zu Trach.
1558 2121 2571 2230 sellwald angebner ehbrüchen und söhry
1562 2193 2611 2315 nachvolgende bekent. In gegenwürt gf
1565 2264 2533 2382 wehrengedachter Hrrr examdratoris.
1529 2388 2625 2499 erstlich habe sie sich vertrabet mit frten schertz
1559 2481 2599 2595 von Aschin und by imme ein unehrlich kind, so nach
1571 2540 2586 2672 läbt und 3 jahr alt sye vertrabet, er
1561 2615 2586 2738 habe zwan ira die eheuersprochen, aber
1581 2699 1978 2820 hernach glaugnet.
1561 2780 2608 2930 Dennach mit Hans Rohler von Utigen einem
1569 2883 1776 3005 Eheman.
1526 2970 2562 3112 Mit Hans Küpfer ein Eheman von Kutzelflu¬
1536 3089 2529 3234 Item Nit Ryt Jaggis 2. knechten zu Drunen
1557 3176 2411 3307 by Trachßelwald beid shmnrmer.
