3024 4032
514 218 1409 451 wyß nit müglich ware sein k auch das
526 304 1481 547 ans halwysen gestelt, des frr aber sen
520 347 1418 593 weg irfr schwachheit deßelb erlaßsen
514 416 1309 621 und den 216. julii ines beid der
1295 542 1438 666 dge
680 630 1297 779 Hans Rudolff von
869 718 1123 840 Bryers
491 755 1489 985 Diser Hans Rudolff von Geyers gewesene
528 841 1476 1041 berger alhie, hat nach ußgestandner gefangen
534 906 1467 1085 Ist vom 18. junii nechsthin biß dato. In dem
523 958 1498 1181 gefangenscht nach volgender maß ustgschren
806 1059 1045 1189 Eydt.
457 1117 1484 1320 I Hans Rud von Geyers schweren biden
529 1215 1462 1386 gegenwürtigen, allwüßenden wahrhafft
508 1266 1454 1426 gerechten und allmechtisgen gott, daß ich
496 1341 1470 1487 der nechtlich wyl mit einem angewohntet unzulaen
531 1412 1472 1562 meßer an jr Hans Jacob von Borsteten und r
517 1472 1479 1638 Anthoni von Graffmeind begangnen, teils todt
519 1541 1458 1685 gefährlich gewasnen wundthaten und sont
529 1632 1481 1766 anderer zum zeiten getrugner vrbotten wehren
537 1716 1449 1809 wegen, zu mehr dann woluerdienter straß
526 1774 1456 1885 von lediglaßung an diser meiner jetzig gefanen
530 1854 1477 1968 schafft mynen gs gn und Obl. diser Lobe i
493 1929 1461 2031 Herg stett landt und gebiet quittieren .
512 1998 1461 2128 laßen, abtretten, vnd selbige nit widerumbb
527 2078 1453 2207 trtten, durch wanderen, noch durchzechen
501 2156 1456 2279 Auch dise eine zeit von diser leidig verbrecht
529 2234 1478 2355 ection und mißhandlung har ußgestande
524 2318 1421 2427 gfangensicht an niemandem rech will.
476 2388 1433 2518 Elle generd vrnitten. Geschworen
474 2475 1104 2596 Den 6. tag augusti 1652.
2586 285 2680 372 57.
1810 328 2372 486 Jan Härd
1867 444 2296 564 usern Adelboden.
1648 549 2647 729 Bashudt den 25. Augusti 1652. Ist Steffan
1661 638 2686 799 häri Vßem Adelboden, Vngefar von 25 Juri¬
1650 699 2629 857 gem alter, so vor etwaß wenig zeit geen
1658 752 2655 898 fencklich von Interlacten alhar gefurde
1656 812 2700 954 durch myne zochehrende herren hrr samuel
1648 871 2604 1020 Lerber, er zu Mitrath unnd ir Groß
1660 955 2624 1061 weybel von Wattenwyl, erntwortig
1655 1001 2666 1140 In der kepi übernachvolgende verdechtige
1645 1064 2286 1201 punctes examiniert worden.
1613 1242 2688 1401 Estlich worumb er sich zuo der von allerwelde
1682 1339 2637 1444 verachteter stell eines wasenmeisters
1669 1370 2685 1496 begeben hatt er geandtwortet, daß söliches
1657 1438 2657 1557 feils uß armutt schlechten vermögens undt
1669 1512 2633 1619 schlechter hilf synen wiewol habhaffen
1651 1569 2661 1661 frenden, so inne nur nit beherbrig wollen,
1649 1616 2664 1723 Vnnd dan auch darumb beschechen, Daß vor
1657 1668 2646 1793 ungefahr 1 2 jahres er Hanß Bortners
1663 1743 2663 1839 so auch deß verschmechten wasens gewäsen
1660 1809 2636 1915 frouw, geehlichet, darmit er gedacht
1669 1868 2628 1967 sich erlich durch gebringen, maßen dann er
1668 1926 2678 2037 alle zeit gnug zetun gehabt unnd von vil
1668 1985 2665 2093 faltiger deßt tags ußgestandner arbeitweg
1670 2038 2661 2160 am abendt hüngerig und durstig zuehuß
1666 2119 2593 2226 gangen, daß eß dann etwans zwo maß
1675 2181 2596 2286 wyn gecostet, deßen man mir biß auf
1672 2250 2388 2355 zechen oder mehr dings geben.
1667 2368 2533 2499 gefragt, ob er keine diebstäl begang.
1675 2463 2652 2549 lndtwort nei gar nit, nit munder
1681 2519 2650 2617 aber sye eß, den daß er by vierzuc tagen
1683 2581 2659 2686 einen blinden mag mit syner lyrer frouen
1684 2634 2611 2743 ynzohen, vnd zum Zeiten den mann gholffen
1679 2717 1838 2801 führen.
1691 2767 2615 2863 gfragt, ob er deß vor einem nunbaldt ver
1686 2846 2644 2941 Pfoßner jahr in der Fischetzer guo Unterlach
1686 2902 2563 3017 fundener Tottencörpers nit schuldig.
1681 2955 2637 3078 geandtwort nein dan in der nacht do derselbe
1696 3008 2631 3114 habe söllen gemordt worden sein, syen er sein
1696 3076 2637 3170 mutter und sein frouw byauwe in synem huß ghen
1686 3125 2617 3239 vndt habindt mit einanderer gesten und truncken
1690 3182 2631 3279 und sye darzuo by demselbet daß gäldt nochge-
1678 3254 1992 3352 funden worden.
