3024 4032
848 271 1051 396 165
697 303 1449 593 V aep der Sendsie
908 446 1059 538 vndt
593 473 1384 673 athryi Rineg sein abgescheide.
376 548 1442 830 Alß Lrechte durch Hen mehren feischig Io
450 682 1445 905 gsen hrr amehr schribers Hr dolff fel
435 771 1468 977 Tenbergs in der gfangenschafft befragt werden,
447 830 1400 1027 Ob er umb seiner abgescheidene Hurenwüsen
476 905 1426 1087 und in sonderheit von disem nüt gewüßt, das
474 978 1433 1199 eines gwüßen morgend, als er in dee seiben
444 1048 1473 1243 zuorgn geßig, der Burhrn Weilel, vndt
474 1148 1421 1306 2. Ande mäner mit imme dahin kommen,
440 1212 1469 1376 ir hürig filiongmus Bür berandrift und
444 1291 1404 1479 sie, einander nach uß dem bott in der stuben
443 1364 1438 1527 uffgestanden und sich angelegt und en
456 1452 1477 1625 drüber die angen nit sich geschlaget, Hienach
441 1526 1455 1673 die Cathry Küng auch, ob sie nit durch zurgen
461 1605 1459 1745 tia Ire lybsfrucht von Ira getriben, vndt
451 1685 1419 1822 ob ir abgeschudner von Irem unwäsen nüt
442 1757 1456 1896 gewüsst . abend beid teill starckge
454 1845 1464 1989 laugnet und nüt anders bekennen wöllen, alß
424 1917 1435 2036 Das erwenter bär zu der zeit by inen beiden
449 1987 1417 2119 einmahl In Irem Betth, Jedoch ohne einche böse
444 2069 1437 2195 that, gelägen sye, alß imn sy voriger guren
450 2132 1476 2280 fähler ußkommen, darumb er sehr bekinnnetet
459 2206 1437 2340 ware  sin sich domahlen alhie befun¬
424 2280 1441 2398 dnerbruder sie angesprochen uff imme achtung ze
438 2337 1403 2498 geben, das er nit etwas nachveilligs under sich
805 2419 1455 2542 Byln aber die Kingi
430 2436 804 2580 sobs firnemme
436 2496 1468 2668 sehr verdechtig. Ist sie In den Strecke ihuen
427 2575 1422 2748 geführt und daselbst verners verbaliter
453 2647 1436 2835 ohne miihe angewendte dortur, examinert
418 2683 1454 2898 und wyß sy daselbst auch nüt mehrers bekenn
442 2770 1447 2969 wöllen, widerumb an ir grtt der gfangt.
403 2872 1442 3093 schafft geführt worden, Sie vnd Iren Abgeschei¬
434 2936 1407 3121 darn biß uff Vrneren bscheid alda Grenthal
406 3056 961 3213 Ad 11. n 1650.
323 3149 1458 3400 ind beide wegen ires gantz verdichtigen u
401 3220 1434 3466 sonst schlechten limbdnus ohne grad mit dem
423 3273 1454 3502 imt von dr 9 statt und dero Burgeren zil
420 3334 1471 3609 gehort und in ir heimet Gerwisen. Actur etex.
417 3497 981 3647 catum 2. mov 1650.
1532 1818 1632 1923 ati.
2614 248 2697 330 5.
1905 334 2148 441 1650.
1778 398 2589 606 Nadle sundl vorbemebt
1953 518 2211 670 prass
1651 646 2668 847 Hiewollenott der Allmechtig hin, vnd wider
1620 723 2710 956 In seinem s worte uns dahin vermahnt, das wir
1624 774 2700 973 alle unküschzeit unsucht und unreineit uns
1620 855 2684 1043 von hertzen find syn laßen und hingegen keüshe
1634 898 2675 1127 ezüchtig leben und unsere lyb und seel als
1638 985 2724 1151 Tempel deß s deists suber rein undheilig be¬
1661 1058 2751 1218 wahren sollen, mit betröüwung die verbrecher
1646 1116 2741 1299 seines gebots hertt. zeit und ewigklich ze straffen
1631 1217 2717 1366 Wie er dann söliches gegen underschidenlichen
1643 1269 2717 1432 völckeren grusamlich erzeigt, und sie jemerlich
1638 1358 2611 1512 In seinen forn hingerichtet und vergehr
1649 1406 2702 1565 zu disem dann auch ein hoche gnädige Oberkeit
1641 1504 2735 1634 de satz und ordnung deßhalb auch hirzugethan
1642 1570 2754 1704 und gesetzt, uff das man sich, wo nit uß liebe gegen
1629 1643 2710 1768 Gott vnd seinem S wortt, doch vffs wenigest
1662 1721 2670 1866 ußforcht der straff disers lasters überhebe.
1666 1795 2699 1909 Wirt jedoch söliches von vilen leiderschlechtlich
1654 1851 2706 1990 und nit anderst beobachtet, Alß ob diß kaster
1633 1936 2755 2052 der unküschhzlit kein kaster und hiemit auch
1657 2004 2724 2123 kein sünd were, inmaßen sy sich ungeschücht mit
1653 2070 2766 2202 denselben befleckend und besidlend,  dn
1672 2146 2695 2271 auch gegenwürtige arbeit selige madll deß
1621 2207 2759 2340 namens und der that ein Stindli under Irg
1676 2284 2686 2369 costen, und Aikinderen zill, biß zu Irem alten
2374 2324 2761 2417 mit beobachten sond
1663 2350 2756 2480 hinder dero vogty Bixp erhaften gethan uot
1679 2432 2750 2553 sich disem uppigen und eitwilligen Lub: Vndt
1654 2503 2668 2642 unwäsen ergeben, mit vilen underschidenlicher
1666 2572 2740 2709 persohnen, unbeobachtet auch dir ein gsatz gotten
1611 2655 2751 2786 und der hohen oberkeit der nachen gesipp und
1651 2734 2666 2854 verwandtschafft halb, verbottnen graden, so
1642 2800 2680 2920 wytt vertrabt, das nit allein znry ehebre
1654 2872 2725 3000 sonder auch leidige, abscheüchliche incstus und
1661 2944 2292 3050 Rutschanden darus ervolget,
2289 2952 2731 3049 achdlen
1682 2991 2734 3143 uun mahs vnrd Aberen diser nad  zundli lasten
1645 3077 2727 3198 hafftes ergerliches Läbwäsen fürkomen, habend
1682 3144 2727 3275 selbige als statthalter Gottes zuhren abstraff
1666 3216 2671 3342 ung, die eruorderliche verfüg und anordnung
