3024 4032
520 215 1349 476 ellh seg ad daen een
521 348 1395 554 Sie Jedoch Inen zu den domahly noch zu an
1359 385 1451 504 suhe
509 422 1427 616 zeiten verbrachten diebstählen nit nur nit
525 497 1439 689 geholffen, sonder auch nüt darunn genoßen, d
551 565 1437 742 auch keine verbracht, Iter woll im hall
534 636 1439 810 so zum zeiten, wann sie in anden erzürnt.
457 722 1428 915 123 unhro ußbliben) uf sin widerunfft geben
1397 793 1440 855 A
526 803 1424 983 sachen, die er fürgebner maßen, errauffe
533 878 1446 1045 abgemant, sich der fra verdüchtig fürkonden
537 950 1447 1105 sachen ge müßigen, Abee also nos seinen ves¬
535 1017 1431 1194 thaten nützit sagen. ußgenommen, das er nicht
527 1093 1443 1290 vegangnen summers an etlichen grtten sich
510 1184 1155 1291 zugehalten geben. Namlich
482 1268 1435 1405 Hv Jaberg in Trachßtels huß 4 grebd un
526 1326 1420 1483 2. krag, die sie widerumb daselbst gerecht
520 1394 1074 1517 undt sezund by sich habe.
491 1482 1370 1654 zu Sinring 22 ell raues rystigs tuch
500 1579 1406 1759 Ja Eherli  einer gwüßen Pfistere huß e
430 1675 906 1769 allt bleickts tuch.
505 1755 1433 1886 Denne habe er salb mit Hans Kürtzi zu Oflig
508 1842 1421 1935 kirsen und schiitz. undt mit dem hingerichten
515 1881 1423 2001 Richart etwas fleischs entfrömbden helffen
520 1947 1228 2067 wo und wen aber wiße sie nit.
485 2020 1420 2159 Bder aber gesachten halb zu Rnggisperg uß
498 2103 1423 2236 gefangen s geholffen, wüße sie nit. Eroben
508 2175 1428 2294 habe gra angeigt, alß er zu fra kommen, der
510 2231 1428 2378 ir zu Riggisperg, habe ihme uf eine gut en
509 2292 1404 2445 dar uf fryen fuß gestelt und ledig gelaßen,
470 2363 1429 2531 habe allso anders nüt gemeint, dann denselben syn
487 2440 1404 2605 Jetzund aber sye er halb mit seiner bruder kli
488 2518 1433 2664 so imm by seiner jetzigen arbeitsäligkeit behuffen,
481 2588 1114 2781 sy gegen sderlend gezogen.
518 2714 1423 2867 i übrigen habe sie sich allezeit ehrlich verho
512 2763 1399 2953 auch mit keinen andren mönnen alß benu
470 2888 890 3042 zweyen Grische
453 2987 1423 3207 hat auch anzeigt, das sidt der zeit, das er salb alse
504 3068 1410 3287 ußgeschmeitt worden (was nach Lucio 1680
273 3063 403 3201 18.
490 3108 1406 3328 24 mar entfrömmbdet, so zra in wüßen, damse
494 3188 1414 3417 alzeit by imme gsctz. Der hat aber sder her
513 3284 1228 3459 vill die bstäl begangen, nnt bekent.
285 3329 1411 3612 vorgemelte Margret Bruner ist den 24. novembris 651 ges
303 3410 1375 3683 ae aae a
319 3540 1050 3747 uf ein glebt ledig gelaßen worden.
2503 201 2615 286 35.
1719 293 2458 486 Satheyna Bächer von
1724 440 2095 555 undersewer
1597 493 2589 678 at vermeldet, Wie daß sie, neben verer Juug
1631 556 2591 748 ich gefangnen schwöster von einem band, ka
1602 626 2617 794 neli halb sich deß Gosenismens Underwinding
1564 700 2646 898 Isonderhut aben Sie sich uf willen, Syden, vndt
1580 760 2594 975 faden lisner vstande, doch gering mittlen sy
1587 846 2637 1030 gand undt die strimpf zu Sasel färben laßind
1562 912 2578 1093 welche sie allezeit einer gewüßen krämerin
1572 965 2638 1151 von Fuern, so sie by Ira samthafft kkuuffe
1603 1050 2582 1222 weiche, vndwauffind ohne das sie much mram uf.
1586 1125 2585 1280 nichtind. Da sich vor etwas tagen zuge
1594 1204 2611 1371 tragen, das Hans halb gesacht worden, habind
1562 1274 2589 1445 sie beid schwöstern durch sonderbar ungkülte
1603 1348 2644 1501 sich by deßelben fr befunden, also das sie ims
1588 1436 2558 1572 derselben gefangen genommen und alhar
1587 1503 2562 1638 geführt worden. Ungeacht sie von deß
1570 1578 2594 1723 salben bösen sachen untzit wiße, auch keine vn¬
1599 1656 2581 1789 thaten nit begangen habe, es sye mit dieb.
1596 1731 2604 1857 stäl Fürey etc., sonder sie sye noch ohne man
1606 1801 2641 1918 ren verbliben. Seitwenig aber sye es, dem
1554 1878 2616 1992 das Sie vor 3 Jahren alhie Im Rhallenwerck Isty
1569 1943 2578 2058 aber nur von deßwegen, das sie an der domahlen
1600 2004 2610 2124 gehaltnen Landtjegi mit andren gfingklich an:
1589 2077 2647 2200 gmonden, vnd alhie zugeriglet worden. Vngeacht
1570 2143 2587 2242 Sie sich domahls zum Schneidet, mit einer sichley
1579 2210 2617 2311 vrfaßst brichen laßen wollen, über die unlangst
1583 2270 2609 2369 daruor ußgestandne schwere franckheit, sie
1596 2328 2587 2442 bruffe sich aber vf das Monial, da rin die
1556 2409 2583 2523 ursach irer feßlung ins Schallewerck eer
1554 2461 1737 2574 zeichnet.
1558 2570 2621 2694 Pie und durch weg Hans halb ihre Stieffbruder
1551 2648 2593 2758 Hu iggiperg der banden ledig worden, wiße sie
1594 2709 2592 2815 anders nit, denn was er seiner cirnen uf hrre
1546 2785 2566 2891 zum imne gethane frag gethan, vermeldet
1537 2846 2589 2950 Nämlich, das der ir deß orts inne uf eine gebe
1582 2913 2571 3023 Consur, vnd das er sich fort nachen solle, ledig
1581 2983 1760 3095 gelaßen.
1522 3074 2533 3229 Dise ist den 18. non 1601. vli gute Consus
1594 3176 2591 3285 ußglaßen und ias ir heimat zur redlich begangen.
1604 3236 2371 3349 st undt gotsforcht gewisen worden,
