3024 4032
709 213 1548 477 den a ratg enen
702 270 1558 514 underschidenlich stallknechter und and
685 338 1562 573 Buber verspildt und drüber widerum
706 431 1566 637 nach wynsteiner gäldt dardurch gebechen
687 469 1567 699 getrachtet, Vnd dem spiles solchen maßsen
705 551 1579 776 geben worden, daß seinmal sy beidt bri
706 625 1587 852 verzeichee tag lang vn serdt dem huß in se
649 690 1588 932 obervogt Dilliers und andere mahl mich
698 763 1469 946 in anderer hrr Schürer verbliben.
686 840 1588 1085 enne alß jüngst hr. landtvogtst
705 954 1583 1134 nacher Länfburg ufgeritten, habe er sin
689 997 1586 1194 esandt auch gefangner gehral Claud
661 1068 1562 1238 mer dahin beredt, daß er biß ufs dride
677 1137 1585 1308 mahl hrr. sammel kochs vogts kinder
674 1198 1580 1358 alhie in der statt in ir sumerhuß hine
669 1267 1566 1414 den stüllen gagen der jecsul mit imme
666 1312 1577 1498 tags ynbrochen unnd bim lettenmal beid
653 1380 1574 1549 zwüscher tag und nacht drob erdappet und
666 1448 1568 1603 gfäncklich angenommen worden. Daß s
655 1532 1550 1691 sy daselbst ußgetragen und endtfrömbdet
659 1601 1287 1722 sygendt folgende stuck.
646 1716 1086 1854 1 jinige Blätli
665 1825 1222 1947 halbmäßigs känli
676 1904 1565 2004 welche sy verschmelzt und daß pfundt
653 1974 1554 2072 niß 20 trüher wylte fürgebet
652 2027 1571 2155 wordden, daß e garschlecht sye, verkaufft
654 2098 836 2182 worden.
645 2141 1576 2280 1. viertelig Känli, welches daß deym
649 2241 1315 2362 Jenk umb 4 bz erkoufft
628 2327 1246 2438 1. Möschenen kerzenstock.
639 2405 1478 2542 4. Erigs mürseli mit dem stempfel.
629 2509 1172 2657 1 Stücki Soll Lader
628 2561 1565 2748 Peri ginige blättli, so jedes ein halbend
630 2720 841 2808 gewogen
637 2702 1565 2869 1. newwe Schofreter, so umb ein halbe we
610 2779 1564 2926 verkrufft worden, Er aber habe solche sache
621 2863 1563 3002 nit verkouffte, sunders gedüter Grunre
618 2913 1536 3126 Uber getane bestandtnuß hat erwändter
589 2997 1542 3204 Jacob Ulrich gebätten, mein gnedigh
596 3038 1547 3237 woltind imme nur noch ein gnad erwyse
591 3090 1540 3315 dan nach derselben er vernerst vnthadt er
588 3182 1500 3384 griffen wurde, sy nun alß das onne vor
586 3248 1449 3478 gnad zum läbber greiffts soltindt.
392 3333 1483 3597 Ist den 24. nob 1652 6 monat lang widerumb ins sy
401 3382 1525 3653 erkent und soll darnach noch vernerer erkantens
449 3618 626 3718 warten.
2723 282 2800 358 66.
1940 353 2596 500 Hishanß Bruner
1747 450 2675 628 ach dem der vorangedüte Rulaus
1766 520 2800 688 Bruner ungefarlich 18 oder 2d jario
1775 568 2812 730 alters deß vor etwaß jahren alhie ußgenumen
1777 626 2758 788 derte Bappistischer Elia Gruners deß
1764 682 2791 854 Buchbinderß sohn, auch angehördt, vnndt
1776 741 2792 897 über den mit Jacob Ulrich getanen ynbruch
1766 803 2782 955 In hro kochen vogtskinderer summerhuß
1766 872 2777 1008 examiniert worden. Hat er bekendt, daß
1762 930 2763 1082 war er angedüten yubruch mit imme Ulrich
1757 1020 2834 1153 helffen thun. EEß syge aber uß anwyß undt
1753 1080 2822 1211 verfürung gesagts Ulrichs beschächen ohne
1770 1145 2713 1276 welichen er in sölch faster nit gerahlen
1761 1216 2689 1336 wäre, da nur nit dran gedacht hette.
1720 1282 2766 1418 vor welichem und anderem mehr er sich fürs
1758 1359 2786 1471 künfftig hättes und gezundt anzeigen wölle.
1753 1421 2265 1552 waß sy endtfrömbdet.
1767 1551 2397 1680 1. jünig syppen blatten
1752 1639 1975 1745 Bänli
1764 1727 2386 1876 möschenen kerzenstock
1769 1837 2815 1981 dohet kleine blätli, so 7 2 pfundt gewogen.
1762 1920 2729 2056 und dem Keßler by hrr. Martinshuß ver
1760 2001 2050 2079 kaufft worden.
1741 2053 2771 2188 4. Dohet andere kleine blättli, die sy auch ver
1756 2123 1916 2208 hmelc
1777 2142 2501 2283 klein zinigs fläschti ane streubet.
1756 2207 2774 2387 u. Erin häfen und etwaß läders, welches sy
1774 2317 2767 2451 In den schwyntall daselbst verborgen gehabt
1735 2364 2290 2472 zuen aber enzog worden.
1725 2439 2758 2601 Item Ein newe Schofreten, so vmb 1. f. ver¬
1742 2530 2052 2621 kaufft worden.
2231 2566 2297 2654 9.
1691 2603 2768 2754 Bidtes ir gt ganz trungenlich umb gnad und
1743 2697 2814 2839 verschonung synes der herr doctoren alhie für
1734 2749 2786 2893 geben nach vergiffeten Brancknen, vnd arbeit¬
1759 2799 2765 2966 älig eybs darumb er bereics einmal und
1749 2878 2793 3017 von eines beinbruchswagen noch ein andermal
1734 2918 2434 3080 In dero insul curiert worden
1740 2978 1968 3070 itsupea.
2483 2980 2729 3085 Attum
1634 3043 2800 3239 e Dise sachen habe zwar er verkaufft, Es habe aber
1753 3130 2804 3318 dio gespan Ulrich inne mit gferden undt listigen worten
1732 3182 2822 3358 dahin vermögen und beredt namlich, wyl man zun
1736 3248 2798 3429 krüne, so sölle er druner söliches thun undt verkaufft
1567 3258 2771 3491 Dser gruner wnwol er alhie geboren und erzogen) soll uf eine
1609 3374 2813 3560 gute ceesuledig gelaßen und mit gutem ernste ußem landt
1590 3418 2802 3634 seinen vatter nach gewisen werden als ain frd  fen
2474 3574 2821 3672 24. oembris 638
