3024 4032
755 146 1255 352 Lanid perod
951 288 1210 396 vorbemelt.
623 228 1528 536 Vortentmninen
651 344 1538 613 ven sane n
643 418 1562 664 umbstendtlich und mit der marten examinien
658 482 1556 714 worden, der hat auch frywillig und nit
663 550 1549 766 eüwen bekent, in gegenne hro uats
661 608 1557 837 g rhuts und hrr amman Stürles se
631 696 1561 933 fridrichs vnd antername und deß ir deß
658 745 1131 868 auch etlicher weiblen.
604 822 1541 1029 erstlich, das das hieuorgedachte Thier
653 893 1523 1103 oder sleiemen imme von seiner gefangen
621 951 1529 1148 Boser Ester jo seinem huß zu Türbn ans
646 1036 1519 1225 traget worden sye, darumb er etlich
635 1105 1395 1274 konen geben, aber nüt empff.
596 1167 1517 1377 Dene so habe gedüte seine basen imme auch
594 1258 1519 1424 zu disem verbruchten diebstal anlaß geben
623 1329 1559 1486 und imme vermeldet, das in dem geöffneten
634 1395 1560 1557 trog vill gold und gelt sye, Darumb den
614 1480 1532 1617 sy zu verbringung dises diebstahls an dem
626 1538 1498 1688 Matten nachts by einen gwüßen imme nit
634 1603 1510 1739 bekanten fr einen Londen anzündet
628 1683 1514 1829 welchen sie neben schwebel holtzlenen s.
629 1745 1540 1901 borgen und under dem fürtuch dv getragen
622 1814 1508 1960 vnd wie sie hieuor bekent, hinden vff
635 1884 1505 2026 einer leiteren hinyn gestigen und den
616 1960 1514 2082 frag nach iren verzeigung yngelechet,
587 2049 1508 2161 Da zwar zu erst gedachte seine Bosen zre
600 2118 1498 2239 hand hinyn gestreckt, alß aber sie das
602 2185 1518 2305 schloß nit öffnen können, habe er sich dar
604 2241 1537 2386 hin gethan den diebstal in den sack gethn
603 2333 1521 2462 die gebruchte leüteren an ir grtt gestelt,
612 2405 1521 2540 undt sich biß gegen tag voruß der kanbenin
595 2485 1502 2624 gehein enthalten und volgents nach hiß
600 2559 1499 2694 gangen, mit dem diebstahl, da dann
591 2630 1478 2764 sein basen imme benolch die sach zeuer
901 2702 1522 2829 Wie wol aber imme eigenlich
568 2757 783 2873 kauff.
591 2773 1515 2934 nit bewußt, wie vill und was fürstuk
552 2850 1484 3047 verhanden gsy, so wolle jedoch er Mlcis¬
561 2927 1505 3109 cieren, was imne nach in gedechtens sye.
541 3087 780 3184 Namlich.
606 3132 1035 3269 groß hich Bach
586 3179 1355 3375 großen bech mit einem teckel
2664 219 2762 303 81.
1666 328 2741 511 Wiewol aber er fürgebüer maßen, nit angeben
1704 399 2772 565 können, wie vill und was für stulte eigen
1722 458 2718 618 tlich enttragen worden. Hast jedoch er an
1715 509 2718 719 gezeigt, wo das ein und ander hin verkauffen
1700 581 2628 749 und noch vorhand, so imme in wüße sye
1689 668 2729 843 erstlich sye an silbergschiwr verhanden gsti,
1708 739 2680 909 In einer gneicht. Namlich 12 pfundt.
1696 860 2424 1009 Darnach in dem ysigen Trögli
1711 982 1903 1087 2. jy.
1983 979 2253 1104 Ducate.
1711 1034 2005 1154 i emhache
1736 1099 2150 1222 silber  vndt
1723 1201 1993 1302 etlich Rieg
1713 1269 2113 1388 ei fischier sing.
1722 1355 1962 1477 Kleinod
1728 1408 2605 1553 mit silber yngefaßten Crottstein.
1728 1509 2037 1628 ei hutschmür
1712 1590 2773 1714 1. Gebreisch überschribnes vergültes silberst
1712 1675 2291 1801 n uund brun eelsteinen
1703 1767 2061 1859 kollen undt.
1715 1853 1924 1957 1 sigel.
1696 1945 2369 2074 daruon habe er verkaufft
1610 2013 1881 2130 Erstlich
1630 2103 2400 2223 Marthi Besenwald zu Solothur
1709 2185 2201 2293 1 großen hochen Bäch.
1715 2251 2714 2376 1. Großen bech mit einem teckel. das lod
1714 2309 2064 2454 4 t bracht
2484 2379 2659 2468 45 7.
1681 2458 2619 2581 Dem hrrn Wydnauwer zu Nüwenburg
1713 2538 1779 2621 1.
1795 2537 2418 2664 eergëlts känli  13 bz.
1730 2606 2324 2717 1. silberin Schüßlen und
1723 2690 2243 2816 1Hochen bech bacht
2496 2683 2675 2814 1 b
2319 2740 2362 2822 E
1720 2771 2552 2903 daran sye er imme zwar 205 schuldig
1692 2835 2532 2963 vbliben, sein Bosen Ester aber habe
1714 2904 2637 3038 sie bezogen wegen deß Cappen lehrlohls.
1683 2969 2627 3114 Item i hochen bäch mit einem teibel so
1729 3074 2343 3181 en wappen gehabt, sambt
2508 3128 2652 3229 275.
1720 3134 2280 3254 in Tischbächer per.
