3024 4032
677 216 822 334 165
601 326 1258 549 Redoff Es en
384 436 1390 722 Diser ist wegen anklagter nothzwang gegen
411 524 1389 746 der müllerin zu N. erstlich im loch alhie
400 597 1384 814 verhafftet gsin und hernach uff vorschut
373 683 1345 869 seinethals beschechne retaon, In die oberen
398 749 1408 969 gfangenscht gesetzt, Aber vff sein knemen
412 822 1393 1024 nit verrichteten, zwar im willen gehabten
405 901 1398 1114 hat und empfangnen bericht, das er selbs
402 977 1361 1172 bekenter maßen domahlen sehr truncken
390 1059 1402 1261 gsin, der pfangenschafft ledig, vndt eidtlich
400 1139 1406 1307 von ir d stett und landt gzwisen worden.
375 1220 1038 1364 Acte 7. febru 1651.
449 1426 1216 1601 Peter Bräniher von Schötz
592 1534 1047 1644 Lucerner gebrts.
244 1673 1368 1831 achdem die Ehrbarkeit zu Langnauw, luth
388 1789 1340 1899 E2 g von dero ambtman zu Trachselwaldt
389 1860 1348 1969 ynkommeen bericht Schreibens) verspürt, das
395 1935 1375 2055 an der thür deß gwelbs, darinn sie ires Reiß
378 2002 1314 2117 gelt hat ein gwüß bluch abgebrochen undt
380 2074 1347 2203 gantz süberlich widerumb angemacht, deß-
383 2161 1348 2280 wegen anlaß genomen wacht vff den, oder
358 2233 1374 2369 die gezeigten dieben, gestellen, Hat sich druben
372 2307 1335 2428 præesentiert und diebischer wyß yngestelt, ein
363 2381 1381 2512 gerüßer starcker biß in 50 odermehr alter
362 2455 1306 2584 mann namens Peter Brönicher von Schötz,
350 2523 1336 2634 Vnceaner gebets, Der also bald von den
370 2585 1344 2744 gedit bestelt geweseen wächteren gfangen
368 2659 1358 2817 genommen, dero ambtman zu 2 nachßelwol
1276 2725 1335 2764 wo
370 2735 1325 2908 zugeführt, dasälbst tocturiert und nach
372 2811 1340 2966 nach beschribner gethanen bekantns uß hoch
359 2870 1309 3045 gmant Er aß beuelch allar geschaffet
888 2954 952 3002 n
348 2921 1344 3117 und uff gitt uß Ir 9 buelch ernstwörtig,
370 3009 1355 3223 auch fynlich uff der brachen examiniert,
352 3070 1343 3258 und torturiert worden. Der hat nun ih
401 3145 1358 3335 faltiger bestätigung der zu 2achstel
369 3236 1358 3437 waldt gethanen vergaht, in bysyn under
1428 2443 1501 2589 d
2488 254 2577 348 9.
1834 325 2024 412 1681.
1593 325 2598 562 gegenwürtigkeit der hochgeachten ehren.
1599 405 2588 626 vnsten, E. E. f. vnnd wolwysen Herren hin
1585 470 2624 695 Nielaus Lambachs deß kleinen. Hern Johans
1582 553 2554 744 W�rgs im Hoff deß großen khorts gri
1579 602 2587 813 Großweibel escharners und etlichen irg
1599 659 2607 884 wiblen bekent.  Ir Pnferia Sdießaach
1548 729 2507 982 Wennach vor etwas seits einen gwüßen
1578 831 2559 1017 kauffman zu Müllhusen gsechen eine nom
1632 894 2527 1063 haffte Summan gelts zellen, vnd In die
1562 954 2562 1139 Faden Trucken verschließen, Habe er
1630 996 2609 1215 solches zerauben, sich In das Huß Verschlag
1607 1084 2614 1271 vnd sye zu nacht vber den Laden, vndt
1604 1163 2551 1342 schubtrucken gebrochen, Wyl aber er
1624 1242 2496 1382 nit wegen verschloßnen thors uß der
1602 1301 2559 1461 Statt kommen konnen, Sye er morndens
1624 1384 2500 1538 by den ther also bald erwütscht undt
1615 1466 2555 1592 ime das gestolne gelt widerumb abge
1627 1528 2591 1656 conder. Erzur straff an das Halßysen
1611 1600 2613 1730 gelt und drüberendtlich von dero statt
1605 1670 2605 1807 und landt verwisen worden. Mit vermeld
1584 1746 2618 1881 das erent wüßen möge, wie seill gelt, ob es
1628 1807 2531 1936 100 oder 200g gsin sye, Wyß er es nit
1620 1884 1893 2010 gehalt habe.
1572 1991 2586 2106 Ebner maßen habe er vor wenig wuch
1597 2058 2607 2156 zu Solothurn einem kauffman nechst bim roht
1616 2119 2557 2231 ihnen, so allerhand spereri und andere
1610 2182 2576 2298 wahren gehabt, yngebrochen, Sye aber gleiche
1600 2252 2555 2365 am ob der that erdoppet und wegen diser
1612 2315 2582 2434 mißhandlung ußgeschmeitzt und eidtliche verwihen
1609 2393 2592 2505 worden. Habe imme aber solche abstraff
1601 2451 2566 2573 ung nit anderer gstalten zur wahrenung
1609 2528 2603 2641 Innen laßen, dann das Er vff solche mißlnungte
1597 2583 2530 2698 ynbrüch sich gelüsten laßen, seine angehebte
1567 2664 2555 2770 diebery Verners zetrobieren, vnd daruff
1553 2723 2542 2829 zu Langnauw versucht in selbigen kirchen.
1615 2793 2496 2913 thuen zebrächen und selbiges reißgelt
1582 2866 2521 2985 zeentfrömbden, zu welichem end er under-
1582 2940 2525 3056 schidenliche mahl hand angelegt, vnd etliche
1593 3010 2530 3109 tag, vnd nacht sich zwüschen den 2ahren ver¬
1574 3064 2511 3202 schloßen gehalten, und wißß er nüt wurcklichs
1593 3141 2523 3256 ußrichten können esoederbares Ins zunert,
1568 3198 2487 3313 namlich ein müterli oder schlüßel wor die
