3024 4032
559 1982 648 2126 S
617 267 1641 574 uen dteen
655 344 1601 596 Ds by disen schwürigen keüffen und kurerm
683 406 1628 671 vnderthanen vngeburlicher meineidige
695 504 1602 720 weiß erzeigend ungehorsamme, rebellion
682 543 1503 759 vndd thutliche offposition gegen Iren
682 632 1602 862 von gott gegebnen l verkeit, auch der
675 706 1618 958 und thunen fast ein gleiches wider sie füe
676 790 1595 1048 und die pfrichtigen und trünen uff
687 887 1612 1121 wicklen understan wöllind e habend hah
682 964 1573 1176 gedacht mühle bewolchen uf dergleichen
684 1045 1597 1254 ufwigklen und Rebellln, nacht vnd
654 1125 1578 1322 Im fahl hörens ynzüchen und darnach
674 1217 1593 1389 examunieren ze laßen. So dann auch beschechen
681 1301 1600 1467 und sind uf hatt so b amport er g
670 1378 1567 1521 mittrhat, irn Hans Stattlen undt
645 1442 1597 1619 der ir Goßw in der kef examiiet
668 1523 1572 1704 und zur bekantnus bacht worden.
677 1611 1079 1720 wie volgelt.
858 1748 1397 1909 Stisten Bieggeli
772 1841 1561 1994 vf der guren Im Landt Buggiscp
687 1971 1567 2122 achden er gfragt worden, wo rumb er
671 2064 1555 2182 em jrn Goßw gredt, wo der knechte
658 2128 1575 2252 sye, der da unrechtmeßig sye hanf in die
676 2205 1549 2337 gefangens s than worden Hat erge
671 2270 1558 2394 antwortet, daß zwar er solche wort
660 2337 1573 2455 Dun irn Großw gredt, Aler bester mein
609 2411 1586 2551 Jung und uß geheiß gedicks beracht gnt
632 2479 1555 2630 Casfar, der imme dabey vermeldet, daß
669 2550 1559 2686 erung von einer lychtfertig sache
650 2669 934 2789 fang sye.
916 2882 1405 3050 hristen pfander.
625 2977 1543 3191 Christen pfander ein khüeyer und sonste
672 3049 1544 3251 ein frecheruppiger gsell s wie bericht
665 3138 1406 3350 geben worden) purtig von Blu
665 3161 1558 3385 attr endtlich uf erschynen haß von Werte
2752 235 2847 319 96.
1747 300 2778 490 deß wirts zum schützen und deßselben vor
1760 379 2802 542 imme gegebnes zügsamme, darumb noch gehügen
1767 448 2820 600 wüssindt der herr von Rychenbach, ir Nielans
1752 498 2802 675 vos Erlach und schryber Holtzern bekendte
1733 567 2725 741 daß er zu Schützin uff der ehrenden
1737 614 2820 802 esselsch zu Rielans Obischer und Wilhel
1733 707 2766 860 Webern beid von Arberg mit denen er
1761 735 2833 933 alß bekandt, von gehabt diensts weg daselbst
1767 800 2832 989 mn oder anderthalben mas wyd getrunken
1747 909 2784 1064 gredt, daß ein hohe oberkeit deß
2478 965 2819 1078 Darumb aber
1677 998 2345 1144 Kregs en Ursach seye.
1765 1044 2808 1213 werindt deß wirts zugsame nach, be-
1767 1103 2835 1253 melte heren uzüger von Arberg und
1754 1192 2798 1344 vbrige Arey herrn Burgr zeuornemen.
1892 1417 2582 1606 Rridenrich didter
1822 1551 2586 1661 von sant Strphen. und
1728 1600 2755 1783 Heinrich Keller daselbst
1626 1749 2769 1892 Feidenrich dridter von St. Stephan hatt
1717 1854 2716 1950 zwar bekendt, daß er mit Heinrich
1700 1912 2790 2028 Keller seinem nachbuueren sich alhar begeben,
1731 1998 2668 2124 und uf anhalten syn kellers, so wol bin
1728 2069 2742 2171 uenderen alß Golotamatlgaßenahar
1750 2154 2773 2279 alhie dem Statthalter Jegg von Buhte
1738 2225 2800 2359 nechstnerschimen zinstags nachfrag helffen.
1718 2306 2754 2423 er aber habe mit imme nitz it zethun.
1747 2375 2728 2504 sonders ein ansprach an dem pronose
1723 2439 2796 2577 Jacob Im Hoff, luth fürgewisnn geduls
1732 2519 2687 2644 wecen mueß Imme vor eillich Jahre
1719 2590 2784 2712 verkonfften Rindts, Syin gspan Keller
1717 2669 2727 2784 aber gwalt und beuelch gehabt
1714 2733 2766 2859 vonn aubtman Jonnik gwisser
1707 2800 2796 2931 obligaon oder gschrifften halb ze handlen
1705 2875 2758 3002 Doch aber habe er gesagt en synen gspand
1702 2961 2769 3078 verlaßen und ime fürgeben by ermelten
1711 3024 2321 3139 haff inne zuwarten.
