3024 4032
310 1970 412 2096 A
554 223 1367 468 elghrnd
543 296 1501 590 asig ngg
555 370 1466 620 minder gefahr ynzebrethen. Die frad
555 431 1460 687 aber habind sy in die kemner geworffen
563 494 1475 746 und sye syn gespan hernach und schon von
558 555 1470 809 9. jahres zu Solothner ynbrochen, aber vn
557 637 1469 881 einer in einem ofen gelägner magt enteelen
511 701 1468 943 Drüber gfangen genommen hingerichtet.
523 771 1049 918 Er aber entflochen.
490 882 1489 1120 Item vor 7 jahren habe en mit einen m
497 986 1479 1182 Zwüschen Baden und Zürich by einem nuues
508 1024 1481 1249 loster einen multryber ermürdet, byweln
542 1109 1474 1306 hem er 6 duben funden, des er hernach zn bi
513 1151 1478 1357 küß geworffen, wie vill müllther aber
535 1223 1463 1420 er getriben und wir das gedüte closter
541 1322 1480 1501 und nechste dorff, da er dise leidigen morthe
530 1379 1395 1563 begangen, heiße, möge er nit wüßen.
469 1465 1451 1676 Bleicher gestalt vor 5 jahren mit hilff
521 1575 1437 1723 2. anderen gespanen, so Hans und Prter
521 1647 1441 1776 geheißen, da der einte uß Burgund undt
509 1705 1436 1836 Der andere von Mümpelgart pürtig, in einen
503 1773 1468 1903 Buchwald bim closter hinder murten, einsite
490 1861 1455 1992 zwungen, hernach ermordet und daselbst s
508 1916 913 2041 waldlig laßen.
474 1985 814 2099 Ensia fr
491 2046 1470 2158 seine vor 4 jahren in einem wald by 5. asr
512 2107 1460 2228 lite in Burgund zur zeit mitter fasten o
512 2176 1436 2283 er auch einen mann mit einer pistal erschoßen.
506 2238 1462 2359 und by imme 3 duben und 4 bysantzer selln
502 2312 711 2411 fanden.
435 2404 1458 2542 Merners auch vor 4 jahren mit zu thun unds
501 2483 1453 2625 hilff eines frantzosen und eines flammandts
500 2552 1446 2681 so zu Camberg in sanog zusamen konen,
464 2610 1449 2762 und hernach ein anwer zu Lanhanna verlasen
494 2678 1438 2822 einen handtwereks gsell von Zürich sy
486 2746 1433 2909 nes vermeinens sye es ein schmid gewassen,
464 2805 1446 2950 by deuff umbs läben gebracht undt ernndt
446 2888 1343 3063 by dem sy 11 r Schwytzergelt funden
403 3002 1438 3218 Etem habe er mit hilff eines gewüßen geshen
461 3076 1430 3275 so eines mantel gehabt zwüschen straßha
451 3128 1404 3323 vnd Benvelden vfem wyten vnld gegen Ehr
449 3201 1396 3396 stein, einen siechts mit einem meßer umb
430 3258 1392 3483 läben bracht, sy dem sy 9 straßburger
1529 1730 1603 1860 .
2617 290 2691 365 61
1679 367 2691 551 3. batzler und etlich pfennig funden. Den han
1677 459 2550 595 bind sy hernach in einen sonn geworfen
1677 535 2695 710 so habe er auch einen casuiciner helffen umb
1598 668 1790 762 Eblingn
1596 690 2614 846 Mehr habe er vor 3 Jahren zwüschen
1671 755 2646 880 pfingsten und Csteren zwüschet Bysantz
1660 810 2695 927 und doll einen schuler mit deme er unge
1650 874 2649 987 fard 2 stund gegen doll gangen in einem
1638 932 2631 1055 Wald hinderucks mit einem mes erstochen,
1650 1000 2685 1096 und umbbracht, von welichem er 11 frau.
1653 1053 2370 1195 ceg bysantzer gelt bekommen.
1598 1187 2654 1302 Byters vor 3 jahren habind er und ein
1666 1261 2688 1377 gewüßer so zuuon geheißen, ein 15 jühri.
1655 1306 2655 1448 ges meitli, so eines abgestorbnen roßhei
1664 1390 2657 1500 hers toch tür by Frauw vmbher gewesen,
1670 1464 2677 1579 nachdem sy zuuor zu Heieri pperg über
1583 1475 1657 1580 8
1656 1535 2661 1640 nacht gelegen, In einem holtz geden urberg
1665 1603 2652 1722 noth zwung, hernach ermurdt, vndt da
1655 1678 1991 1798 selbstlig laßen.
1622 1753 1815 1844 ademfra.
1635 1791 2590 1919 Deme habe er auch im nechst vergangenen
1592 1869 2626 1976 Augusto, die jenige jetzund gegen ime con.
1648 1944 2680 2050 frontieste fr wellen noch zwengen, vndt
1619 1998 2648 2127 darnach mit dem in seinem sack gehabt unß
1654 2076 1876 2158 ermürden.
1583 2143 2609 2307 Wie zugleich auch den gegen imme gestelten
1646 2251 2659 2374 Trtschen metzger, zu welchem er bereits bim
1638 2318 2608 2427 beinhuß in gemelte monat Augus tie mit
1621 2394 2602 2516 sener vrugken geschlagen, und Inne dahin
1603 2474 2597 2597 zwing wollen, daß er imme die gesagte etc.
1635 2539 2551 2645 lohrne dubten am herdt such solte, imme
1594 2605 2608 2744 Daruf desto fäglichen den hfuß hemachen.
1563 2744 2568 2868 zu Buchßeten im Solotharner gebiet habind
1597 2828 2616 2936 Er, vnd 4 gespanen vor vngefahr 8 Jahren
1634 2882 2611 3003 einen spycher geöffnet, vill spück gewandte
1629 2949 2569 3058 und ander guy darub genomen, welches
1635 3024 2616 3138 alles sy uf die alpp getragen, teilsh daselbst
1625 3078 2552 3187 verbrucht und seilse verkaufft. Gedate
1603 3162 2600 3260 despanen aber sye nun mehr eintnedts im friegen
1618 3208 2601 3315 umbkommen oder aber umb irer mißhandlung
1624 3272 2184 3369 willen hingerichtet worden
