3024 4032
775 197 1479 466 Pter Mee e
581 281 1447 556 Aar ashege
522 375 1311 565 bwisen. Den 8 tn junii 1652
790 543 1370 726 Ebets Cratilt
995 662 1271 762 von fmeltz
518 613 1510 866 se auch gedüten tags von deß 3ten fühle
543 701 1408 914 wegen von ngheren stett und kanden
620 796 833 896 worden.
1401 832 1534 960 Grs
786 953 1354 1141 Rdeff Laderas
969 1074 1238 1168 von Worb.
471 1086 1505 1323 Diser ist darumb gefencklich ynzagen worden,
606 1171 1521 1383 wiß er diser tagen 2 schaff ohne köpf ahn
595 1262 1487 1400 In die stattbracht und verkauffen wöllen.
590 1342 1505 1504 und deßhalb, weyß er sonst in sehr bösen .
595 1417 1443 1555 decht für gstolen gutt gehalten worden.
563 1473 1509 1641 Darumb ist er frytags den 11. junii 1692
603 1553 1517 1697 In strecke thurn examiniert worden und
592 1626 887 1718 hat bekent:
571 1698 1510 1842 Wie daß er wegen seiner und sein 5 kleinen nd
582 1772 1503 1901 großen hängers nh, zwar dise 2 schaff
596 1839 1481 1959 1. Im Wiliboder und 1 im mentz bodten
584 1926 1495 2041 vor tag uß den stallen genommen und zwe
579 1987 1495 2104 selbige hebendig alhar In Statt fuhren, vndt
560 2066 1468 2187 vrauffen wöllen, wys aber sie nit gefen
570 2141 1479 2266 wöllen, und es bereit angehebt zu tag,
514 2218 1485 2359 habe ir selbige tödt, ußgnag, denselbigen
571 2304 1500 2447 die köpf abgehwreben und sie volgents ahr
543 2400 1498 2541 fill getragen. Und habe gwar sein fr
558 2489 1476 2623 imme geholffen sölche alhar tragen, aber
568 2570 1399 2722 nit gewüßt, das er sie entfrömbdet.
512 2647 1482 2830 Gor einen jiehr dann habe er zwar auch zu
538 2744 1488 2892 Rychigen ein schaff uß einer weid gneden,
540 2818 1480 2985 nr selbiges alhar biß uf den Stalding
535 2879 1489 3104 führt, sich aber deß beßeren besint und
528 2956 1486 3162 selbiges widerumb an das ortt wo er
502 3100 1008 3239 nommen geführt.
517 3114 1481 3337 r übrigen habe er mit tners üibers geth
526 3215 1461 3438 Ist 2 mahl lähr und 1 mahl mit dem
458 3321 1088 3495 stin ufzeg worden.
1163 3343 1444 3485 3 von Erlech
501 3388 1174 3617 Hgrnn pr ades h b
2619 304 2703 399 48.
1621 357 2698 521 diser vorbeschribe schaffdieb ist uf 3 monat
1644 437 2643 569 uns schalleuwerw erkent. Den 12. junii
1659 530 1790 626 o
1773 589 2219 743 Jaggi Marthe
1628 662 2688 821 der schlind zu frauwenbrunnen ist von deß
1658 741 2700 883 gten fächlers wig von statt und endt endtsich
1652 806 2415 956 dieisen des 2t juni 1652.
1699 939 2226 1107 Auni anis
1590 1078 2610 1233 Imnach die droben verhaffte Amii Auis
1654 1161 2643 1277 bürtig In der winterhalden by Toffingen in
1656 1206 2644 1338 grobes 40 jährigen weib uß hegwohl bei
1660 1282 2670 1422 gangnen diebstahls, den 5t diß Monats alhie
1644 1353 2652 1491 gfengklich angenommen, und budlichen worden
1628 1435 2666 1564 sie ernstwörtig ze examinieren. Ist sölchem
1610 1483 2606 1614 uf hatt den 24. Junii durch dee wol elen
1614 1564 2700 1700 bestrengen etc. Herken ger Sigmundt von Glag
1619 1638 2694 1769 deß kleinen und hrr gabriel Wyß deß großen
1630 1715 2727 1827 Rhats, auch serr Großw von Wättenweil undt
1660 1779 2694 1910 etlichen in g weiblen statt und volg beschehen.
1624 1841 2660 1950 Die hart nun nach langem varieren bekent:
1621 1934 2682 2041 Daß vor 3 jahren sie kundtsamme einacht nit
1660 1984 2715 2096 einer gwüßen jetzend im land umbherstreihen.
1637 2048 2723 2174 by Leützburg bürdig frauw, welche sie maria
1652 2116 2700 2242 namse, die sie alsie In der stattl gemelt tags
1627 2186 2697 2302 In eidem Keller halß antroffen, das sie ernnck
1633 2264 2694 2378 und ira auch etliche gleßli voll geben, da
1652 2327 2701 2449 rumb dann sie auch in Erdteli zalt, by welicher
1637 2401 2700 2514 gegenheit dann die gedüte Mariar ira ange-
1648 2472 2666 2594 mutet, das sie nit tragahn solle, vor der
1612 2530 2671 2656 statt ußen etwas zägs abzeholen, welchem
1638 2614 2638 2730 war sie sich widersetzt, vnd vermeldet, Mann
1609 2677 2664 2803 komme dardurch In unglegenheit, wyß aber
1621 2754 2689 2875 Sie es ira ußgereden, vndt anseigt die glegen.
2143 2829 2262 2878 wo
1630 2828 2694 2939 heit deßorts sye jravill zu bekant, da
1640 2892 2629 3010 habe sie sich dasy leidr bereden laßen, sygind
1651 2960 2634 3067 also mit einanderen von ein anden gangen
1623 3030 2673 3154 und ußen thalb dem Stalch Brunnan wid zu
1632 3088 2658 3187 sameen kommen, da sie die gemelte maria In
1599 3156 2671 3286 einem gwüßen gäßli heißen worden, sie mar
