3024 4032
534 152 1413 416 Ver dalen lldise
547 284 1437 493 darab er sich erbruchen müesen, zeeßen
565 348 1454 559 geben worden were. Daruf dan s
568 415 1450 626 also bald geschloßen, daß neben den
540 471 1486 719 ihra gegebnen gisft sie dis lablieh
584 549 1480 780 auch werdindt zu einen mittel zuge
552 627 1477 846 haben dem sohn zeüergeben, wölches ihre
557 717 1472 939 ursach gegeben die sach zeossenbehre
804 877 1203 993 onfrontaon.
559 1026 1456 1244 lachden vorgeschriben der Bundtispergen
559 1108 1465 1294 und ihres mans gethane bekandtnuß und
541 1162 1478 1350 mr Marthi Müllers deß rüchsensch mits
541 1222 1474 1445 fen gegebner brichte vf Zeut den 8. tg Julii
549 1308 1480 1492 vor e g abgehördt und drüber erkenn
553 1411 1465 1587 worden, daß gedeüte persohnen gegen
548 1486 1458 1625 einandern söllindt controntiert
544 1528 1461 1704 und angehördt werden. Ist solch eie
527 1626 1436 1788 oben daß gemelten tags in bysyn
487 1702 1463 1845 deß verordneten herren examinatar
519 1771 1461 1915 Hrr landtvogt Steigers, und Hr lan¬
542 1846 1471 1997 mocht Schmaltzen volg beschehen, da
497 1933 1460 2057 dan deß Bundtispergers er by ihre
529 2023 1450 2143 anclag mr Marthi Müllers fr
506 2099 1460 2213 das auch by ihrer resoluierten ent
1372 2176 1453 2258 und
527 2159 1368 2271 schuldigung vnabgeichen verbliben
484 2226 1459 2343 Marti M�llens fr gantz unschuldig sein und nith
521 2296 1464 2407 wöllen, das sie syd zu einichem ragetli angeneisen wolen
510 2346 1411 2451 habe sie daß Rnütisprags fl vermeldet, das geeüte h
510 2393 1451 2505 die glagt das och nit schadt, wan schon der gilfink auf
858 2461 1243 2553 lli ehr wue.
622 2485 1315 2671 ofgenomner bricht
444 2627 1429 2774 Wylen dan einelich auch gut und noth
512 2730 1441 2857 wendig befunden, Nachzeforschen, wed
506 2781 1438 2942 fürbrachter maßen, es hergangen, alß
473 2849 1437 3023 deß Gundtispergers fr uß kleinmat
470 2910 1439 3109 ihra selbs ein mester an die bruß gse
476 3020 1411 3177 Item sich in er gl hrre schuldthesen von
480 3075 1364 3246 Grassenvirs Sall verberoche
456 3103 1440 3331 und was domalen sonsen mit verzwyßten
2576 261 2693 349 54
1626 315 2617 474 worten und werken verlaffen, alß
1627 375 2662 536 sidt zu selbigen end nachvolgende persohnen
1601 478 2025 616 verhördt worden.
1611 513 2656 717 Sabina Bourgavis vermeldet, nachdem
1618 631 2670 761 an sambstabh nechst vor jüngst vergangnen
1621 667 2666 839 falmtag deß Gnndtisperchers fr so ir
1620 733 2680 898 undt uf dem arm getragen in ir stuben
1614 819 2620 973 kommen. Habe sie gedrüt wr undt Zornicher
1608 880 2628 1048 wyß nebendt sich gesetzt oder vilmehr ge-
1629 937 2642 1105 worffen und uß unmut und widerwillen
1617 994 2645 1193 gebrunlet, daß man ihra von gifft für
1603 1099 2628 1239 gehalten. Druf abem tisch ein meßer
1614 1145 2659 1325 gennden und ihra selbs daßelbige zwar
1594 1227 2614 1366 an die ernst gesetzt, Wylen aber sie
1597 1288 2661 1437 Zügin sich drüber geengstiget und gesprochen.
1606 1366 2658 1497 jedus, was machet jr cathary behnet
1619 1439 2649 1591 unß gott, habe sy das meßer wider
1583 1500 2632 1651 umb von sich geworffen und gespruchen.
1618 1577 2665 1697 es wäre kein wunder wan sie ettwas
1611 1645 2632 1785 thäte, das sy gott mit geheißen hatte
1618 1726 2625 1847 es syge umb sy geschechen, dan sy syge
1619 1789 2636 1926 nit warth daß sy lenger läbe Da-
1612 1855 2655 1997 ruf sy von Hnß Hinab in myhen schuldo
1601 1949 2663 2064 Hanßen von Graffenriedt Stall Els gelofn.
1613 2013 2634 2147 uß waß ursachen aber sölches bescheiken.
1627 2082 2640 2216 möge sie nit wüßen. Wol aber seye
1604 2175 2610 2303 ihro bekandt, daß sy in großem
1624 2258 2092 2375 mangets geläbt.
1582 2372 2594 2525 Heinrich Wägeli Hanß Kuntz und Jacob
1612 2471 2619 2571 Kuhn die rättelnachs alhie bezugendt
1594 2539 2633 2653 rachuen sie von er g hen schuldthaißen
1622 2601 2609 2719 ung Graffenriedt beschikt und drüber
1615 2664 2583 2780 beuelchnet worden, die sich in seinen stall
1625 2731 2615 2862 befindende mr Babeil Gnndtispergs
1620 2791 2620 2924 . Daselbst dannen hiuf in den Spittal
1596 2869 2601 3011 zeschaffen, vnd daruf dißem beuelh Statt
1609 2937 2577 3085 ihun wöllen, habindt sy die selbige in
1575 2994 2558 3150 dem stall gantz rahendt
1606 3037 2631 3217 ungestrem mit schumeteg mendt angebrden.
1583 3115 2603 3288 dlergestalten, daß sie daruß erachtet
