3024 4032
512 309 1464 562 Er zugs Inne darumb, vnd das er vbers
625 430 1483 636 wahrnug boß getruckt, refrehendiert
584 492 1498 708 beschulet, ds aber er sich nächtig entschuldiget
590 567 1464 747 und fürgewendt, das zwar er solche ab
618 645 1494 831 mahnung verstanden. aber nif vermeint, die
597 700 1479 893 sölche an ime abgangen sye, Sittenmahn
572 772 1473 956 er der geigr nit vor der scheiben gesehen.
579 854 1472 1018 das zeichen ordenlich geben und glütt
558 925 1179 1069 konne also disen nüt thun.
1277 985 1488 1111 Ir Vb
608 983 1487 1178 aber wüße er züg nit ze sachen, ob wnrt
579 1094 1483 1262 Hempeler glütet. Auch nit eigentlich, die
579 1170 1487 1358 der abgeleibte ober wanmist mit dem wysen
555 1254 1493 1427 Bemli by der schriben gsy syn verdommet,
605 1336 1474 1506 er habe kein hembdr wannist angehaben.
498 1522 1489 1683 Hans Dywi der geiger deß abgelybten gesper
539 1623 1474 1764 vseget, er wüße von disem jeürigen fahl
595 1691 1478 1821 anders nüt gereden, Alß, das wennn
598 1770 1454 1898 nit gehört hette, das sein gespag studers
593 1854 1469 1986 gerüfft hette. Spr Isun wurde er
577 1923 1482 2056 seinen nüt geachtet haben. Wyl er sonsten
586 2021 1439 2138 gnug by seinen scheibeg znachten gehabt
550 2101 1454 2229 Uber angedits todtsängstiges geschrey
574 2179 1414 2292 und verspürung deß leidigen allidentz
557 2261 1468 2388 Habe er gegen den ständen fürhin ein zeich
569 2325 1463 2477 geben und sich zu seinem tödtlich verlezten
572 2393 1474 2561 gespanen begeben, welcher uf dem beden
577 2486 1482 2656 gelegen und inne erbärmbklich angese
575 2540 1477 2729 ohne das er ein weort zu imme reden fra
533 2650 1472 2819 Er züg aben habe mit imme ein vatter
545 2726 1467 2899 unser bättet und sye der abgelybte ohn
557 2845 960 2978 wanest gewesen.
518 2929 1444 3142 annrel Schellhaummer der jüngr züget.
507 3036 1456 3223 Alß der gemelte Marti Gempeler geschößen
548 3114 1447 3323 sye meinkandts verhanden gse, der ufeihe
512 3193 1451 3412 Schutz gewahrtet, und habe er Gempeler
2492 294 2648 384 20.
1632 384 2645 577 ordenlich und nach der ordnung geschoßen und
1638 478 2609 650 gelütet. Es habe aber hiendr der frigen
1632 527 2600 719 by der gnderen schyben zeigt unnd
1646 582 2638 779 Wylen gesagter Gemppeller wolsobald Starck
1649 652 2648 826 geleüthet, das der zeigher drußen ime machte yn-
1638 697 2698 883 bildet haben. Ob selbe der schutz im dridten standt
1611 764 2702 946 darumb so starck gelüthet, daß er ihmme seinen gethang
1631 835 2684 1004 schutz zeigen solte, sich derwegen vos der gedeüt
1648 909 2666 1067 anderen zur druten oder freyschyben begeben
1530 970 2664 1137 unnd die zeig ruten angefangen anzehencken
1622 1033 2657 1227 daby disem zutrdt zu Danid Bruder so
1653 1101 2672 1276 necht nach imme gestanden, zu imme gesprochen,
1634 1174 2671 1344 mit nitß und inne ferdurch von disem
1649 1223 2694 1403 geferlichen schutz abhahten wellen ungracht
1620 1300 2685 1442 Deß aber seye der schutz abgangen und der
1632 1375 2707 1552 zeiger Studer also sbald drüber zu boden
1655 1459 2611 1630 gefallen. Er abgelybte zeiger aber
1634 1521 2687 1700 habe, domalen von wamnest angehabt.
1582 1690 2710 1853 Hhr. anthori Leibolet derjünger zuget
1659 1781 2661 1907 auch, er könne von diser leedigen unnd
1653 1845 2710 1975 truriden action anders mit zag, dan
1638 1918 2615 2036 da offt gesagter Gembeller nach der
1654 1984 2696 2100 landtlüthen art zimmlich lang im standt
1654 2066 2659 2200 gelyret unnd ob er glübet? wüße er
1657 2139 2650 2256 nit zezüg. Allein in dem 1ructo da
1651 2204 2699 2333 er zug umb etwaß hindersich gesechen, habe
1664 2281 2679 2406 eine imme unbekandte Persohn gsagt, Nit
1632 2352 2623 2452 Nit Marthi e uand seye in disem der
1672 2421 2717 2547 tödtliche schutz los gangen und der unglüken
1654 2494 2515 2628 hafftige zeiger drüber gefallen,
1924 2646 2192 2768 menento.
1665 2730 2621 2861 sy diser verhor halbe Hanß Lywi der
1662 2804 2671 2937 leiger clagendt fürgebracht, waßmaßen
1645 2862 2711 3011 Die jenigen so bereidts geschoßen, sich nit alsbald
1679 2943 2702 3068 nach der ordnng uß den stenden machindt
1650 3011 2693 3136 sonder erwarten wellindt biß ihnen der
1657 3085 2614 3230 schuti gezeigt worden, dannenhar sy j
1671 3152 2280 3276 gefahr gebracht werdindt.
1484 3170 2683 3371 Vylen sich dueh vfgenomme insormation erfunden, daß
1486 3261 2690 3423 verleidige thadtshutz hrs studers seh nit fürferrlich geschehen
1490 3310 2705 3484 soßweg für einen unfahl zwechnen, so solle deßweg deß shete
1496 3368 2729 3534 Shädters Marthi Gempellers alsie zu nachtheil seiner fhren mitt
1499 3429 2691 3593 acht syn sondern waß uügeschriben für cancelliert geachtet.
1495 3484 2623 3662 werden luth mahrn erkandttnus den 30 tag augusti eteobr1
