3024 4032
523 193 1434 467 Deres fe g
570 322 1449 539 bruelchlich angesechen, das er zu vnderschi¬
586 398 1406 605 liches mahles ernstwörtig und syn
595 479 1383 639 ex aminiert orden, Der ht nin
577 544 1415 728 und gegenwürtigkeit der edvo eten
568 605 1455 813 E. f. f. und wysen herren srn eron
581 690 1472 888 hormans deß kleinen Iro vernhart
571 774 1449 947 von Wattenweil Goßweibels undt
567 841 1477 1051 Jrg brath andwigs von Milenen deß g
550 914 1484 1126 Rhats, ausch etlicher ir g weiblen beket
565 1003 1494 1218 und verjächen, auch an der marder bestik
578 1086 1060 1229 get und erhalten
549 1175 1459 1353 erstlich, es sye leiden wahr, das vor
556 1267 1482 1432 jahr 6 wuchen unden uß und unfehr
581 1347 1485 1508 von der statt mit hilff zweyer gespargen.
572 1435 1456 1569 auch gehaltnen Compot, vnd einmutig ge¬
563 1497 1451 1627 faßter resotution, er einen gewandert
550 1568 1492 1714 jungen gandtwarcks gesell, ermördtn und
539 1651 1477 1806 umbgebracht. und wiewol der selbig geste
557 1740 1475 1859 dig und flächenlich mit versprechung alls
553 1823 1458 1958 seines geringen vermogens, vf den erst
545 1888 1458 2018 streich und angrifft umb verschonung seines
557 1977 1464 2103 läbens gebätten, habe jedoch sölche
544 2050 1474 2186 by inen kein statt vnd blatz funden, sodt
1389 2145 1474 2222 fiff.
550 2131 1377 2267 sygind zu volstrekung ires bösen
569 2212 1471 2358 ihen vorschlags und abrrd, mördeisch für
542 2303 1079 2446 gefahren wider iune.
528 2395 1423 2579 eine habe er nechst verschinnen serpfs
518 2515 1438 2651 dem jenigen kügen, welcher in hrn
509 2590 1446 2732 Dauid Rüngsmatten gewohnet, einen
533 2637 1433 2837 ehrigen hof entframbdet und
507 2730 1432 2902 denselben einem gewüßen keßler umb
516 2852 967 2983 5 lb verkaufft.
430 2920 1456 3158 tem habe er auch zur zeiten itwan für ein
492 2988 1417 3222 kacheten ruben und opß entfrömbdet.
1236 3107 1354 3211 be
2586 263 2671 350 43.
1642 326 2605 514 Über dis begangee und bekante, wider da y
1666 424 2582 593 gesazt gottes unnd der natur strytende
1692 470 2652 626 grusame unthaten, habend mnghe schs
1660 557 2611 703 Rhat und Brger diser loben statt Bern
1673 632 2666 795 uf iren eydt zu recht erkent und gesprochen,
1614 856 2608 1000 Daßer Jacob Büeler sölle dem nachricht
1670 915 2565 1045 übergebet, durch denselben auff eine
1667 973 2629 1118 schleipfn gebunden, Genuß auff genern
1675 1055 2688 1183 lihe rehtstat gefünt und immer daselbst
1669 1115 2604 1231 mit einem vnd syne glider zerstoß
1665 1177 2655 1297 demnach vollenß ime syn läben durf
1671 1223 2682 1363 den hartzstoß genomen und volgendts
1669 1310 2605 1414 des Capen auf ein undflaisten, den
1666 1374 2644 1500 selben in die höche richten und hiemit
1681 1442 2606 1551 inne Süeler nachkeiserlich und
1659 1515 2553 1653 diser loblichen befreiden stat B.
1678 1597 2608 1739 rechten alß ein morder vom loben
1665 1679 2269 1821 zum Thodd hinrichten.
1598 1771 2673 1899 Ist den 2. martii 1652 an imme erstattet
1560 1858 1850 1945 worden.
1801 2015 2320 2145 Elßbeth Rhn.
1852 2094 2311 2193 Von Schönenwentt
1789 2153 2091 2245 den 5tn marti
1690 2193 2348 2305 s ist zwar Elßbeth Ruhs von
1662 2263 2451 2361 deß den letst hingerichnen samb mi
1667 2334 2440 2422 hingericht Bulers ehefrl durch mit
1659 2377 2463 2492 Rhatsherr Tahrman und hrr Nielan
1659 2448 2499 2554 deß großen rhats auch hrn Großweiber
1666 2503 2549 2602 bysein etlichr weiblen, weiters ernstwo
1669 2558 2565 2671 und hernach aucf pynlich examiniert worde
2551 2628 2591 2690 1
1641 2627 2488 2730 Sy hat aber gan mit wyters alß sie be
1677 2686 2487 2785 gethan bekennet wöllen, ußert, daß
1682 2745 2473 2846 mit Heinrich Mauw von Oberwinter
1685 2809 2412 2913 einem müllerknecht, der jra
1629 2867 2406 2986 Strecke thur und aug gestelt
1681 2925 2403 3040 auch gem 2 mahl beischlich e
1669 2992 2420 3104 habe er solches nit effectal d
1673 3052 2329 3162 ist 1 mahl bühr und 1 mahl
1609 3113 2252 3223 10 lb stein ufzag werden
1597 3166 2328 3289 Ist den 6t martii 1612 ußgeschine
1596 3249 2291 3363 und mit dem nndt ghwisen worden
