3024 4032
574 251 1442 492 Die sich ungefar vor funf oder sohsde
580 338 1465 546 heimlich uff ire Büni in k duptis ge
589 406 1453 598 uffem kilchenfeldt begeben und alß sy
594 481 1473 654 der Nacht wegen gehapten kindtsween
593 541 1432 703 gerüffen und syn frouw zur ira kommen
583 611 1463 777 eines unzeitign Hhodtner kindes, so nochzei
594 671 1471 842 har auf dem höüptli gehabt und kenne
595 742 1469 906 lich daß geschlechts zuberkennen gewesen
586 805 1434 956 genäsen, welche unzytige früchen
580 871 1492 1036 er in einem trucken morgendts fruhauff
598 923 1483 1115 den kilchhoff getrag, darye aber sye
587 998 1466 1152 ergestigen, Ime thür aber widerum
587 1067 1480 1220 hinnß gangen, ohne daß etwar frömbder
583 1131 1464 1282 darby gewäsen. Darüberhin aber habe
590 1200 1461 1339 gedachten Stulki syner dienenn
583 1264 1473 1423 derlag berichtet in persohn über die murh
521 1401 1486 1565 Im übriger habe er necht verschinner herrf
572 1492 1467 1640 deß fr Danid Kings küner in desselben
578 1565 1468 1674 matter einer erinenhaffs entfrömbdet
570 1624 1456 1736 und denselbig einem keßler umb 5 lb
564 1687 1458 1802 verkoufft. Wyters aber haben
579 1759 1344 1887 sich mit unthatte nit vergriffen.
565 1892 1471 2029 Waß aber syh frouw antreff habe zwar
559 1998 1477 2101 dieselbe ein biß läbwäsen gefürd und
559 2060 1436 2175 er sie sunderlich noch jüngst, alß sie sich
571 2119 1461 2222 by zr caroti von Bonstattens marten
548 2188 1437 2326 zugezogen verclagen wollen, er habe
579 2256 1457 2382 aber wegen gehapter gfarrsynes läben
572 2310 1472 2434 und viler tröüwworten nit klag dörff.
965 2381 1483 2485 Sunst darund vog
569 2412 966 2549 auch nit können.
562 2445 1463 2593 en wol, daß die jezund im lochlilgende
552 2515 1468 2694 zwey Heinrich Monck vor Wintertun
548 2597 1439 2735 und kulauß rambser von Ober
541 2661 1441 2849 Wyl sy beschlaffen labendt. Der morth
684 2752 1151 2896 seher gantz unschädig.
528 2764 1405 2976 Ist zwennal lar einmal mit
532 2858 1444 3031 dem veleinsten und einmal mit dem
529 2934 1422 3095 70 pfündig stein vfzogen worden.
516 2977 1446 3183 Bitter godte, r gu und saus meig
538 3097 1269 3244 cklichuumb verzeichung.
500 3145 1248 3328 aui feb 1682
2576 260 2691 347 42.
1779 316 2371 433 Elßbeth Kuhn von
1885 388 2153 521 chonenwe
1657 471 2597 628 Eßbeth Ruhn von Schönenwertt deß vorge¬
1683 542 2596 696 chribnen morders theihs e. ist zwar auch
1647 582 2652 741 durch obwolgedachte Herren ernstwortig
1675 655 2652 814 examiniert und durch mr Müchel 2 mahl
1671 700 2668 861 lahr und in mahl mit dem kleinsten steiz uff
1636 771 2583 936 zogen worden. Die hat aber aber
1681 844 2605 957 anklegten und gezigten vnrhaten, alß das die
1671 896 2613 1036 wo nit selbs hand angelegt, doch umb die
1669 957 2629 1102 begangne mordthat gewüßt, gantz un.
1678 1013 2675 1177 schuldig sein wollen, doch bekent, daß sie sich
1672 1099 2665 1213 1 kurg mit Nielans Rämser von Oberwyl
1659 1161 2603 1296 und bendicht Suter von Brunaden und
1668 1242 2670 1370 keinen anderen mehr, geb was im chorhuß
1676 1309 2636 1440 alhie bekent worden syn, vergaßen undt ver
1875 1388 2624 1517 Bittet auch sehr umb gnag
1659 1403 1821 1502 trabet.
1665 1449 2664 1579 und verzeichung mit großem danck diser
1667 1517 2538 1646 gnädig und mätterlich züichtigung.
1592 1592 2197 1720 A 27. Febru 1652
1731 1760 2214 1913 Jacob Bülers.
1947 1852 2452 1979 diminal pæess.
1692 1925 2479 2079 Ai der Crützgaßen zuuerläsen.
1556 2069 2578 2213 Nachdem vor etwas abgeloffnen wuchen
1658 2174 2624 2275 unfehr von diser statt ein todtrer Eychnam
1671 2241 2620 2357 mit dann Kriß beteckt, gefunden, vndt
1640 2303 2595 2423 diser gegenwürtige Jacob Bälerbürtig
1647 2373 2643 2491 von Hofen ußem Marggrauen-kandt gwüß
1658 2444 2663 2560 umbstenden und zeichen nach diser mort
1672 2514 2660 2637 nit ein wenig verdechtig worden, habend
1662 2578 2604 2669 mghren und obere diser lobli statt weren.
1670 2667 2592 2735 alß statthalter gottes und recher deß
1655 2718 2592 2815 übels nit underlaßen unndt senig seine
1678 2783 2634 2910 wöllen ir hach oberkeitlich ambt zuuer
1679 2849 2600 2950 richten, sonders alles ungesparten flößes
1648 2916 2608 3033 und ernsts imme Jacob Buler nachsetzen he.
1660 2994 2549 3099 laßen, so lang und wyt biß er in dero
1663 3054 2566 3189 band gebracht und behendiget worden,
