3024 4032
436 2337 603 2438 st shen o
810 227 1439 422 Hagg Rsse
695 328 1534 547 en 1. decembris 1652. Ist vorgemelt
638 379 1551 598 Jaggi Staffel widerumb in den gewandte
583 383 1557 653 Stredli-thurn gefhuert und daselbst luth
667 488 1560 708 bentlichs umb verzüchung der warheit wegen
663 545 1565 760 begangner diebstahlen und unthadten, mit
670 604 1527 783 nothwendiger marter geseikt worden.
649 666 1562 854 Der hat um in bysyn sylett verordneten hr
660 727 1550 905 examinatoris srn gechenders von rahts
657 788 1566 967 und das hrn Grospreybels und hez alte
646 836 1445 996 spittalmeister Lerbers, bekendt.
652 931 1539 1129 daß vor ungefahrlich 8 wochen er mit
643 1007 1471 1178 Haff Aberhand Kymans, sonst
669 1068 1569 1235 gygens wegen Kyner Gyger gut siner
1469 1102 1553 1176 von
632 1118 1569 1272 landtwercks ein schnyder, so alsie in der
661 1177 1563 1325 statt daheimb syn sölle zu Stägen neben
656 1244 1557 1398 der Couppensstraß in seinen spëcher gebet
650 1292 1545 1434 darub 14 anlegenen wyber kleider
668 1363 1552 1486 ein halbe-bachen späck und  kas eit
671 1412 1533 1536 frömbdet, welches sy den Bettleren
661 1475 1565 1606 hin und dort usen, wo sy können verkrafft
661 1532 1541 1656 uß welchem er für synen theil 6 e.
656 1586 867 1696 erlöst.
653 1693 1554 1808 Item habe er mit haff Hanß Meyers
590 1766 1521 1867 sonst Kratden Stephans sohn santt
670 1827 1542 1930 fin nechst vergaugnen ustagen uß einem
641 1891 1558 1988 Spycher zu Belpx enttragen 2 zire
658 1943 1548 2051 unnd ein halben bachen Späck, woliche Sachen
667 2002 1549 2100 sy in Gurdtners hus usem mas getragn
643 2055 1553 2168 den späck und anders tleisch mehr welches
676 2111 1555 2219 er theils zu 2hun kaufft, daselbst
640 2173 1423 2295 zu underschidenlichen mahlen gesen.
672 2265 1549 2429 kenne syge er in vergangnen sommer
670 2349 1554 2481 mit ermeltem Meyergangen unndt
675 2439 1008 2527 entfromldet
655 2413 1542 2607 zu Rüegsaaw uß einem hus einen troch
646 2500 1529 2671 getragen und die driz gewesnen sachen
647 2558 1537 2738 dens genommen und vbrkaufft, darf
668 2633 1519 2805 für seines theil 5 f behomen
636 2697 1549 2929 em Ulrigen das syge gemeld Hannß
644 2765 1533 2957 Meyer Schwartz und wulligen hosen
665 2805 1567 3036 bekleidt, der nechstnerg alchen maten
666 2878 1573 3091 märits alhie läbruch teil gehalten
654 2951 1524 3169 seye by 25 jahren alt und habe
668 3020 1525 3246 an ich schwartz bärtli zu wachsen
641 3101 1561 3352 Disere vntharten hätten an der marter
660 3173 1515 3406 und ufferthalb derselben, war syn erh
654 3345 1014 3475 und bekent.
652 3289 1463 3553 geen and lb
633 3354 1433 3600 mnter ette
2665 288 2752 374 69.
1960 354 2550 494 hladle sugenen
1709 451 2668 623 Biewol Madle zaigenen schon den 18
1796 486 2706 643 novembr nechsthin nach abgehördtert
1799 545 2706 700 bekandtnuß von e gn zur Schmeintzer
1782 591 2756 778 grichnung unnd syntliches landtsverwysung
1782 675 2755 816 condamnert worden. Ist jedoch solches
1803 721 2745 861 gegen ihro nit erstattet, sonder uf ge
1795 789 2722 927 fenkliche verhafftung vorgenelts Jaggi
1782 833 2753 991 Stoffels ihres mit dieben, biß an herren
1790 900 2779 1045 uf geschoben, und sy nach gedents Staffels
1796 966 2746 1104 bekandtnuß des 1. Decembr. Ils2.
1579 1059 1770 1138 aber nir
1783 1023 2763 1175 Im t burg vernersexaminiert worden.
1592 1098 1749 1173 mndtlich
1734 1077 2773 1238 Die hatt in erlütherung bereidts gethan
1761 1170 2461 1292 ner bekandtnuß veriechen.
1760 1242 2787 1401 daß sy mit zuthun erwendts Jaggi Staffels
1797 1331 2763 1453 im kinderen Fridtenbach habe eitn dieben
1795 1405 2635 1523 fahl verbracht, von welichem allem
1787 1445 2808 1585 Fra 50 ellen tuch theils rystigs und thels
1791 1524 2796 1639 flächsigs und ein deidten theil von einem
1778 1569 2789 1691 mantel auch 3 pfund uas für ihren theil
1781 1643 2791 1770 bekommen, welches sy alles sambtlich der
1782 1694 2790 1812 Sageri zu Worb zugehalten geben unnd
1800 1760 2816 1854 noch daselbst zefinden Seye. Antreffent
1789 1824 2785 1933 aber den kleinen darby gewehnen Silber
1768 1878 2748 1970 inen becher abe sy vomselben mitzit
1786 1941 2754 2030 bekommen, Dan daß er Jra von den
1773 1988 2735 2127 Asfolterischen diebstahl hernach 100 l
1785 2067 2718 2171 geben. Darin ihre portion disers
1758 2131 2484 2244 Bechers mueste beheiffen yn
1734 2210 2780 2375 Berners habe zwar sy das zu Riggisper
2590 2275 2656 2323 den
1762 2282 2733 2394 durch gedachten Jaggli Stoffel ent¬
2568 2332 2786 2388 auchtiel
1779 2353 2759 2445 frömbdeten vff das mos getragnen zut
1777 2407 2745 2525 helffen meß aber nit entfonnlden.
1756 2494 2756 2637 Abem könne sy nit verhalten, daß sy mit
1780 2597 2777 2691 vratten Steffans sohn und disen bäsen
1783 2637 2787 2747 gindt umbser gezogen, er ratten Stephan
1762 2694 2771 2805 Aber Syge deßelben ein Vrsach, vnd haber
1787 2770 2778 2860 gmacht, daß sy nit ohn sy syn können.
1722 2822 2769 2939 Dan er habe ettliche mal gsagt, er wölte
1764 2875 2748 3001 Ihnen allenwkrafft nemmen komen, Sonstn
1768 2954 2736 3079 Im Vbrugen habe Er Kratten Staphan
1786 3027 2757 3143 eine er die heiße Elßbeth Pryichani
1786 3090 2714 3191 wölche alle sych mit solchen schwartz
1794 3158 2738 3253 buben umbher gezogen von den
1791 3192 2756 3326 beiden schwosteren Elßbett und Margren
