3024 4032
513 234 1425 475 von Rueders wyl gahr Staufflürgef
526 331 1428 549 unnd es jnne hefftig umb die ledig laßun
560 396 1373 573 ersucht, mit fürwandt, dees niemalen
552 477 1422 661 gewarnet worden und nit gewüst, das
556 549 1425 738 mrey teyben so grob gefält ge, deß zu
548 586 1421 785 selbigem end zwar gmreine darklon
541 674 1424 849 versprochen, welche er aber nit annemmen
536 746 1430 921 wollen unnd wie wol eib imnre alzy
541 815 1424 974 vil schwätzen wöllen, habe er jedoch
525 869 1416 1040 ins ab- und dahin gemant an dem orth
535 953 1345 1108 wo es sich gebürt sy hertz gerumnen.
485 1024 1426 1168 Antreffendt dan den punten, Ob helte
531 1098 1426 1246 er ins underwegen angestifftet, etwas
549 1154 1434 1314 erren anzegeben seye daßelbige in kein
545 1238 1439 1391 wag, Das meitli aber vermeldete, jns
545 1325 1414 1432 er es nit gredt, So habe doch sölches syn
538 1360 1426 1501 gespan Hanß Rüsfenacht gethan und gsagt
515 1442 1417 1565 Es sölle herren angeben, so mit imme ze thun,
539 1507 1410 1646 gehabt und imfahl sich einer uß deßher
516 1580 1415 1691 landtvogls fründtsch befunde, wurde es
520 1646 1102 1769 imme nit so übel ergahn,
755 1842 1364 1982 Hanß Ruffenacht
845 1949 1300 2052 von Rnederßwyl.
481 2016 1404 2151 obermeldet er habe zwar mit ermeltem
730 2104 793 2159 ne
513 2113 1416 2199 Claus Lonwenberger das freymüetig
513 2176 1420 2278 Meitli von Rueders wyl gahn Stanflir
515 2239 1407 2384 fhürrin helffen, aber weder ghörder
522 2312 1416 2445 reden, daß es sölle heeren angeben, noch das
503 2384 1432 2528 Es derglychen angeben,. Auch nit habe er
500 2460 1423 2574 das meittlr dahin angewißen, sonder gar
499 2506 1432 2666 bein wort mit imme underwegs geredt.
475 2603 1429 2740 Nachden aber sy gahn rauflie komen
499 2628 1436 2835 habindt sy die rinen dem weybel daselben
513 2718 1411 2891 an die handtgeben, welcher sy gfenklich
514 2814 1308 2975 nach trachselwaldt ehneren söllen.
475 2932 1198 3174 Hene Rendick Psli
473 3035 1408 3239 chden er mit Baschi Jiseli und der ti
489 3095 1414 3328 vor etwas zischs in der vorderen stule
2496 258 2597 338 22
1584 315 2591 529 zu Golttbach im wirtshuß geßen und trunken,
1602 391 2588 568 habe er jedor nit ghärdt, daß erwardte tinnan
1599 475 2344 618 beide ermelte herren angeben habe.
1877 653 2397 818 Geisten Schwyzer
1511 773 2558 979 Nachdem gesteigen tags die confiontation
1605 856 2578 991 underschidenlicher vorermelter persohnen gegen
1588 887 2615 1083 imme beschehen und er schwytzer nit bekandtlich
1616 982 2554 1131 sin wollen, daß er zum ersten gredt, mne
1590 1040 2609 1205 weide honsehrende hrren hr zummel und hr. schuldtheiß
1595 1111 2623 1284 Im Hoff habient auch mit den freymüetiger
1600 1164 2612 1339 meitle gethun gehabt, sonder die rienen habe es
1581 1234 2616 1441 zu vor geredt, ungeacht er schan hiemer bekendt
1600 1318 2617 1503 das er solche wort von sich selbs erdichtet, gredt
1605 1391 2587 1573 und spargiert. Ist er uf eüt den 27. tag dan
1593 1467 2583 1649 hinden in dem streien 2furg, in bysyn der
1619 1527 2607 1712 erennesten etc. Herren Ge�rg wibolets deß
1618 1611 2621 1763 kleinen, Hon Bartlomes von Römerstals und
1602 1700 2615 1840 Ir Grißweybels von Waltzenwyl deß großen
1601 1761 2633 1888 rahts und etlicher ir gl Weybern ernstwortig
1595 1831 2599 1984 by betroüwung der marter, So wol vor
1618 1900 2623 2037 gedeüter spargierter schandtlicher reden, alß
1612 1968 2637 2097 anderen begangner gezigter misethaten
1605 2041 2626 2172 und verdrabungen halb examiniert worden.
1591 2111 2623 2237 Der hat em drüber vernächen und bekendt
1578 2197 2543 2313 daß er wegen hrrn hummels vernommer am
1605 2266 2628 2377 horgericht alhie vernebender strengkheit
1606 2330 2514 2450 für sich selbs erfunden, erdichtet und zn
1612 2394 2619 2516 gegenwürtigkheit bentz und Bashi Jselis
1602 2467 2598 2571 In der vorderen stuben im wirtshaß zu
1580 2533 2613 2648 Goltbach gredt us habe Hr Himmel auch mit
1603 2592 2604 2718 dem freymüetiger meitle sich verdrabet
1599 2668 2604 2788 und vergeßen. erhofhung, es wurde ein
1618 2732 2614 2847 mitel syn, daß mit imme und dem kreymütig
1599 2788 2624 2902 Meitle deß linder wurde gescharen, sonder umb
1458 2859 2614 2984 im umbetwas verschonet werden, jedoch habe er es
1611 2914 2632 3058 nit also in ernst sonder im schimpf gemeint
1621 3014 2583 3162 Ii ubrigen ist er by synen heuor bekendten 4.
1601 3112 2580 3239 fähleren bestend da verharret und wisrs
