3024 4032
930 224 1144 371 1630
773 340 1413 585 Aharnn 3
982 493 1431 680 vor Schrarhenbich
641 525 1540 826 ege bnen sen
615 623 1518 867 hutt, dem gsatz und ir g drüber er.
679 736 1520 942 gangnem beuelch gewäß, eidtlich von
675 820 1554 1024 hochgedt Ir 9 stett- und Landen Vermis
702 894 1436 1073 worden. Act 23. septmb
747 1154 1406 1360 Hanl Amman
866 1267 1314 1431 uß der Rächthale
647 1393 1548 1591 Ein 11 oder 12 jähriger bub, bst wegen
697 1486 1534 1637 am Barbeli Kmman von OberMlacken
660 1567 1563 1717 so nur 3 oder 4 jährig sein soll, verübter
626 1637 1554 1808 D mang und schandthatt., Ir sy siy seines
677 1731 1558 1856 vatters durch die bättelnoge, mit den
655 1819 1552 1949 Ruten In der Rfi biß vffs but geschmeid
674 1898 1562 2031 und drüber uff von Irs Großreibel
670 1973 1551 2108 empfangne clehnrerliche vermahnung
668 2042 1559 2194 ledig glaßen worden. Actu vt sehro
780 2263 1338 2418 hristen rRyff und
765 2330 1569 2473 Soens Stampfli Rhatshuß wirtt
774 2411 1209 2556 Man Ober Ripp
644 2484 1551 2631 Da jener den 3ten guren fähler begange
653 2544 1563 2695 und diser undersliches ergerliches kuppel
661 2597 1567 2768 wesen gegen der allie Im Koch Verhafften
645 2664 1558 2840 Dirnen Madtena Sundeli ein hindeli von Ripe
665 2730 1558 2912 getriben zu underschidenlicher ehemenne
644 2783 1557 2958 und ledigen persohnen großem nachteill.
649 2843 1552 3037 und verbrechen, sind deß kocht alhie
657 2898 1537 3119 ledig gelaßen und eidtlich von Ir g
623 2958 1565 3224 Stett. vnd landen verwisen worden. A
645 3122 1138 3276 octobr 6b.
2627 265 2688 321 3.
1989 292 2249 392 1680
1774 351 2593 526 Madl Sundeli und Kaus
1976 443 2532 586 Schad von Oberdipp
1599 550 2645 768 Nachden Madlena Hundel In der That ein
1693 633 2653 784 ründeli von ungefehr 24 jahren alt von
1702 683 2637 834 underschidenliches gezigten zurye undt
1712 762 2643 923 geführdes bergerlichen läbwäsens wegen
1703 817 2662 957 durch ir g bewüßte anordung alhar in
1689 862 2681 1023 dero statt und hernachß die vorgricht:
1704 934 2674 1117 liche gfangenscht geschaffet, daselbst nach
1715 993 2731 1158 erforderet exammiert und zur bekant.
1726 1068 2727 1237 nuts sehr vilen, leider begangnen vnküschen
1721 1155 2700 1289 actiones gebracht, Dannenhar niht die Por¬
1691 1227 2689 1375 richter verursachet worden, ire gethane be
1714 1298 2614 1438 kantnus wege irer wichtigkeit und
1710 1376 2715 1521 vile der unthaten ir f fürzebringen ha
1709 1464 2703 1605 Bend hochgedt Irg gutt, vnd der alt herge¬
1725 1507 2741 1672 brachten ordnung und rechten gemes sein befunden
1723 1603 2760 1754 und bewolcher, das erwendte lächtfertige die
1732 1687 2722 1828 nen ire gethane bekantnus, sonderlich auch
1710 1758 2756 1884 Die wider Hans Schad geführte klag in con.
1710 1837 2784 1978 frontaon deßelben an der marter erhalten undt
1721 1914 2760 2048 bestättigen solle. In welichem end dann
1726 1976 2724 2125 uff zinstag den 29. octob sie wie zugleich
1729 2061 2727 2182 ermelter Schad in den gewohnten strecker.
1731 2137 2766 2268 Thurg geführt, ernstwörtig examiniert und
1726 2213 2736 2343 sie 2 mahl lähr zu erforschung der warheit
1726 2286 2754 2410 und bestättigung irer vor chorgricht gethanen
2548 2371 2710 2451 De
1721 2361 2485 2460 bekantnus uffzogen worden.
1721 2428 2766 2546 hat nun in bysyn und gegenw der ehrenuesten
1696 2488 2758 2620 Herren H3 Throder Morlots deß kleinen.
1708 2567 2676 2689 hes Johans Bersets, hrn Anders Hermans
1741 2621 2723 2742 und hrn Großweibel uscharners deß proß
1734 2678 2742 2832 Redts und etlichen Ir  weibler In bestätt
1748 2783 2055 2905 tigungbekent:
1743 2864 2743 2987 rstlich, das sie sich mit einem ungefahr 80 jähr
1735 2930 2682 3030 wigen mann namens Christen stgrist von
1755 2988 2705 3109 Ober stipp vergangen und fleischlich vertraben
1662 3057 2713 3199 7. Denn onderen mit Hans und Kielans Schad
1704 3148 2440 3296 Egebruderen, aich von daselbsten
1771 3232 2720 3361 Item mit Michel sey dem schreiber zu Wie
1746 3331 1957 3453 lispach.
