3024 4032
623 288 1455 477 Dannathin mit einem heiße anthon
635 357 1373 523 zu mermen ehren nit bekandt, sie
621 418 1442 616 handtwercks ein muhrer, habe ein ehn
1371 441 1504 559 sne
632 486 837 575 gehabt.
1455 559 1501 642 16
612 576 1510 806 Gleichergestalten mit Heine müller ust
616 646 1484 868 Grindelwald, sye nach ledig geweßen
593 761 1509 1007 mehr mit Peter reiger se zu wilen
614 846 1293 1012 sye datzmal ein wittlich gsy
624 999 1476 1168 Christen im boden so ein wyb gehabte
611 1062 1407 1238 habe sich auch mit iren vergangen.
586 1193 1486 1365 bermalen mit sticlans Müller
598 1283 1430 1444 uß dem nterbrunnen, lediger wyß.
601 1376 1463 1563 für ers sich mit Peter Bortenierli
601 1481 1489 1635 zu Glarns zu underschidenlichen mahen
604 1577 1462 1701 vergangen, welcher noch ledig gewesen
575 1691 1467 1846 und mit einem sye nach ledig, dienebin
596 1798 1414 1926 uender an der Egg Heise Peter
580 1916 1460 2067 So habe auch danif Käfer in Vtna
574 2021 1464 2138 zu Brientz mist huß, sich glesch ermasen.
593 2097 1432 2207 mit iren instenknüschheit vergeßen.
556 2210 1488 2378 Item mit Peter Muhrer ußem hh
580 2315 1489 2424 landt, So Jetzund verehlichet, datzui
580 2401 1243 2520 aber nach ledig geweßen.
557 2512 1451 2669 endtlichen habe sy sich mit einehen, waß
590 2606 1471 2736 namensher, sye iren nit beswüst, wyl
380 2666 475 2767 15
397 2663 1476 2848 4er nachtlicher wyl by iren geweßen
300 2854 490 2915 dader
540 2832 1454 3018 Sonsten habe sy sich mit keinem mehr
288 2906 536 3008 ehmeinen
526 2889 1463 3079 dan hienar vermeldet, obglychwol
547 2956 1475 3163 Frey die unkemüschen werk ze thun under
556 3017 1471 3244 schidenliche persohnen, mit denen sy trede,
563 3083 1479 3318 angemütet, flrischlichen verdrabet, dar
564 3166 1479 3369 auch niemandts mitzit entfromldet
2572 264 2684 398 19.
1764 389 2519 576 Irsonmabe und kundtschafft
1632 483 2558 644 Wegen deß uf montag den 24. augusts
1681 530 2586 709 ebris an gewohntäg schießtag uff f
1663 612 2579 781 Schützenmutten durch Marti Gempefer
1691 676 2648 830 von Winis einen ordinari Räßgrempler
1706 759 2538 907 an wiglund Hans Studer dem griger
1685 815 2635 987 vor der sryschryben gethanen tadt schützes
1596 988 2658 1160 Den 26. aug 1632 warend vermag N ß.
1586 1094 2633 1219 benelchs uber obgemelten leidig und ermeig
1651 1160 2575 1306 todtfahl und hergangenheit deßelben
1660 1242 2619 1386 nachvolgende by Iren gute truiren, ehren
1622 1314 2661 1476 und eidts statt dn vnndtsch verhört worden
1577 1502 2658 1649 Hr. Dauid zrender frauwenbaunner schreiber
1596 1595 2581 1694 züget, Nachdem er ihren schütz gethag
1649 1635 2694 1769 und sich by der 3ten und fryschyben gestelt, habe
1662 1720 2691 1815 er Marti Gempeler semtzig vor dem standt
1625 1803 2603 1897 der 3 schyben antroffen. Darüber er
1602 1852 2669 2015 Dempeler in den gemelten 32 stand getretten
1636 1951 2655 2081 En züg aber angefangen ynrumen und nach
1660 2031 2669 2151 selbiger verrichtung, da Gempeler bereits an.
1651 2115 2698 2250 geschlagen hatte, hinuß gegen der schyber gesachen
1636 2192 2629 2303 und eben grad beuor von einen anderen oberen
1634 2271 2632 2393 stand ein Schutz ergangen, hinuß gegen der
1637 2347 2668 2479 scheiber gesëchen, im maßen er über angedüt
1646 2433 2545 2559 schutz, in obaicht genommen, das der zeiger
1667 2523 2660 2655 mit den zeignuten gegen der schriben gangen,
1644 2600 2605 2708 und die Ruten, so daruor nit da ware,
1673 2669 2663 2807 angehenckt, maßen sie nach seinem todt daselbst
1662 2752 2644 2885 hangend funden worden, zu imme gem
1663 2837 2661 2958 peler gesagt, nit nit etc. ungeacht deßen aber
1670 2912 2622 3030 sye er mit der losung fürgefehren, also daß
1673 2977 2636 3091 also bald nach gehörten klopf der zeigen
1630 3053 2666 3188 Studer s sich von der scheiben umb etwas gewenden
1666 3123 2298 3251 und drüber zu boden gefallen
2389 3122 2667 3246 Alß aber
