3024 4032
562 150 1443 430 n n ete
554 259 1446 495 darby anzeigt, daß er sohn gar ein bösen
555 320 1475 560 Seye, Ihnen allerley desplet, vnd vnehr
580 378 1435 631 eh aen ofe gen
538 438 1475 682 Hieruf ihra ein gwüß wyßes bükmerlin
1411 560 1466 632 Ih
576 511 1494 751 geben, in Guppen zelegen, Sy aber, die
553 591 1497 811 zwar nit gwüst, was es gsin, ihra aber
567 654 1501 878 wol zu sum komen, daß es nit vil gute
540 704 1491 945 habe sich ein mal entschuldiget, daß dasn
553 797 1479 996 sy möchte im unglechenheit kommen, doch en
552 847 1490 1062 sölches umb vernydung willen großen
542 925 1494 1141 übels genommen und darnach in den bach
552 1010 1477 1189 geworffen und alß hernach umb dee
554 1070 1483 1254 verrichtung gefracht worden, vermeldet
526 1148 1048 1301 daß sy es verlahren.
1219 1202 1481 1327 darnach hate
552 1220 1462 1394 sy ihro widerumb anders gefft und
550 1309 1474 1459 also biß uf das fünffte mal, da das aue
544 1377 1476 1551 mit grnen gäl und wyßen vermist
539 1464 1466 1601 gewäsen, gäben. Mit benelch solche
541 1550 1476 1679 eitweders ui synes bruder daniks
527 1627 1472 1774 Saltzfaß oder waßer keßel ze thun
517 1708 1472 1851 So aber niemalen beschechen, sonder dese
536 1797 1475 1904 in daß waßer oder in den ehgraffe
535 1865 1081 1981 geworffen worden.
1217 1881 1477 1963 und ww
532 1937 1467 2042 sy sich allemal geweigeret, soliches gft
532 2006 1464 2140 abzenemmen und hingegenn sich verliten
523 2092 1471 2212 laßen die sach zeoffenbahren. abe jedoach zy
526 2156 1462 2275 wegen der ihra gethanen tröüwung, w
504 2224 1464 2361 sy kein kundtschafft darumb, daß sy es mit
513 2310 1471 2424 Ali) erlagen haben und de�wegen an
484 2360 1462 2525 die fhußstapfen ze stehen, dahi sy sia
491 2442 1450 2603 zebringen vermeint, nit thun dörffen.
488 2513 1447 2673 buff endtlich sy am palm sambstag das
491 2575 1441 2747 leeste gifft empfangen und sölches ihrem
507 2655 1449 2815 eben ein wenig sy zfaws geschlicheten
475 2716 1461 2903 mr Martl Müller zeigen wöllen.
461 2795 1446 2993 Wylen aber sie Gündtispercheri sohen
464 2871 1448 3059 vermütlich usdisen, daß sie deßselben
485 2915 1454 3122 tags nit vihl mit ihra geredt, verneten
469 3015 1430 3207 Alß seye sey Gündtispergerin selige
481 3079 1442 3283 nacht in er gmach geshlichen und ver
447 3125 1452 3378 meßner maßen ihro das sgifft frider uß
2578 244 2674 327 53.
1609 270 2617 502 den sock genommen. Sonsten habe sier
1636 345 2685 549 ermalen keins übernacht gehalten. Nechsten
1625 451 2689 616 morgens hernach habe sie solche verganger
1614 517 2661 678 sachen ihrem man erzelt und zu gleich der
1602 571 2656 766 Bündtispergerin ihre wider alle natur
1621 646 2629 821 strytende ungebühr mit mehrerem und so
1627 724 2696 898 wyth fürgehalt, daß ihra nüt alß soßer
1618 793 2655 1002 bscheid ernolget. sonderlich aber daß sp
1604 877 2650 1036 säche thadt uf sie nit erwysen könne, sie
1589 931 2688 1121 Gündtispergere wolle das keißerlich recht
1601 1020 2652 1196 usstahn, sie müße mit ihra an das seil
1621 1091 2653 1244 alles cli erlogen und an ihre fuhrßstopfen
1615 1219 1782 1330 stehen.
1609 1251 2652 1415 Alß un die Gundtispergeri gesehen, daß r
1614 1332 2613 1473 böses vorhaben wolle enteckt werden
1607 1413 2626 1530 sege sie in eine sölche kleinmüetigkheit
1611 1474 2667 1597 und verzwyflung gerahten, daß sy ihra ein
1611 1541 2690 1684 Meßer selbs an die brust gesetzt und sich selbs
1610 1604 2658 1755 So sölch meßer ihra nit durch ein andere fr
1627 1687 2644 1812 were gehalten worden, wol so bald lyblas
2066 1754 2656 1871 Darüber die husstagen.
1618 1774 2046 1908 gemallt hette
1605 1815 2667 1947 und die hindere gaßen hinab in mahrn schuldt
1618 1903 2682 2013 Heißen von Graffenried stall (ec) geflochen
1618 1970 2660 2119 sich daselbst einmal verbrachen, und alß
1619 2066 2663 2201 sy un senelch herfürgesucht gesprochen.
1583 2130 2632 2278 daß sy den thadt wol verdienet, welche
1616 2222 2640 2348 volgendts durch die bättelnocht wider nach
1612 2313 2149 2433 hus gefüert worden.
1598 2379 2652 2552 Im ubrigen habe Gundtisperger zur Zöch
1629 2486 2634 2622 alß sie das giff benolchen in den waßer
1614 2542 2631 2682 vesel oder saltzfaß zu legen, zu seiner fr
1622 2602 2622 2748 gsagt man mögt noch nüt gespüren, daß
1598 2708 2064 2827 des würcken thüege.
1551 2789 2641 2933 Wie wro und weg das lobküchli gemacht
1619 2891 2626 2995 worden und war es gemacht ale könne
1607 2931 2604 3083 sie nit wüßen. Hettt auch daruan mit
1622 2980 2635 3155 gewüst, wan nit mr Dannel Bundasperg
1608 3077 2630 3224 ihra anzeigt hette, daß synem jungen
