3024 4032
842 258 1353 433 onsrontation
534 279 1448 607 den wi degte
581 403 790 504 Hadern.
548 514 1465 771 Isf heint den 25 teag augusti 1652 jab
556 627 1425 811 Die pölen erennasten etc. Herr Grag
557 697 1450 880 Brindlet deß kleinen. junkhr Pete
581 761 1449 940 von Dießbach Nüwerwelter landtug
581 846 1460 1014 gahn Morse hr staltschloßer Herb
563 897 1461 1084 unnd zr Großweybel von Walden
539 961 1458 1152 deß großen rahts in gegenwürtigkhen
566 1046 1450 1229 etlicher ir 93 weyblen uß hochgedach
548 1117 1450 1290 E. g sonderbachtem benelch in der
541 1185 1426 1370 Refi gegen einanderen verhördln
553 1299 1433 1460 confrontiert, vnd exammiirt,
525 1435 1446 1602 erstlich ist Hanß Moser wirt im voldt
540 1526 1442 1706 basch, gegen obbemelten zweyen Christ
543 1590 1436 1728 Schwyezer und Catharyna Badorn.
527 1668 1421 1800 sonst Freym�rtic meitlli gent we
493 1724 1443 1855 frontiert und sonderlich gefrant worden
512 1803 1444 1930 Ob er nit gehördt habe, daß schwytzer
513 1870 1427 2005 In seiner wirtschafft grede, daß eyne
509 1933 1413 2067 beide hochehrende herren hr. Hunck und
496 2007 1424 2126 hr Im Hoff Schaldtheiß zu Burg dorff.
532 2077 1425 2199 mit erwendtem freymüetigen meitl
521 2150 1423 2255 luth deßelbigen rüemens sich verdrabt
496 2222 1432 2325 habindt.Item ber von disem bösen
518 2278 1410 2395 wäsen deß Schwytzers und disem meitli
485 2351 1408 2478 Wyl sy sich vil by imme zuzagen. Auch
472 2428 1425 2557 daß syn fronar diser rirnen den tra
483 2492 1402 2592 genden rock und vleydung, die er
487 2561 1404 2689 Schmid ira versprochen ze bezahlen
495 2618 1422 2769 geben, nüt wüße, alh er grant
481 2689 1407 2807 ewordet, er habe zwar von erwendten
471 2740 1424 2929 Schwytzer solche wort nit, aberwol
477 2823 1422 2977 von dem fresmmetiger meitli ghördte
446 2910 1405 3058 daß es gesagt, Die bemelter zwei
469 2965 1413 3131 herren habindt auch gmeinschl mit imme
481 3011 1414 3206 ghabt, zu der zyth aber, alßes dise
470 3111 1395 3275 wort gredt, seye es gar trunken
2536 205 2628 276 21.
1586 277 2537 490 unnd Hanß Kiener von Hahle und urei
1599 326 2599 560 Flüchinger syner hrn schwöster darby ysin.
1578 395 2601 632 daß aber syn fr der lirnen die kleider geben
1603 446 2604 664 unnd sölche der schmid versprochen ze bezalet.
1604 557 2605 734 habe er anfencklich sölches nit, auch nüt von
1591 595 2626 822 ihrer sppigkheit gewüst, sonder erst hernach
1613 689 2577 857 alß er gesechen, die birnen silche kleyder
1623 826 1933 940 absich tragen.
1788 905 2426 1066 Meni Flückinger.
1531 1056 2541 1251 Nachdem sy auch gegen ermelten beiden
1632 1126 2580 1278 onfrontiert worden, hat sy anzeigt
1606 1197 2613 1366 Wie daß sy hienor wirti zu Goldtbach
1617 1303 2604 1450 gewesen. jetzunder aber daselbst in einem
1605 1336 2632 1501 sonderbahren stübli sich ufhalte und die gest
1624 1430 2583 1567 eben nit gar villache, Doch habe sy
1609 1521 2583 1684 ghördt, daß das freymetigen meitli
1627 1581 2645 1706 an einem sontag nach mit tag im hinderen
1612 1661 2583 1792 Stübli gsagt, Der hr. Schuldthliß zu
1620 1717 2658 1858 Burgdorff sye auch by imme in einem somerhuß
1615 1796 2589 1931 ysin, er thünge imme nit und es syge kein
1616 1869 2664 1995 Frommer Mana der nit zurr 2c. u der hr schult
1625 1951 2559 2053 biß werde kommen und ius nemenA Darüber
2256 2010 2563 2101 zu imme gesagt.
1591 2015 2531 2164 Daruf Hate de Kreymüet iger Mengeli.
1607 2108 2655 2213 vermeldet, Nachdem die Flükigeri solches
1608 2185 2607 2298 zu imme gesprochen, daß der hr. schuldthauß
1625 2250 2630 2364 kommen und ins nemmen laßen werde, möchte es
1597 2315 2604 2417 Darüber wolzwar gesagt haben, daß er
1624 2383 2646 2506 nit s geehligen in die stuben hingen ryten
1619 2444 2628 2580 werde, mit synem wüßen aber habe es
1621 2514 2655 2651 weder vom herrn zimel nochvom herren schls
1609 2598 2642 2715 derglychen nit geredt keine auch keiner
1631 2677 2011 2780 under denselben.
2094 2790 2199 2913 81
1856 2854 2488 2968 Clans Lonwenberg.
1787 2908 2461 3043 ein grichtsas von Rueders wyl.
1612 2984 2631 3155 leigs an, er habe mit holff Hanß Stüffenachts
1619 3066 2607 3211 Dauch von daselbsten, das frey mürtigen meit
