3024 4032
577 262 905 356 ein habe er
574 290 1356 466 über gesellet e lutschland .
928 384 1395 498 y Kriegsnan
530 368 1478 601 Frntzer bub. Syn rechter nam aber g
584 439 1464 688 frian, (wiewol er angeben kaibe
541 498 1431 719 gesancon. sye frauw aber, (diee
547 560 1476 796 2. jahr lang gehabt) heiße Elisabege
556 639 1478 859 von Glaris, von welicheren er zwan
542 703 1452 903 ein kind erzüget, daßelbige aber
538 758 1500 1025 sye gestorben, und wi gedüte syn se
528 844 1461 1078 Ira fürgenommen nach rom zwise
524 938 1356 1124 Aiß habe er sie zu uug verläßen
496 1009 1476 1237 Item habe er neben einem synen Gespen
549 1115 1480 1298 alhie zu Bern einen seckel, so ni ser
543 1184 1485 1372 fallen laßen ufgehebt, darin 18t
548 1279 1488 1473 gewesen, sygind aber dem krlürstig gewesen
537 1324 842 1428 wider worden
505 1371 1460 1574 verfragt, ob er nit diser bösen willenge
539 1486 1470 1661 habt, die zu pfauwen angefaller fr
536 1555 1466 1723 mit dem by sich gehabten großen meßer
513 1631 1489 1799 zuworden. Geantwortet, daß se
550 1717 1469 1880 er bedacht gsie, sich mit Jra Feischliche
528 1781 1453 1936 vergehen, darneben aber auch sie umbge¬
520 1875 1465 2023 briag. Antreffend aber die zu
527 1953 1453 2095 murden by der Cappelen gehabten kurtn
514 2040 1319 2175 habe er 5 daselbst geopferet.
438 2166 1451 2305 Wyters gfragt, worumb er kohlen mit
528 2259 1459 2370 Hasen gaar vrüscht, in eine anner der
491 2319 1480 2447 Stacker gethan, ohne aweifel mit laubert
520 2387 1459 2512 werek bebruchen und etwas böses dar
485 2452 1470 2600 durch zuerrichten. geantwordet, daß
600 2525 1453 2690 silches uß und für sich selbst zu die
498 2616 1447 2786 sii ein gethan, das ime soöliches etwas
512 2682 1432 2850 glücks bring und im kerg gut für
514 2787 1000 2956 güßer sein wurde.
417 2894 1439 3131 lahten habe g war er vor 5 jahren in mide
503 2972 1442 3188 gehabt, sich unschristenlich mit einer gendg
504 3044 1439 3249 rer zubergehen, Die that aber nit sh
500 3088 1444 3329 und sie mit seinem nembro mit berichet, w
505 3164 1423 3387 eben domahs daselbst bim führ ein tochte
2611 320 2702 414 59.
1662 393 2695 562 geseßen und errnsaff ermachrt, so inee an diser
1657 476 2731 600 derthat vhinderet. edech sye er deßhaub entaebt
1670 531 2687 655 wdelb gnünget, letlich tag hernith mit solder
1665 579 2668 713 baren Almonen in tempel gefehrt und
1658 674 2280 784 endtlich lebig gelaßen worden.
1602 727 2639 907 Se habe er sich nuch mit 3 wybenig fleischlich
1646 804 2677 935 Benselt und vrreßen, Er st lels iot einem stall
1617 863 2700 1029 0st Nerban mit muth gsls eines landtstey.
1652 935 2627 1077 ihers freuw, denne zu Olten mit einer
1643 1002 2634 1140 gmeinen dienen, und dann zu kangenthal
1641 1075 2653 1200 mit einer, deren er zwar die ese versprochen
1559 1148 2638 1262 I und 3 dieken drukhen geben, Ire aber mit
1577 1206 2638 1335 gehalten, sonder die 3 dicker widerumb zu
1606 1290 2100 1434 seim handen impfl
1571 1405 2653 1536 Eften alß er mit einen anderen stigküttler 3u
1635 1487 2721 1596 Ottweil gewasen, welchen mit einer dernen nachts
1551 1530 1636 1612 Ex
1617 1553 2686 1678 n der aation begriffen gsy. habind sie mie
1626 1617 2647 1725 gefangnen zwerfinger uf sein richt gelegt
1637 1702 2729 1807 vnd eun eidt geschworen Was aber sliche
1600 1752 2361 1878 bedeh sollen. Mage er int wüßen
1586 1867 2635 2004 ahr gabes er zu seinen 1 jährigen aler
1624 1948 2621 2064 seine helten (so sonst Jacobt hae d füre
1569 2025 2678 2133 unholde genauset, Darüber er also bald
1714 2092 2687 2183 bruppel worden, Vnd wewol er noch lybshalben
1599 2147 2687 2218 vermütlich gnug gein were eine nahrung ußert den batel ze bekommen
1599 2182 2141 2263 habe jedoch er vdlfaltige allmusen zu na
2244 2197 2705 2275 der schullig ae bezoten
1604 2236 2697 2354 eedtlichen dart abe er auch man kauff h2
1508 2267 2689 2406 s zu fuß gangen mit einem mäßen in einem höltz
1546 2342 2575 2492 by frrbreg ermandt und in einer glaben ge
1663 2412 1714 2491 be
1823 2451 1880 2541 9
1578 2499 2122 2631 ihm übrigen dann gat ein
1566 2603 2093 2714 Metzger von Wiblispung
1590 2660 2039 2785 Ir daß, vl
1606 2740 2126 2864 diser gebangne zuw
1616 2827 2001 2929 worhen) inno zu
1620 2902 2043 3024 angriffen und 8
1613 2951 1950 3073 alle helffte ein
1622 3036 1793 3118 auhen
1578 3178 1878 3331 h
1659 3309 1899 3398 einden dorf
1613 3343 1852 3430 aß franf
1850 3384 2029 3459 bege
1603 3412 1906 3500 gurger bat
1583 3440 1980 3563 sae der wde machen
2064 3453 2236 3590 g
2582 3346 2709 3476 selth
