3024 4032
457 1512 523 1634 S
1123 273 1204 343 zwo
615 199 1404 436 aten altengan
611 287 1482 527 beüliche wortt wider seinen großvat
601 344 1461 585 Bßwald ußbrochen. Darzu aber habe
599 404 1461 626 imme villfaltiger anlaß geben, In dem
607 460 1479 694 nit habe w�llen, daß er imme groß t
614 536 1481 758 age, dann er sye in nit. Daß aber
613 595 1487 818 er ime zeschlachen, hand ufgehaben, syn ge
608 671 1471 876 nit, sonder habe inme eine gehalten, alß das
596 737 1422 927 vutter ime das viel nemen wöle
563 803 1485 1050 Dise beid Hans und Hans, wie auch Oßrid
567 908 1503 1116 lütigkhofer ir reppertivre vatter vnd Grosse
598 977 1486 1158 sind dahin erkent, das sie vor chorgricht dee
591 1035 1477 1210 cilten, demnach censuriert, und tedig gelaß
590 1100 1508 1320 werden söllind. cben 12 april 9
761 1293 1439 1473 Nattys Grundthach
697 1397 1478 1551 Melchers sahn der Kilchäi kumbsralt.
577 1538 1466 1684 ach dem Mathys Brundtbacher ein 20
574 1613 1466 1746 oder etwas mehr jehriger von Sumißwald
571 1677 1461 1822 bürtiger gsell vor 8 oder 10 tagen von
548 1765 1460 1881 dem hiesigen iro Spittalmt Aollir als
574 1815 1482 1940 ein dinstknecht geoniget und also bel
556 1888 1468 2026 uff seinen antritt klegten umb verlohrne.
556 1960 1475 2089 saches kommen, umb welcheren willen mehr
554 2047 1468 2162 gwüße nachburen, als er grundtbacher
553 2132 1441 2244 geziget, dannenhar der hr spittalm
542 2201 1467 2318 versachet worden, densachen nachzeforsen
513 2270 1473 2383 Nach welichem sich der fähler ob erwendten.
519 2344 1452 2476 Brundtbach erfunden, darumb dann er
546 2428 1447 2559 gfingklich angenommen und zwar uf
514 2495 1426 2625 sambstag den 24 april 1652. dunch
538 2564 1443 2724 in herren umbgelter müller irs Groß
522 2650 1454 2773 weibel von Wättenweil und her ritzin
507 2700 1447 2885 Zaller nach dem innhalt empfangnen
532 2786 1460 2963 beuelchs in dem kefi Thüren alhie meht
528 2874 1468 3042 wörtig examiniert worden, Der hat
527 2938 1450 3109 aber anders nüt bekennen wollen, alß
494 3018 1450 3225 daß er sich drunder im sunt geüe zu m
517 3105 1454 3302 schwyler und francken (wyßz er daheim
513 3163 1449 3362 nit zu äßen hatte) 4 jahr ernsts wiß
1523 789 1656 898 suberen
2616 241 2716 322 45.
1683 309 2706 466 uf und sich allezeit ohne klag und redlich
1706 367 2668 539 gehalten und erst sidts wienacht nichstl
1698 424 2667 598 uch die Buren nit mehr vermag knechtze
1715 496 2663 628 erhalten) widerumb heim und dasloß
1685 549 2670 699 dannen vor 14 tag alhar begebet, vndt
1709 613 2674 743 bim hrrn spittalmn Dillier dienstge
1705 666 2677 794 nommen Da er leider ußmangel ge
1705 739 2658 848 wandts und kleidung sich nit zugreiffen
1701 793 2690 935 vgeßen, vnd armen buthen genomen, Rat
1707 874 2567 1015 lich abem kilchhoff- 3 frauwen 2
1673 931 2629 1074 eyelachen und ein sembd, welches an
1708 1013 2329 1125 einem lyb gefunden worden
1665 1074 2598 1201 enne seinem Hußman zu Engi auch
1708 1144 1912 1265 sembd
1620 1220 2677 1370 und seinem sohn e däg mit dem bhenckt
1653 1355 2664 1486 Ddisere mißhandlung sye imme hentzlich leid
1683 1413 2373 1553 nit versprechend beßerung.
1640 1556 2689 1715 Ist uf ein gute consur ledig gelaßen worden.
1830 1814 2327 1950 Friderich Fischer
1899 1922 2357 2045 Vßem Brißgene
1575 1991 2669 2122 Wiewol diser osell anfengklich ernstwör.
1684 2068 2594 2175 tig in der afangenscht und uf huff den
1668 2136 2603 2248 mai etbrs mir zummlich marter
1645 2197 2571 2328 Das ist unmahl und in mahl mit dem
1666 2273 2662 2407 vlensten istein examiniert worden, hat e
1657 2338 2617 2461 jedoch nüt anders bekennen wollen, alß
1655 2422 2676 2556 daß er uf dem eben vergangnen qnahtmode
1663 2480 2648 2619 marit einem Buren den seckel ußem seik
1680 2564 2670 2688 gezogen, darob er erdaphet und sschafft
1660 2614 2623 2738 et worden)) deßwegen Er durch den Jen
1667 2688 2603 2829 Groß nach diß tags luth empfr beurlchs
1673 2765 2521 2883 eidtlich von In 93 stett. vnd kandt
1627 2841 2021 2962 verwisen worden.
