3024 4032
597 187 1479 449 aire e
606 258 1509 536 vneangenen
583 340 1522 635 vnderhe ei
586 445 1531 700 auch zu Räblithen 4 lb entfraublet, d
578 498 1533 771 imme widerumb zugestelt habe, ut jedochs
379 558 584 680 auch der h
382 632 534 727 sy halb
587 572 1527 821 Buers nüt bekennen wollen, sonder gott
600 657 1542 903 und E g umb verzeichung gebette wy dien
1042 790 1404 902 glindgelen
533 738 1508 977 Ist 2 mahl lägr und 1 mahl mit de
506 819 1537 1077 leinsen sten uffzogen worden. undg
459 921 1495 1146 Ist den 18. decemb 1652 jn jntzigs betrachten
572 1011 1494 1210 frer vill Kinden, vff eine gute censur, vnd ac
597 1087 1483 1277 trag erstens ledig erkent, da sonst in wide
591 1148 1365 1320 fahl sie ußgeschmitzt worden were.
741 1371 1362 1514 Bendicht Guttman
853 1467 1158 1559 von Burbri
515 1487 1482 1660 Ist nach ußgestandner ehebruchs straff alse
516 1594 1471 1732 n der chorgrichtlichen gefangensicht, alß ein
566 1663 1457 1786 durch sein ußbleiben verruffte Persohn, luth
541 1727 1448 1850 Rhatbeuelchs sub 16 decemb 1652 deß
526 1791 1453 1907 Landtsgwisen worden. Act 18. dito.
712 1961 1176 2139 Petes Acbul
507 2118 1442 2252 Haß Peter Abbul seines handtwercks ein
547 2210 1494 2324 Schneider von Utzstorff nechst verschumnen Lurd
537 2282 1462 2397 marit verzeigt und anklagt worden, daß
556 2341 1465 2460 er vor etwas zeits by 40 elln jystigs zu
544 2415 1462 2558 alhie entwendt habe. Ist er darüber ge
533 2472 1480 2632 fengklich angenomen und uß er gebeufe
530 2528 1475 2697 Den 18. decemb 1652 durch den Wolfen
507 2639 1447 2784 Herren hrs Wilhalm von Dießbach der
540 2683 1454 2858 mittrhat alß verordneten examinatoren
534 2770 1495 2936 der gefangenscht mundt, ernstlich examiniet
545 2816 1459 2983 worden, Den hat um in gegenwürtigk
526 2892 1477 3088 hochgedachts seines hrn examinatoris ore
537 2972 1471 3140 aroli von Borstetten auch er ga mitthatt
519 3031 1475 3240 so sich van nachgeschribner conmission mi
529 3072 1476 3303 turch alda bekunden) hrr spittalm kerte
522 3182 1453 3382 und deß ire Großw bekent, namlich.
2639 345 2737 429 74.
1635 346 2626 496 Das er nit ab, sonder gestendig sein müße, daß
1696 428 2723 540 er im nechst vergangnen sonmer ihner germplen
1684 488 2622 584 an der kntleenwag alhie by23 ellen schmals
1669 534 2700 653 bleickets rnstigssuch, so einer gewisten haffne.
1680 592 2699 702 un alhie gewesen, enstfrombdet und daßelbig
1666 649 2638 761 dieell 2 bz und sonderlich einen teidl zu
1663 709 2736 825 solothuten verkaufft: Jedoch der gediten haffnern
1659 762 2618 870 daßelbig versprochen zeüsetzen und ze bezahlen
1661 813 2708 955 maßen dann er jna bericht denf 6t gz be
1664 897 1890 1004 halt habe.
1703 977 2715 1080 eine habe er meinem hochehrenden herren Hein
1591 1061 2645 1142 lich Torman zur zeit seiner prafectur zu
1639 1093 2722 1218 lantzhutt änet dem twyer daselbst etliche
1649 1153 2735 1281 trengli faden ab der Bleicke entzag. Darunn
1671 1213 2620 1347 aber sye erschag dunden gred gestoßen, Aber
1681 1298 2215 1403 mit torturiert worden en
1624 1353 2685 1502 Dise begangne diebstähl, so imme hertzlich leid
1667 1468 2716 1559 sygind, habe er uß mangel nahrung sein wyß
1655 1503 2695 1631 und kind, (ieh imme brochnen lybshalb ze
1671 1584 2720 1703 arbeiten nit müglich zeerhaltn verbracht.
1632 1638 2681 1779 Welle aber fiers knfftig sich daruor hitt.
1583 1730 2627 1872 Im übrigen dann sye zwar er schon hieuor
1663 1818 2719 1909 auch alhie Im Schallenwerck glwesen, Aber
1661 1872 2642 2004 von keiner anden Vrsach wegen, dann daß
1661 1932 2684 2071 er hrs Haubtman Etter ( von seiner Com¬
1654 2011 2053 2120 Jagen eßgerßen.
1654 2144 2639 2300 Den 27tag decembr. Ist erkendt, daß
1655 2239 2634 2334 obgedachter Abbuel sölle vf ein gute
1660 2305 2699 2398 censur vnd abtrag erstens(So er denselbige
1639 2364 2426 2472 vermac) ledig gelaßen werden.
