3024 4032
210 2753 393 2876 23. octib.
483 241 1228 403 1 Balleli Auken. Auch in sill
450 301 987 445 bdet zu Jegistorff.
1099 343 1430 505 eichn
431 420 1368 627 ernere unthaten hat er nit bekennen
441 493 1385 690 doch noch einen so sein, vnd seines gespanen
456 564 1424 803 schwager sey solle, angeben. Heiße
466 625 1416 835 ußem niderland pürtig, seinen zu ramen
477 719 1406 897 aber wüße er nit, sittenmahl er ihne
466 779 1435 995 nit vill gesechen, diser aben sye zu der zu
470 870 1420 1051 als er jungst allie im Schallenwenck jegen.
461 946 1420 1131 Eeßlet gsin, mit erwendtem seinem gspanen
444 1018 1415 1218 als Ir Landt diebsweiß vmbhergezo¬
430 1159 1396 1336 Ist einmahl lähr und in mahl mit dem
376 1238 1138 1391 kleinen stein ufgagen worden.
478 1668 1134 1814 Ducia Ehlach.
355 1806 1411 1939 Alß dise Lucia erlach von eines vereheligen
430 1902 1410 2025 kindtswegen In die chorgrichtliche gefangen,
441 1974 1419 2102 schafft yngogen und ernstwörtig examiu
433 2042 1411 2175 worden, welch deß kindts vatter sie hat
408 2114 1420 2259 zwar sy einen namens Peter Meyl von Sam
444 2186 1387 2332 angeben. Wyß aber durch nachforschnung
434 2252 1402 2378 keiner deß namens droben zeerfragen gsyn,
427 2332 1414 2458 darneben aber anderen persohnen und ire
434 2394 1407 2549 reden halb gantz verdechtig gefalten, alß
415 2454 1416 2621 Ist deren sach für eg gebracht und drübe
397 2526 1400 2688 sie uß dero beuelch im streike thurz nit
403 2619 1402 2778 Dem 2. hunysen alles ernsts examiniert
427 2677 1395 2839 In gegenwürtigkeit deß ehremmesten et. or
418 2740 1411 2911 shnodor Morlots de� kleinen rhats und r
400 2814 1381 3010 Großweibels von Wattenweil, auch etlich
743 2885 1404 3051 Astinwol aber jra alles ern
425 2981 654 3069 werklen.
393 2942 1402 3191 zugesprochen und angedüte marter arsie
424 3022 1393 3243 gerendt worden. Hat sie jedoch keinen
424 3109 1402 3295 anderen als Peter meyt zum vatter
418 3156 1387 3397 angeben, auch sich verners nit erteabet habe
414 3212 1405 3458 en s lne n en ege e
407 3282 1392 3517 seinen namen inmahl also angeben, vnd die Eh
394 3398 1198 3613 versprochen, sie aber verlaßen habe.
354 3433 1361 3706 Ist uf ein gute canhur ußgelasen und heingew
329 3602 770 3745 aen octob.
1470 691 1583 792 gysein
2476 255 2585 351 29.
1759 333 2305 486 Hannß Küntzi von
1844 433 2176 540 Olingen.
1601 444 2617 631 Den 25.n octobris diß 1681 jahrß ist diser
1616 526 2596 684 lunh durch mhhrs rahtsherren am Borth in
1620 584 2564 782 1r Großweybel uns Wattenwyls undt fr
1603 640 2633 828 fridenrich vor lüt enonits, auß ir zubenelch
1615 707 2601 861 ernstwörtig examiniert und sunderlich ime die
1619 758 2583 912 jenigen pnücten, derenthalb der droben zur Rig
1623 823 2623 1005 gisperg verhaffte Dieb hauß falb ine angeben
1593 887 2613 1040 vndt beschuldiget, furgehalten, vnd darüber
1614 936 2632 1093 befragt worden, hat derselb nachfolgende dieb
1627 1028 2240 1151 stäl angeben und bekhundt
1521 1195 2643 1357 Erstlichen, so habe er vor etwaß zeits auf der
1614 1287 2596 1394 allmendt by kisen dem Hanß Gönman ein sact
1620 1343 2641 1467 vollen k�rnen ab dem wager genommen denselben
1623 1402 2640 1531 ob sich in daß holzgetag und mornderst darnach
1611 1481 2591 1590 abendts mit hilf syner froüwen heim gan d e.
1609 1551 1907 1660 ligen getragen.
1606 1662 2609 1804 Denne habe er mit hilf vermeldts hauß halben
1636 1751 2575 1861 yneß gespanen des ime furgeben, er wüsse
1626 1808 2644 1905 an ernen gewüsen ort 7 mäß khorn, er sölle ime
1639 1871 2628 1997 elbigeß reichen helffen, vnd mir 3 maß daruon
1630 1939 2578 2052 versprochen) in Rauli Hännißhuß zur Nider
1615 2001 2643 2122 nachtorff, ein sachwollen khny entwendt dar¬
1618 2069 2631 2171 nog eir kunzidee versprochen 3 meß undt
1618 2137 2554 2247 nach 3 meß die er ime abbhoufft worden
1629 2204 1790 2296 egind.
1624 2345 2602 2470 ften so habe er in einem anderen ort, ein leib
1630 2459 2569 2559 Brotte ein möß opfelschink und m huß.
1632 2510 2008 2620 käseli entwendt.
1594 2626 2554 2766 Dem Betten zue Kisen synem Vodteren sel¬
1634 2740 2554 2846 ungefahr umb 6 bahen grott genomen.
1574 2890 2531 3045 Daß er aber den jenigen Käß darumer imm
1627 2998 2530 3091 falb by 20 pfunden, daß l umb jbathen
1633 3055 2589 3143 verkhoufft, endtwandt wil er nit gestendig
1627 3115 2569 3215 sein, sundern vermeldet, Hanß Wel auff
1619 3173 2557 3257 der allmendt habe imme denselben anbezahlung
1639 3227 2571 3326 eeß großen Kuchischaffts geben, welcheß er ner von
1630 3281 2257 3386 nöthen, gnugsam erwysen wölle.
