3024 4032
657 261 836 377 165
372 295 1381 582 Müller fur deren einer er sich vßgeben, vndt
389 400 1370 621 gewüsen sein soll pflegen zugebruchen, zu ob
416 469 1365 679 mung deß zusamen gestrubt ten stocks gelt
406 549 1392 753 durch einen gwüßen nechst vnder der Anckenman
397 614 1390 822 wohnhafften Schloßer der von keinem bosen ich
398 681 1382 873 Barget) vf guepfliches zusprechen, nach dem
398 769 1337 945 imme gegebnen mäß, ylend machen laßen.
382 837 1370 1028 Mit, welchem er also bald widerumb zu ence
390 918 1383 1079 nacher Langnauwe gelauffen, vnd zwar
401 1008 1385 1169 der nemung seine angefangne diebische arbeit
375 1066 1390 1255 vnd gehabte intention ußzuführen, und zeuol
367 1147 1357 1308 strewen, sye aber daran durch die wöchter
357 1226 1351 1375 seine behendiger verhinderet und abgehalt
331 1301 1370 1454 Zu disem ynbruch aber von niemandts Veran
359 1374 725 1471 laßet worden.
304 1446 1319 1576 Hat weiters nit bekennen wöllen, und vmb
334 1536 1337 1636 emer mißhandlum willen, gott und e
365 1590 1286 1715 g umb verzeichrung gebäten E
344 1665 908 1781 14. febra 1685
316 1758 1319 1896 Ist durch machte die khät ledig unnd erkent, das
304 1852 1331 1960 er sölle ußgeschmeitt, zeichnet und eidtlich von
371 1902 1339 2025 dero statt unnd kanden verwisen werden. In
366 1972 574 2054 15. dito
581 2034 825 2185 Vashl.
306 2169 1344 2302 Esh Pster Gränich von Schötz, Vergiche, vndt
292 2257 1338 2373 bekenne hiemit diserem erphed, das ich zwar
358 2314 1335 2437 wolnerdient ghan hette, das ich von obbeschi¬
350 2382 1321 2488 buer bekanter groben Vnthat vndt mißhan¬
313 2447 1336 2587 Olnung wegen, von Leben zum todt hette soll
354 2519 1355 2657 hingerichtet werden. Wyl aber uß sonder
345 2570 1299 2740 barer gnad ich von Ir g diser lobe statt
318 2646 1330 2788 kern, edig unnd zu till milteren, dann
343 2699 1341 2863 wolluerdienter straff erkent, undt also
325 2785 1325 2937 bim läben gelaßen wordenlß geloben
335 2845 1303 3019 und versprichen ich hiemit volbedacht, fin
333 2929 1285 3115 diß hin hochgedacht ir g loben statt Bern
326 2969 1335 3189 Stett, gebiet, vnnd kandt, vber Je zundt
342 3054 1343 3284 eßgeschwornen eydt nach deßelben schlünring
317 3135 1339 3328 unn erwylender ußtrettung, nit weiters zebe
317 3192 1301 3407 tretten zu dunchwanderen unnd einien fuß
1808 318 2017 465 1651
1578 279 2591 588 gfend ealt
1608 377 2566 619 derlaug fandlen, vnd thun wurde, Ich mich
1605 463 2600 672 selbs vnwindig vff disem Erdtboden weiters
1574 542 2578 785 ze läben und darumb wollschuldig hinge
1607 606 2602 811 richtet ze werden, erkent, vnd condamnder
1594 661 2593 875 haben wölle, ohne einche verhoffende gnad
1564 790 2161 980 briftlaß rid
1550 886 1951 1046 dafe et susord.
1719 1108 2077 1256 Marthi Ry
1521 1218 2570 1384 nnach uff zinstag den 4tn diß Marthi Rysi
1598 1298 2599 1421 von Minnweil Seyburger gebets nehse eßeit
1612 1350 2547 1490 halb der sensen, alhie im kornhuß uffem Platz
1596 1417 2489 1551 vnderstanden, einen Sack Muli vorn, vndt
1602 1479 2489 1606 einen sack weitzen zeentfrömbden, Ist er
1575 1546 2572 1680 drüberhin ergriffen, vnd nach dem er baldenn
1589 1618 2519 1739 und bald den anderen faltschen namen, wie
1608 1674 2528 1814 auch heimet angeben, Sturff In Ir g ge¬
1583 1743 2604 1893 fangenscht gesetzt und biß ansetzund daselbst
1595 1822 2513 1940 gewahrsam lich enthalten, vnd vff hatt
1571 1886 2568 2010 uff ir ge sonderen benelch, durch die ehrenüesen
1556 1955 2569 2065 herren frn Ge�rg Tribolet deß kleinen B
1572 2031 2568 2129 Hans Rudolff Kerber alt Spettalin v undt
1577 2086 2539 2208 hrn Großweibel Tscharner deß großen reats
1601 2161 2586 2284 ernstwortig examiniert und volgents durch
1571 2228 2569 2365 den scharpfrichter müt einfaltig und zimmlich
1594 2296 2576 2427 marten, in bysyn etlicher ir g weibeln gefelt
1589 2380 1761 2469 wordn
1760 2368 2551 2482 Der hatnun mit, vndt
1585 2436 2565 2574 ohne marter bekent und erhalten. zugrifft
1583 2516 1997 2627 gehaben, wie volget.
1577 2594 2473 2753 estlich, alß er zu Ober Balm estliche jahr
1569 2699 2585 2825 und sonderlich by predicht Bröniman daselbet
1583 2758 2557 2881 gedienet, habe er ime ein halb geschlißenes
1581 2841 2524 2954 par schu rev. So imme wollbekant ent
1577 2908 2544 3023 frombdet, Syge sider her etwan 3 Jahre
1540 3028 2547 3127 Denne Hans Stürler daselbst (wegen gehabt
1585 3103 2550 3202 guten unndtshame und glegenheit) aben
1584 3155 2112 3271 tisch gnon 1 lb Kiß.
