3024 4032
648 179 1506 439 er end ud al shi
812 290 1212 430 andere wehr und
684 373 1339 540 nach von herbst buß domal
752 446 966 542 ebeihet.
820 606 1287 747 Barbara Mort.
730 668 900 791 bara
898 710 1382 842 Mart Peter Rh�rers
899 772 1135 876 vg
1288 826 1385 884 ere
783 833 1420 945 gethanen erkantnus, daß i
856 884 1441 1026 9 Immer Widmers Hans
856 950 1443 1080 von ins faltschlich angekle
628 985 1516 1164 das er jra zum anderen mahl schulen
945 1080 1512 1231 zu woluerdienter straff
657 1147 1545 1331 uf hatt 2 stund ans halßisen gestelt
667 1216 1523 1358 worden. Afed 25 febri 1652
728 1801 1485 1936 l hych gecraen
631 1913 1493 2021 Sarkheiß van Wahm t
583 2018 1517 2163 Uf hutt der von mngs Rhyt und Se
676 2094 1515 2198 ereo den 23. diß egkhenten eydt
662 2160 1503 2254 daß er die statt Lauzburg nit betretten.
660 2211 1505 2337 wolle biß daß er des beiuster Gries
660 2276 1524 2387 werde mnghrs handtsam gemacht haben.
635 2345 1416 2487 Actum den 27. februarii 1652.
872 2567 1415 2723 Hemnens Fischer.
629 2662 1519 2850 Diser hat auch von begangnen dritten
614 2729 1511 2910 Fallerß wegen den ydt prastiert
627 2868 982 2962 Aotumutsusra
2648 218 2740 333 4
1846 258 2464 432 Jacob Büeler
1725 413 2597 600 Niewol Jacob Bueler auf den 27.
1891 455 2665 632 durch die erenwester myne hen
1799 509 2700 688 err Grorg darman er ge reitvehat
1742 567 1836 650 dß
1807 580 2687 761 Ir ahn eostweybel von Watterme ale un
1885 636 2728 782 tman Gabriel Wyß vom große
1718 719 2706 882 a uebe epfangner kenelch teber
1733 771 2708 950 bethante Mortthats Übris synes und sn
1742 831 2664 1001 nach gfangnet verfürten, denhürischen lab
1743 875 2654 1052 wasens handels und wandels halb mit
1781 957 2690 1131 ehrerem ernstwörtig, hernach auch pynli
1758 1024 2676 1169 durch deß Meyster Mächels hand anlag, in
1750 1092 2689 1270 syses etlichen weybtn examiniert und
1745 1175 2664 1320 befragt worden, Hat jedocher dem
1745 1224 2651 1386 niht sy nes vermelter zweyen Hoffan
1732 1287 2635 1447 begangnes Mordthath halb mit andere be
1736 1353 2673 1485 ehanner wollen Also daß jenige waßer
1736 1421 2655 1554 bereidts hievon bekehendt, ajedach den am
1748 1492 2638 1608 syner mitgespanen Hannß genandt und
1746 1555 2621 1683 etwas wyter destribiert namblich
1738 1627 2663 1740 daß er hieuor in franckrych unerhon
1748 1699 2676 1830 Hauptman Reßler vor Fryburg gedtene
1732 1758 2627 1882 vnndt gehzund syn Barts nit ganz schne
1750 1835 2517 1939 under umb etwas brun syn und
1722 1888 2544 2036 geg dem halß griffen, ime zeerueg.
1711 1975 2517 2082 Denna wiewol man ine im ver
1723 2033 2513 2149 haben wöllen, daß zur zeit er inh
1753 2108 2544 2207 vogt stettlerßse mattes gewonet
1742 2154 2719 2252 eintwäders den domalen geweßers Recsir
1726 2211 2612 2331 nachts selbs übel geschlag und tractiert
1732 2277 2704 2395 er gno fristung synes läbens umb hilf rüsh
1759 2341 2461 2479 müßen. oder aber selbs conisendi
1751 2422 2422 2556 geholffen, Syn Jedoch er daß halb
1757 2508 2309 2630 schuldig, domalen neben
1758 2585 2164 2681 sder rund gebeg.
1750 2636 2248 2764 ufgestonden, war aber de
1747 2705 2192 2805 sye imne nit inwüsen
1753 2753 2235 2887 rnach vor Hanß Sud
1741 2843 2266 2954 Münsiger wonhafft an
1756 2901 2241 3014 daß er stubks diser
1745 2980 2091 3073 macort habe.
1734 3133 1839 3208 dem
1738 3197 1852 3302 An
