3024 4032
365 2185 596 2280 m heinr
1204 250 1270 333 2
853 236 1473 455 Manna egen
989 346 1354 483 dy sontiun.
564 406 1441 623 ach dem inhalt abgangnen benelchs
655 475 1536 703 die eßen ambtTrachsellweldt gfahk
673 517 1502 740 alhar gefhüerte Madlena uchenen, fi
667 588 1395 765 nermassen purtig von Luterbach
638 635 1518 850 Bonnastrent uß anlas deß zur canne
1377 732 1487 805 eest
669 718 1558 922 in gemeltem ambt entfromlideten gelte
658 763 1540 978 ernstwortig und mit zimmlicher marter
662 827 1530 1022 exammiert worden, Die hatt umn
660 878 1554 1084 in bysyn und gegenwürtigkheit der vle
646 943 1553 1149 ereunesten et. Herren Thaodor Monlate
630 996 1543 1207 deß kleinen Hrn Margnardt Zechender
658 1049 1554 1265 alten vogts zu Arwangen. hern spitta
635 1117 1546 1325 mr Lerbers und Jr Groswegkel
639 1174 1552 1413 von Wattenwyhl auch etllicher weyle
620 1235 881 1356 bekhendt.
582 1322 1542 1539 erstlich habe sy zwar by 3 uder 4 jahr
619 1402 1543 1574 zu enrich gedienet und darnach gelehrt
638 1447 1521 1633 haußschech machen, darmit sie sich ehrlich
621 1524 1544 1682 durch bringen konnen, Nachen aber
635 1586 1546 1744 sie zu Böser gselcht kommen und verert
639 1674 1550 1806 worden, habe sie nachvolgende diestihl
641 1726 1085 1832 verbringen hel�en.
644 1821 1493 1937 orstlich, Nachden ein gwüser so si
653 1894 1523 2008 nambset klein-Jaggi von Brysach für
640 1956 1553 2070 gebüermaßen uß seinem heümt 10
596 2018 1535 2134 erbgnt unß jennet getragen und selbige
634 2079 1533 2192 verlahren, seye er uf anwysung eines
641 2137 1527 2262 gwüssen in landt umbherstrychenden
622 2210 1534 2308 lasers einem bauwen fü Tams
635 2277 1530 2358 en Amnnenthal gübroch, der erinung
618 2319 1518 2453 uß einem buffet in deinen gwühe
624 2386 1513 2514 ghalt, neben welichem der mr deß
613 2455 1529 2589 huses gelegen, käsen usgetragen, wyen
618 2507 1537 2669 aber er in dem gedeüten Buffet anstalt
597 2575 1530 2727 der gesucht wäsen geldt funden glßhelt
618 2656 1507 2804 er sich desselbigen vermegt vihl gel
631 2733 1515 2841 an Gald, selber und müntz darus
613 2775 1521 2940 entfräübdet Es seige abero gedeite
604 2844 1522 3012 klein-Jaggin dem gauwren, so in seüne
624 2901 1528 3073 ruch klage, uber seine neben gett geen
622 2955 1526 3185 en gege en   etlche
613 3038 1513 3231 wie er und seines gleichn en gmeinl
631 3120 1491 3326 gebracht) bemechtiget und darun
632 3171 1507 3364 mit denselben gedeüts buffet groff
2679 251 2764 342 63.
1717 329 2749 497 wie vihl aber das entwendte geldt in einer
1724 394 2754 547 sum gsiz möge sie nit wüßen. Ihra aber
1727 440 2758 609 so vorüßen die wacht gehalten, seyen nachuol
1738 508 2703 651 gende species darnon worden und imme
1695 582 2677 705 der rest nebendt einem silbernen beches
1720 662 2366 781 und zweye kingen verbliben,
1905 752 2557 881 was ihra worden, ist.
1693 841 2380 985 vierfach dublonen 2
1692 922 2147 1051 Zwisach dublonen
2299 948 2361 1012 2
2319 962 2778 1089 1. Sa aber faltschgfiz
1667 992 2152 1092 Emfache dublonen
1738 1046 2747 1155 und zu Lätern zerschnitten worden.
1668 1141 1975 1244 Waldtsgulde
2331 1187 2379 1247 1.
1684 1226 2025 1324 selbekeronen
2335 1227 2776 1336 6. Darunder 3halb
1689 1300 2008 1411 Rychsthaler
2305 1321 2375 1408 d
1693 1366 1980 1467 Crutdicken
1699 1438 1968 1537 Berndicken
1671 1500 1991 1617 zugerdicken
2284 1508 2380 1597 23.
1662 1575 1874 1682 Muntz
2285 1558 2767 1680 23 l abe verlchen
1670 1685 2651 1802 Den besten theil dises gelts habe zwar
1712 1783 2754 1880 sie de�jenigen mansfrn, welcher sy gewar
1717 1834 2747 1938 samlich alhar gethüert zugehalten geben, welche
1723 1889 2750 1991 ihra angehalten darnah 100 g zeentholern
1705 1950 2752 2053 mit ferwandt die wegen deß in ammen
2130 2020 2158 2057 1
1729 2009 2709 2124 hal serkhanfften Gürtlis schuldige zahlung
1702 2076 2727 2153 darmit zeerlegen, Sie habe aber tnach
1697 2137 2711 2243 deß bychtvatters zu Einsidlen raht
1715 2197 2718 2309 solches widerumb von ihren bezüchen unnd
1704 2260 2731 2367 den verluestigen bauwen wider geben
1721 2322 2723 2419 wölle. Dises geldt aber werde
1697 2372 2760 2509 dißmalen hinder dem jr Großwegbel
1714 2456 1860 2551 ligen.
1702 2525 2674 2667 Denne habe Sie mit helff erwendts
1719 2615 2667 2707 klein taggiß, deßelben er und einer
1684 2667 2729 2776 derselben schw�steren, so nach ledig circht
1687 2733 2709 2842 dridte schwöster entzig im landtumbher
1687 2795 2696 2900 züchel) zu wrub. 50 ellen rystigs auch
1708 2853 2711 2963 entttrombdet und daselbst in die sagen
1711 2921 2146 3040 getragen zu worb.
1676 2939 2752 3110 Item 5 ehl wülligs tuch und by 5 oder 6 mas
1700 3072 1882 3174 Anken.
1688 3078 2716 3218 Wyters auch mit imme klein Jagge in nechst
1709 3154 2703 3272 vergangnem soüwet obenthalb dießnach
1702 3243 2132 3336 eis Anken ballen
