<?xml version="1.0" encoding="UTF-8" standalone="yes"?>
<PcGts xmlns="http://schema.primaresearch.org/PAGE/gts/pagecontent/2013-07-15" xmlns:xsi="http://www.w3.org/2001/XMLSchema-instance" xsi:schemaLocation="http://schema.primaresearch.org/PAGE/gts/pagecontent/2013-07-15 http://schema.primaresearch.org/PAGE/gts/pagecontent/2013-07-15/pagecontent.xsd">
    <Metadata>
        <Creator>prov=University of Rostock/Institute of Mathematics/CITlab|PLANET AI GmbH/Gundram Leifert/gundram.leifert@planet-ai.de:name=German_Kurrent_XVI-XVIII_M1(htr_id=19584)::::v=2.6.6
prov=University of Rostock/Institute of Mathematics/CITlab|PLANET AI GmbH/Tobias Gruening/tobias.gruening@planet-ai.de:name=de.uros.citlab.module.baseline2polygon.B2PSeamMultiOriented:v=2.6.6
prov=University of Rostock/Institute of Mathematics/CITlab|PLANET AI GmbH/Tobias Gruening/tobias.gruening@planet-ai.de:name=/net_tf/LA73_249_0mod360.pb:de.uros.citlab.segmentation.CITlab_LA_ML:v=2.6.6
Transkribus</Creator>
        <Created>2020-10-05T11:43:07.962+02:00</Created>
        <LastChange>2022-09-12T14:43:12.420+02:00</LastChange>
        <TranskribusMetadata docId="1334828" pageId="52361097" pageNr="86" tsid="114642875" status="IN_PROGRESS" userId="9570" imgUrl="https://files.transkribus.eu/Get?id=ZIPXFQTMPFLDRUPFLTMSNZZL&amp;fileType=view" xmlUrl="https://files.transkribus.eu/Get?id=YVIZWKSYFNXCGGVTIAKRRWKZ" imageId="16045032"/>
    </Metadata>
    <Page imageFilename="IMG_7883.JPG" imageWidth="3024" imageHeight="4032">
        <ReadingOrder>
            <OrderedGroup id="ro_1687513745186" caption="Regions reading order">
                <RegionRefIndexed index="0" regionRef="r1"/>
                <RegionRefIndexed index="1" regionRef="r2"/>
            </OrderedGroup>
        </ReadingOrder>
        <TextRegion orientation="0.0" id="r1" custom="readingOrder {index:0;}">
            <Coords points="578,307 578,3323 1623,3323 1623,307"/>
            <TextLine id="r1l1" custom="readingOrder {index:0;}">
                <Coords points="1075,329 1205,383 1255,366 1313,393 1357,387 1381,411 1449,411 1579,473 1593,416 1537,396 1474,304 1411,312 1384,285 1337,307 1259,310 1218,283 1169,304 1085,288"/>
                <Baseline points="1080,335 1106,340 1132,346 1158,350 1184,355 1210,360 1236,366 1262,371 1288,375 1314,381 1340,386 1366,392 1392,398 1418,406 1444,414 1470,421 1496,431 1522,442 1548,453 1574,464"/>
                <TextEquiv>
                    <Unicode>und baen</Unicode>
                </TextEquiv>
            </TextLine>
            <TextLine id="r1l2" custom="readingOrder {index:1;} person {offset:2; length:7; continued:true;}">
                <Coords points="1054,412 1106,430 1156,411 1328,483 1403,489 1453,521 1488,514 1599,571 1618,499 1525,444 1333,413 1317,392 1281,406 1241,366 1198,383 1076,330"/>
                <Baseline points="1064,399 1090,402 1117,405 1144,409 1171,413 1198,418 1225,423 1251,429 1278,435 1305,441 1332,449 1359,455 1386,463 1413,472 1439,481 1466,490 1493,498 1520,508 1547,519 1574,529 1601,540"/>
                <TextEquiv>
                    <Unicode>d bernhen</Unicode>
                </TextEquiv>
            </TextLine>
            <TextLine id="r1l3" custom="readingOrder {index:2;} person {offset:0; length:5; continued:true;}">
                <Coords points="725,472 1311,588 1393,639 1449,626 1528,684 1624,688 1634,646 1568,600 1469,591 1408,537 1241,529 1156,458 1091,480 885,446 753,351"/>
                <Baseline points="732,468 776,475 820,481 865,488 909,495 953,501 998,510 1042,519 1086,528 1131,537 1175,547 1219,557 1264,567 1308,579 1352,591 1397,604 1441,617 1485,632 1530,646 1574,662 1619,678"/>
                <TextEquiv>
                    <Unicode>vnngg</Unicode>
                </TextEquiv>
            </TextLine>
            <TextLine id="r1l4" custom="readingOrder {index:3;}">
                <Coords points="750,550 949,607 1035,574 1153,648 1252,620 1295,669 1404,663 1498,725 1627,749 1635,712 1581,675 1524,682 1309,589 1049,549 963,502 759,510"/>
                <Baseline points="759,539 802,544 845,551 888,558 931,565 975,572 1018,580 1061,589 1104,595 1147,605 1191,614 1234,624 1277,634 1320,644 1363,655 1407,667 1450,679 1493,692 1536,705 1579,719 1623,734"/>
                <TextEquiv>
                    <Unicode>15 jährige wybspersohn von dirand den</Unicode>
                </TextEquiv>
            </TextLine>
            <TextLine id="r1l5" custom="readingOrder {index:4;} person {offset:0; length:8;} place {offset:24; length:9;}">
                <Coords points="704,619 1273,724 1344,707 1603,810 1615,750 1487,730 1348,650 1281,672 1209,627 1139,646 1034,574 950,616 876,568 782,582 718,554"/>
                <Baseline points="714,602 758,609 802,616 847,622 891,630 935,636 980,643 1024,650 1068,657 1113,665 1157,673 1201,682 1246,690 1290,700 1334,710 1379,721 1423,733 1467,746 1512,760 1556,775 1601,791"/>
                <TextEquiv>
                    <Unicode>Wolpdlen jr sigmund von Wallenwol</Unicode>
                </TextEquiv>
            </TextLine>
            <TextLine id="r1l6" custom="readingOrder {index:5;} organization {offset:15; length:12;}">
                <Coords points="712,693 808,722 894,691 1100,775 1289,768 1369,827 1433,803 1610,875 1632,830 1422,728 1162,721 1052,668 803,666 726,621"/>
                <Baseline points="723,675 767,681 812,687 857,693 902,700 947,706 991,713 1036,721 1081,728 1126,735 1171,742 1215,751 1260,760 1305,769 1350,780 1395,791 1439,801 1484,814 1529,827 1574,841 1619,857"/>
                <TextEquiv>
                    <Unicode>Burger und deß großen rahts diser stat</Unicode>
                </TextEquiv>
            </TextLine>
            <TextLine id="r1l7" custom="readingOrder {index:6;}">
                <Coords points="740,755 1058,799 1144,842 1188,818 1238,868 1350,850 1598,921 1607,870 1540,869 1433,804 1377,828 1318,782 1172,752 1101,776 964,748 939,717 748,709"/>
                <Baseline points="747,750 789,756 831,762 873,766 916,773 958,778 1000,784 1043,791 1085,797 1127,804 1170,811 1212,818 1254,826 1296,834 1339,843 1381,851 1423,861 1466,872 1508,883 1550,894 1593,906"/>
                <TextEquiv>
                    <Unicode>alhie, etlwas zyts gedienet und ein</Unicode>
                </TextEquiv>
            </TextLine>
            <TextLine id="r1l8" custom="readingOrder {index:7;}">
                <Coords points="718,860 845,828 989,884 1142,876 1533,960 1581,1004 1630,959 1567,906 1419,897 1350,851 1250,876 1199,838 1107,842 878,773 730,795"/>
                <Baseline points="732,821 776,825 820,829 865,835 909,839 953,845 998,851 1042,857 1086,864 1131,871 1175,879 1219,886 1264,895 1308,904 1352,913 1397,925 1441,934 1485,945 1530,958 1574,971 1619,984"/>
                <TextEquiv>
                    <Unicode>gwüßes sonst wol verwart gewesnet, wa</Unicode>
                </TextEquiv>
            </TextLine>
            <TextLine id="r1l9" custom="readingOrder {index:8;} person {offset:0; length:4;}">
                <Coords points="709,901 918,925 978,978 1054,937 1249,960 1606,1065 1622,995 1579,1002 1538,964 1497,985 1407,928 1358,948 1286,904 1130,914 1034,868 974,889 843,828 715,862"/>
                <Baseline points="716,894 760,897 805,900 849,905 894,911 938,915 983,920 1027,926 1072,932 1116,938 1161,946 1206,954 1250,962 1295,970 1339,979 1384,989 1428,999 1473,1009 1517,1020 1562,1031 1607,1044"/>
                <TextEquiv>
                    <Unicode>duri underschidenliche kleinodien, hieri</Unicode>
                </TextEquiv>
            </TextLine>
            <TextLine id="r1l10" custom="readingOrder {index:9;}">
                <Coords points="716,993 830,980 946,1055 1162,1010 1247,1067 1396,1060 1443,1119 1555,1131 1604,1120 1613,1066 1327,980 1244,1003 1195,961 1123,994 1048,944 977,978 898,922 757,946 727,925"/>
                <Baseline points="726,977 769,980 813,982 856,985 900,989 944,992 987,998 1031,1002 1074,1008 1118,1013 1162,1019 1205,1026 1249,1034 1292,1042 1336,1050 1380,1060 1423,1069 1467,1079 1510,1091 1554,1103 1598,1116"/>
                <TextEquiv>
                    <Unicode>und silbergschier in synem hus usgespächten,</Unicode>
                </TextEquiv>
            </TextLine>
            <TextLine id="r1l11" custom="readingOrder {index:10;}">
                <Coords points="704,1059 1018,1070 1305,1158 1377,1136 1613,1187 1622,1126 1423,1114 1385,1073 1310,1081 1280,1049 1227,1078 1163,1014 944,1053 819,993 712,1007"/>
                <Baseline points="714,1044 758,1049 803,1053 847,1057 892,1062 937,1067 981,1071 1026,1077 1071,1082 1115,1088 1160,1093 1205,1101 1249,1107 1294,1115 1339,1122 1383,1131 1428,1141 1473,1151 1517,1161 1562,1171 1607,1184"/>
                <TextEquiv>
                    <Unicode>also das nach quittiertem dienste Sie vnd</Unicode>
                </TextEquiv>
            </TextLine>
            <TextLine id="r1l12" custom="readingOrder {index:11;}">
                <Coords points="695,1169 852,1134 954,1194 1147,1165 1196,1214 1357,1196 1542,1267 1607,1257 1616,1188 1487,1195 1373,1137 1306,1158 1185,1112 1103,1131 1008,1071 921,1104 872,1077 820,1095 778,1052 708,1076"/>
                <Baseline points="708,1125 752,1129 797,1133 841,1136 886,1140 931,1145 975,1149 1020,1155 1065,1160 1109,1165 1154,1171 1199,1178 1243,1184 1288,1192 1333,1199 1377,1206 1422,1214 1467,1222 1511,1230 1556,1239 1601,1248"/>
                <TextEquiv>
                    <Unicode>It auch zugegen stehender Veller dan</Unicode>
                </TextEquiv>
            </TextLine>
            <TextLine id="r1l13" custom="readingOrder {index:12;} person {offset:0; length:7;}">
                <Coords points="674,1243 734,1209 1040,1262 1140,1239 1244,1311 1375,1266 1430,1305 1606,1324 1581,1264 1499,1272 1440,1215 1358,1197 1290,1229 1197,1214 1146,1169 1038,1207 829,1135 682,1179"/>
                <Baseline points="684,1208 729,1209 775,1212 821,1214 867,1217 912,1220 958,1224 1004,1228 1050,1233 1095,1238 1141,1242 1187,1249 1233,1254 1278,1261 1324,1268 1370,1276 1416,1285 1461,1293 1507,1302 1553,1312 1599,1322"/>
                <TextEquiv>
                    <Unicode>Berrodt, den sie solichen Statzendekte</Unicode>
                </TextEquiv>
            </TextLine>
            <TextLine id="r1l14" custom="readingOrder {index:13;}">
                <Coords points="713,1271 1013,1299 1090,1370 1268,1337 1348,1402 1416,1363 1451,1401 1595,1403 1604,1323 1476,1333 1372,1267 1244,1312 1198,1261 1113,1247 1028,1279 860,1217 784,1246 719,1229"/>
                <Baseline points="720,1275 763,1278 807,1281 850,1285 894,1289 937,1292 981,1297 1024,1301 1068,1307 1111,1311 1155,1317 1198,1323 1242,1329 1285,1336 1329,1343 1372,1350 1416,1358 1459,1365 1503,1375 1546,1383 1590,1392"/>
                <TextEquiv>
                    <Unicode>resolution gefaßet, dieselbigen vß</Unicode>
                </TextEquiv>
            </TextLine>
            <TextLine id="r1l15" custom="readingOrder {index:14;}">
                <Coords points="693,1365 960,1370 1029,1435 1136,1395 1368,1426 1413,1465 1606,1465 1575,1406 1460,1408 1415,1363 1348,1401 1271,1338 1138,1373 1074,1366 1025,1309 980,1332 883,1287 774,1331 703,1293"/>
                <Baseline points="702,1349 746,1352 791,1354 836,1358 881,1362 926,1365 971,1370 1015,1376 1060,1380 1105,1386 1150,1391 1195,1398 1240,1404 1285,1412 1329,1418 1374,1426 1419,1434 1464,1442 1509,1450 1554,1460 1599,1469"/>
                <TextEquiv>
                    <Unicode>dem Trögli gu entfrömliden, maße</Unicode>
                </TextEquiv>
            </TextLine>
            <TextLine id="r1l16" custom="readingOrder {index:15;}">
                <Coords points="690,1439 843,1432 910,1473 1069,1489 1261,1480 1395,1544 1453,1514 1582,1566 1611,1566 1623,1474 1439,1454 1381,1481 1272,1437 1223,1464 1171,1415 1027,1430 987,1388 956,1410 857,1362 796,1397 697,1388"/>
                <Baseline points="699,1425 744,1428 789,1432 835,1437 880,1440 926,1445 971,1449 1017,1456 1062,1461 1108,1467 1153,1473 1198,1479 1244,1485 1289,1492 1335,1499 1380,1505 1426,1512 1471,1519 1517,1526 1562,1534 1608,1541"/>
                <TextEquiv>
                    <Unicode>das beschechen, vnd dise verrichtete dies</Unicode>
                </TextEquiv>
            </TextLine>
            <TextLine id="r1l17" custom="readingOrder {index:16;}">
                <Coords points="710,1520 901,1529 927,1555 977,1531 1087,1586 1211,1559 1605,1619 1608,1588 1502,1523 1408,1560 1265,1484 1058,1515 967,1464 755,1491 716,1461"/>
                <Baseline points="717,1511 761,1514 805,1516 849,1519 893,1524 937,1527 981,1532 1025,1535 1069,1539 1113,1544 1158,1549 1202,1554 1246,1559 1290,1565 1334,1571 1378,1576 1422,1581 1466,1588 1510,1594 1554,1600 1599,1607"/>
                <TextEquiv>
                    <Unicode>dermitlest eineß durch, ein mit dem</Unicode>
                </TextEquiv>
            </TextLine>
            <TextLine id="r1l18" custom="readingOrder {index:17;} place {offset:16; length:7;}">
                <Coords points="692,1624 731,1643 895,1588 964,1636 1067,1614 1190,1657 1239,1643 1290,1695 1382,1667 1436,1713 1587,1730 1599,1619 1405,1576 1355,1601 1210,1560 1101,1589 911,1538 855,1570 773,1530 701,1537"/>
                <Baseline points="702,1589 746,1589 790,1590 834,1593 879,1596 923,1599 967,1604 1011,1608 1056,1612 1100,1617 1144,1623 1188,1627 1233,1634 1277,1640 1321,1645 1365,1651 1410,1654 1454,1660 1498,1664 1542,1668 1587,1670"/>
                <TextEquiv>
                    <Unicode>Edlen wapen von Ligertz gezeihnte</Unicode>
                </TextEquiv>
            </TextLine>
            <TextLine id="r1l19" custom="readingOrder {index:18;} place {offset:21; length:6;}">
                <Coords points="696,1688 759,1707 854,1664 900,1701 1102,1694 1180,1752 1334,1713 1423,1755 1595,1749 1597,1680 1519,1712 1419,1661 1324,1702 1234,1644 1186,1658 1067,1614 1000,1614 935,1660 882,1609 817,1653 701,1631"/>
                <Baseline points="704,1682 748,1679 792,1679 836,1679 881,1679 925,1680 969,1682 1013,1685 1058,1689 1102,1694 1146,1697 1190,1701 1235,1707 1279,1710 1323,1716 1367,1721 1412,1725 1456,1728 1500,1732 1544,1736 1589,1739"/>
                <TextEquiv>
                    <Unicode>den he. landtvogt zu Nydoaw</Unicode>
                </TextEquiv>
            </TextLine>
            <TextLine id="r1l20" custom="readingOrder {index:19;} person {offset:6; length:15;}">
                <Coords points="679,1776 804,1789 867,1757 976,1813 1083,1780 1164,1821 1230,1784 1303,1822 1365,1793 1408,1832 1522,1849 1598,1824 1601,1772 1553,1744 1423,1755 1339,1713 1200,1757 1078,1698 684,1700"/>
                <Baseline points="687,1758 732,1757 777,1757 822,1758 868,1758 913,1760 958,1763 1003,1764 1049,1767 1094,1770 1139,1773 1184,1777 1230,1781 1275,1784 1320,1788 1365,1792 1411,1795 1456,1799 1501,1802 1546,1805 1592,1808"/>
                <TextEquiv>
                    <Unicode>durch Stoffel wyrnegs den schur</Unicode>
                </TextEquiv>
            </TextLine>
            <TextLine id="r1l21" custom="readingOrder {index:20;}">
                <Coords points="676,1866 712,1846 806,1874 888,1835 1008,1870 1038,1846 1224,1881 1339,1868 1398,1908 1564,1897 1566,1861 1503,1831 1436,1844 1348,1798 1298,1830 1255,1797 1163,1822 1083,1780 1002,1825 928,1778 681,1776"/>
                <Baseline points="684,1841 727,1841 771,1839 815,1839 859,1841 902,1841 946,1842 990,1844 1034,1845 1077,1847 1121,1849 1165,1851 1209,1854 1252,1857 1296,1861 1340,1863 1384,1867 1427,1872 1471,1876 1515,1880 1559,1884"/>
                <TextEquiv>
                    <Unicode>Ihren Vetter daselbst feil gebadtee</Unicode>
                </TextEquiv>
            </TextLine>
            <TextLine id="r1l22" custom="readingOrder {index:21;} person {offset:0; length:6;}">
                <Coords points="677,1932 1035,1930 1157,1960 1245,1922 1454,1969 1578,1959 1580,1917 1536,1887 1414,1917 1347,1868 1215,1885 1132,1851 931,1901 883,1867 829,1892 716,1849 679,1864"/>
                <Baseline points="684,1917 728,1917 772,1917 817,1919 861,1919 906,1920 950,1922 994,1923 1039,1926 1083,1928 1128,1929 1172,1932 1216,1933 1261,1935 1305,1937 1350,1940 1394,1941 1438,1943 1483,1945 1527,1946 1572,1947"/>
                <TextEquiv>
                    <Unicode>Urlinß entdeckt, Darüber des</Unicode>
                </TextEquiv>
            </TextLine>
            <TextLine id="r1l23" custom="readingOrder {index:22;}">
                <Coords points="694,2041 749,2050 867,1996 902,2028 1003,1997 1091,2058 1190,2020 1341,2045 1391,2011 1465,2061 1531,2017 1591,2029 1592,1972 1549,1956 1297,1958 1242,1923 1162,1971 1047,1980 934,1933 871,1964 784,1924 696,1937"/>
                <Baseline points="702,1998 746,1997 790,1997 834,1998 878,1998 922,2000 966,2000 1010,2002 1054,2003 1098,2004 1143,2006 1187,2007 1231,2009 1275,2010 1319,2012 1363,2013 1407,2013 1451,2015 1495,2015 1539,2015 1584,2015"/>
                <TextEquiv>
                    <Unicode>sach ernstig nachgeforschet, die thedter</Unicode>
                </TextEquiv>
            </TextLine>
            <TextLine id="r1l24" custom="readingOrder {index:23;}">
                <Coords points="702,2101 833,2080 886,2109 963,2082 1015,2110 1047,2084 1097,2112 1234,2087 1397,2109 1441,2085 1530,2125 1599,2115 1601,2024 1541,2063 1191,2021 1137,2060 984,2061 933,2014 873,2012 763,2058 703,2042"/>
                <Baseline points="708,2085 752,2082 796,2081 840,2081 885,2079 929,2081 973,2081 1017,2082 1062,2084 1106,2085 1150,2087 1194,2088 1239,2090 1283,2091 1327,2091 1371,2093 1416,2093 1460,2093 1504,2091 1548,2091 1593,2088"/>
                <TextEquiv>
                    <Unicode>in erfahrung gebracht und sie ergeffen.</Unicode>
                </TextEquiv>
            </TextLine>
            <TextLine id="r1l25" custom="readingOrder {index:24;}">
                <Coords points="697,2190 860,2160 1119,2169 1182,2215 1238,2166 1490,2194 1602,2161 1602,2116 1521,2132 1487,2103 1387,2149 1342,2105 1274,2135 1234,2105 1135,2139 1043,2090 885,2108 837,2075 697,2130"/>
                <Baseline points="704,2165 748,2163 793,2160 837,2160 882,2159 926,2160 971,2160 1015,2161 1060,2162 1104,2163 1149,2165 1194,2166 1238,2168 1283,2168 1327,2169 1372,2169 1416,2169 1461,2169 1505,2167 1550,2165 1595,2162"/>
                <TextEquiv>
                    <Unicode>volgendts alhie nach nothurfft undt</Unicode>
                </TextEquiv>
            </TextLine>
            <TextLine id="r1l26" custom="readingOrder {index:25;}">
                <Coords points="669,2255 772,2291 831,2255 953,2271 1012,2238 1206,2278 1284,2257 1332,2294 1413,2249 1588,2277 1588,2183 1520,2222 1239,2166 1182,2215 1019,2165 967,2200 893,2167 669,2188"/>
                <Baseline points="675,2247 720,2246 765,2246 810,2246 856,2246 901,2246 946,2246 992,2246 1037,2247 1082,2247 1128,2247 1173,2249 1218,2249 1263,2249 1309,2249 1354,2249 1399,2249 1445,2247 1490,2246 1535,2244 1581,2243"/>
                <TextEquiv>
                    <Unicode>vmbstenden, theils mundt, theils prili</Unicode>
                </TextEquiv>
            </TextLine>
            <TextLine id="r1l27" custom="readingOrder {index:26;}">
                <Coords points="680,2362 1028,2342 1231,2376 1361,2320 1398,2354 1500,2346 1549,2377 1565,2243 1413,2250 1325,2298 1170,2271 1102,2306 1014,2238 898,2311 680,2291"/>
                <Baseline points="687,2340 730,2336 774,2334 817,2334 861,2334 905,2334 948,2335 992,2336 1035,2337 1079,2340 1123,2342 1166,2342 1210,2343 1253,2345 1297,2345 1341,2343 1384,2342 1428,2339 1471,2336 1515,2331 1559,2324"/>
                <TextEquiv>
                    <Unicode>exammiert worden etc. abendt sy,</Unicode>
                </TextEquiv>
            </TextLine>
            <TextLine id="r1l28" custom="readingOrder {index:27;}">
                <Coords points="651,2453 866,2469 944,2420 1020,2479 1092,2420 1386,2441 1568,2404 1568,2368 1519,2353 1483,2386 1360,2321 1169,2399 997,2348 650,2368"/>
                <Baseline points="657,2438 702,2430 747,2425 792,2420 838,2417 883,2416 928,2416 973,2417 1019,2418 1064,2420 1109,2421 1154,2424 1200,2425 1245,2426 1290,2426 1335,2424 1381,2422 1426,2419 1471,2413 1516,2405 1562,2394"/>
                <TextEquiv>
                    <Unicode>In bysyn und gegen würtigkheit</Unicode>
                </TextEquiv>
            </TextLine>
            <TextLine id="r1l29" custom="readingOrder {index:28;}">
                <Coords points="572,2518 720,2519 788,2573 930,2504 1093,2528 1207,2492 1303,2528 1591,2488 1589,2407 1410,2462 1353,2429 1134,2455 1094,2419 1020,2479 929,2435 782,2484 638,2451 571,2491"/>
                <Baseline points="578,2519 628,2516 678,2512 728,2510 779,2508 829,2507 879,2507 930,2507 980,2507 1030,2507 1081,2507 1131,2507 1181,2505 1231,2505 1282,2503 1332,2501 1382,2498 1433,2493 1483,2488 1533,2482 1584,2474"/>
                <TextEquiv>
                    <Unicode>der hochgnachten s h f f und wen</Unicode>
                </TextEquiv>
            </TextLine>
            <TextLine id="r1l30" custom="readingOrder {index:29;} person {offset:8; length:6;}">
                <Coords points="646,2641 698,2663 759,2611 806,2631 913,2590 1023,2592 1093,2637 1247,2588 1303,2629 1409,2575 1536,2588 1575,2560 1571,2482 1498,2518 1351,2500 1260,2526 1224,2501 1047,2538 931,2503 838,2574 719,2519 641,2545"/>
                <Baseline points="651,2610 696,2605 742,2599 788,2596 834,2593 880,2591 926,2589 971,2588 1017,2586 1063,2586 1109,2585 1155,2584 1201,2583 1247,2580 1292,2579 1338,2576 1384,2572 1430,2568 1476,2561 1522,2554 1568,2546"/>
                <TextEquiv>
                    <Unicode>HHreren Abrach andt am Pardts deß</Unicode>
                </TextEquiv>
            </TextLine>
            <TextLine id="r1l31" custom="readingOrder {index:30;}">
                <Coords points="632,2706 828,2713 954,2678 1014,2716 1052,2684 1111,2709 1334,2668 1424,2689 1483,2641 1594,2630 1591,2585 1484,2567 1301,2630 1245,2588 1095,2638 1019,2593 938,2634 830,2619 780,2658 732,2634 630,2668"/>
                <Baseline points="639,2706 686,2697 733,2691 781,2685 828,2682 875,2679 923,2678 970,2676 1017,2676 1065,2675 1112,2675 1159,2674 1207,2673 1254,2672 1301,2669 1349,2665 1396,2660 1443,2653 1491,2644 1538,2633 1586,2619"/>
                <TextEquiv>
                    <Unicode>kleien und ir Beühardts von Woe</Unicode>
                </TextEquiv>
            </TextLine>
            <TextLine id="r1l32" custom="readingOrder {index:31;}">
                <Coords points="645,2805 705,2791 753,2828 800,2786 946,2778 1020,2828 1219,2762 1337,2799 1576,2711 1571,2646 1471,2683 1240,2700 1209,2677 1015,2717 954,2678 893,2733 766,2708 641,2748"/>
                <Baseline points="651,2799 696,2790 742,2782 788,2777 834,2772 880,2769 926,2768 971,2766 1017,2765 1063,2763 1109,2763 1155,2762 1201,2760 1247,2758 1292,2756 1338,2752 1384,2746 1430,2739 1476,2730 1522,2719 1568,2705"/>
                <TextEquiv>
                    <Unicode>Wyl Großweybels und großen</Unicode>
                </TextEquiv>
            </TextLine>
            <TextLine id="r1l33" custom="readingOrder {index:32;}">
                <Coords points="654,2892 748,2917 884,2852 956,2875 1032,2843 1182,2877 1280,2835 1359,2860 1431,2813 1569,2814 1577,2737 1323,2803 1221,2772 1008,2828 964,2795 887,2823 799,2787 762,2828 649,2831"/>
                <Baseline points="660,2883 705,2875 751,2871 797,2865 843,2861 888,2858 934,2855 980,2853 1026,2850 1071,2849 1117,2847 1163,2846 1209,2842 1254,2839 1300,2836 1346,2831 1392,2824 1437,2819 1483,2810 1529,2800 1575,2789"/>
                <TextEquiv>
                    <Unicode>rachts, auch etlicher mahl weien</Unicode>
                </TextEquiv>
            </TextLine>
            <TextLine id="r1l34" custom="readingOrder {index:33;}">
                <Coords points="654,3016 1059,2924 1294,2931 1387,2889 1513,2906 1572,2860 1565,2794 1429,2855 1273,2842 1182,2877 1032,2843 878,2926 781,2885 647,2954"/>
                <Baseline points="656,2975 701,2968 747,2960 792,2954 838,2949 883,2945 929,2940 974,2936 1020,2933 1065,2929 1111,2925 1156,2921 1202,2917 1247,2913 1293,2908 1338,2904 1384,2898 1429,2891 1475,2883 1520,2876 1566,2865"/>
                <TextEquiv>
                    <Unicode>alhier, den 25. vnd 26. febr nachther</Unicode>
                </TextEquiv>
            </TextLine>
            <TextLine id="r1l35" custom="readingOrder {index:34;}">
                <Coords points="653,3079 718,3107 828,3036 990,3011 1091,3036 1301,2991 1403,3032 1482,2975 1572,2969 1563,2881 1409,2902 1348,2954 1216,2918 1087,2929 815,3002 704,2984 648,3030"/>
                <Baseline points="657,3057 702,3050 747,3042 792,3036 838,3031 883,3025 928,3021 974,3016 1019,3012 1064,3009 1110,3004 1155,3001 1200,2997 1245,2992 1291,2988 1336,2983 1381,2978 1427,2972 1472,2966 1517,2959 1563,2951"/>
                <TextEquiv>
                    <Unicode>freywillig bekendt und wahrsi eehl</Unicode>
                </TextEquiv>
            </TextLine>
            <TextLine id="r1l36" custom="readingOrder {index:35;}">
                <Coords points="647,3167 706,3193 796,3112 981,3134 1028,3094 1235,3093 1268,3067 1347,3113 1413,3045 1563,3016 1555,2946 1515,2990 1342,3030 1238,2997 977,3058 936,3034 696,3076 633,3057"/>
                <Baseline points="650,3140 695,3133 740,3128 786,3122 831,3117 876,3113 922,3108 967,3103 1012,3099 1058,3095 1103,3090 1148,3086 1194,3080 1239,3074 1284,3068 1330,3061 1375,3054 1420,3046 1466,3037 1511,3026 1557,3015"/>
                <TextEquiv>
                    <Unicode>daß leyder, sy beide gegenwürtn</Unicode>
                </TextEquiv>
            </TextLine>
            <TextLine id="r1l37" custom="readingOrder {index:36;} person {offset:0; length:12;} person {offset:17; length:10;}">
                <Coords points="611,3257 807,3196 862,3216 1181,3152 1237,3184 1265,3149 1395,3154 1476,3099 1558,3118 1545,3013 1420,3046 1347,3112 1274,3068 927,3146 790,3118 733,3185 602,3186"/>
                <Baseline points="614,3230 660,3222 707,3214 754,3207 800,3202 847,3197 894,3192 940,3187 987,3182 1034,3177 1081,3172 1127,3167 1174,3162 1221,3156 1267,3150 1314,3143 1361,3134 1407,3125 1454,3115 1501,3103 1548,3090"/>
                <TextEquiv>
                    <Unicode>Danid Berrod und Eßer Bules.</Unicode>
                </TextEquiv>
            </TextLine>
            <TextLine id="r1l38" custom="readingOrder {index:37;}">
                <Coords points="652,3316 789,3344 895,3262 1088,3305 1330,3239 1404,3261 1538,3197 1564,3110 1476,3098 1404,3151 1265,3150 1238,3183 1184,3154 1074,3204 914,3186 867,3225 757,3222 645,3274"/>
                <Baseline points="657,3308 702,3298 747,3289 792,3281 838,3274 883,3268 928,3263 974,3258 1019,3253 1064,3249 1110,3245 1155,3239 1200,3234 1245,3228 1291,3220 1336,3213 1381,3204 1427,3192 1472,3180 1517,3165 1563,3149"/>
                <TextEquiv>
                    <Unicode>mit sambtlicher huff den 21. junii</Unicode>
                </TextEquiv>
            </TextLine>
            <TextEquiv>
                <Unicode>und baen
d bernhen
vnngg
15 jährige wybspersohn von dirand den
Wolpdlen jr sigmund von Wallenwol
Burger und deß großen rahts diser stat
alhie, etlwas zyts gedienet und ein
gwüßes sonst wol verwart gewesnet, wa
duri underschidenliche kleinodien, hieri
und silbergschier in synem hus usgespächten,
also das nach quittiertem dienste Sie vnd
It auch zugegen stehender Veller dan
Berrodt, den sie solichen Statzendekte
resolution gefaßet, dieselbigen vß
dem Trögli gu entfrömliden, maße
das beschechen, vnd dise verrichtete dies
dermitlest eineß durch, ein mit dem
Edlen wapen von Ligertz gezeihnte
den he. landtvogt zu Nydoaw
durch Stoffel wyrnegs den schur
Ihren Vetter daselbst feil gebadtee
Urlinß entdeckt, Darüber des
sach ernstig nachgeforschet, die thedter
in erfahrung gebracht und sie ergeffen.
volgendts alhie nach nothurfft undt
vmbstenden, theils mundt, theils prili
exammiert worden etc. abendt sy,
In bysyn und gegen würtigkheit
der hochgnachten s h f f und wen
HHreren Abrach andt am Pardts deß
kleien und ir Beühardts von Woe
Wyl Großweybels und großen
rachts, auch etlicher mahl weien
alhier, den 25. vnd 26. febr nachther
freywillig bekendt und wahrsi eehl
daß leyder, sy beide gegenwürtn
Danid Berrod und Eßer Bules.
mit sambtlicher huff den 21. junii</Unicode>
            </TextEquiv>
        </TextRegion>
        <TextRegion orientation="0.0" id="r2" custom="readingOrder {index:1;}">
            <Coords points="1728,312 1728,3212 2847,3212 2847,312"/>
            <TextLine id="r2l1" custom="readingOrder {index:0;}">
                <Coords points="2776,369 2797,371 2809,377 2830,364 2834,365 2848,351 2854,351 2853,311 2846,311 2833,300 2830,303 2825,300 2819,305 2810,301 2804,305 2791,301 2784,304 2772,303"/>
                <Baseline points="2781,350 2814,348 2847,347"/>
                <TextEquiv>
                    <Unicode>89.</Unicode>
                </TextEquiv>
            </TextLine>
            <TextLine id="r2l2" custom="readingOrder {index:1;}">
                <Coords points="1808,551 2848,466 2823,420 2647,383 2545,434 2402,391 2319,450 2154,419 2094,471 1946,448 1806,510"/>
                <Baseline points="1814,542 1865,532 1916,524 1967,517 2019,512 2070,507 2121,503 2173,500 2224,498 2275,495 2327,494 2378,492 2429,491 2480,489 2532,487 2583,484 2634,481 2686,476 2737,472 2788,465 2840,456"/>
                <TextEquiv>
                    <Unicode>nechst vergangen machts, den Welfdlen</Unicode>
                </TextEquiv>
            </TextLine>
            <TextLine id="r2l3" custom="readingOrder {index:2;} place {offset:26; length:9;}">
                <Coords points="1805,625 2060,596 2106,555 2179,589 2730,580 2817,548 2814,484 2368,498 2273,551 2171,509 2033,515 1802,572"/>
                <Baseline points="1811,609 1863,599 1916,589 1968,582 2021,576 2073,571 2126,568 2179,566 2231,564 2284,563 2336,561 2389,561 2441,560 2494,560 2547,558 2599,555 2652,552 2704,547 2757,542 2810,536"/>
                <TextEquiv>
                    <Unicode>gesagten irn sigmundt von Waltenwyl</Unicode>
                </TextEquiv>
            </TextLine>
            <TextLine id="r2l4" custom="readingOrder {index:3;}">
                <Coords points="1797,695 2154,629 2297,665 2409,650 2463,685 2669,625 2736,659 2787,636 2785,571 2548,564 2478,603 2303,566 2163,616 1944,590 1795,650"/>
                <Baseline points="1803,680 1851,667 1900,659 1949,651 1998,644 2047,639 2096,635 2144,633 2193,632 2242,630 2291,630 2340,630 2389,632 2438,632 2486,632 2535,631 2584,630 2633,629 2682,625 2731,622 2780,615"/>
                <TextEquiv>
                    <Unicode>nachthindem in syn hus gestigen,</Unicode>
                </TextEquiv>
            </TextLine>
            <TextLine id="r2l5" custom="readingOrder {index:4;}">
                <Coords points="1803,766 1878,776 1943,723 2115,705 2199,757 2334,703 2620,756 2790,696 2789,650 2638,639 2572,672 2538,647 2481,688 2410,650 2364,678 2155,628 1800,695"/>
                <Baseline points="1809,747 1857,734 1906,724 1955,716 2003,710 2052,705 2101,702 2149,701 2198,701 2247,701 2296,702 2344,703 2393,704 2442,705 2490,705 2539,704 2588,702 2636,700 2685,696 2734,689 2783,680"/>
                <TextEquiv>
                    <Unicode>vnd In demselbigen ey gwüßen, durch Sie</Unicode>
                </TextEquiv>
            </TextLine>
            <TextLine id="r2l6" custom="readingOrder {index:5;}">
                <Coords points="1806,826 2024,795 2059,823 2117,779 2219,773 2388,815 2429,778 2485,819 2550,776 2645,807 2758,765 2756,707 2630,755 2334,703 2231,758 2041,726 2014,754 1941,729 1853,781 1804,766"/>
                <Baseline points="1812,819 1861,806 1910,798 1960,791 2009,785 2059,782 2108,779 2157,777 2207,777 2256,777 2306,777 2355,779 2405,779 2454,779 2503,779 2553,779 2602,777 2652,773 2701,768 2751,762"/>
                <TextEquiv>
                    <Unicode>die ester, alß ein daselbst gewesen</Unicode>
                </TextEquiv>
            </TextLine>
            <TextLine id="r2l7" custom="readingOrder {index:6;}">
                <Coords points="1784,934 1869,882 2022,916 2097,848 2267,876 2389,850 2567,898 2718,848 2822,887 2818,773 2648,812 2581,778 2488,836 2385,835 2317,776 2115,787 2065,824 2028,795 1781,823"/>
                <Baseline points="1790,908 1841,892 1892,878 1943,869 1994,860 2045,855 2096,851 2148,849 2199,848 2250,848 2301,849 2352,851 2403,852 2454,854 2506,855 2557,855 2608,855 2659,854 2710,849 2761,845 2813,837"/>
                <TextEquiv>
                    <Unicode>husgenoßin, bewustes wäglin ufgeba</Unicode>
                </TextEquiv>
            </TextLine>
            <TextLine id="r2l8" custom="readingOrder {index:7;}">
                <Coords points="1809,980 2238,931 2479,986 2519,951 2686,970 2736,927 2815,929 2814,895 2742,862 2457,907 2364,858 2263,911 2199,859 2150,881 2097,849 2017,917 1868,883 1808,931"/>
                <Baseline points="1815,971 1864,959 1914,950 1963,943 2013,937 2063,933 2112,930 2162,929 2211,929 2261,929 2311,929 2360,929 2410,930 2459,930 2509,930 2559,930 2608,929 2658,926 2707,923 2757,918 2807,912"/>
                <TextEquiv>
                    <Unicode>nit gwalt ufgebrochen, uß welichen</Unicode>
                </TextEquiv>
            </TextLine>
            <TextLine id="r2l9" custom="readingOrder {index:8;}">
                <Coords points="1775,1058 2130,1003 2537,1033 2631,996 2741,1043 2839,1019 2836,934 2798,923 2689,981 2648,949 2477,986 2419,948 2335,982 2177,931 1773,992"/>
                <Baseline points="1781,1052 1833,1040 1886,1029 1938,1020 1991,1014 2043,1009 2096,1007 2148,1004 2201,1004 2253,1004 2306,1004 2358,1005 2411,1005 2463,1007 2516,1007 2568,1007 2621,1007 2673,1005 2726,1002 2778,998 2831,992"/>
                <TextEquiv>
                    <Unicode>sie Goldt und silbersorten, ein große anzal</Unicode>
                </TextEquiv>
            </TextLine>
            <TextLine id="r2l10" custom="readingOrder {index:9;}">
                <Coords points="1772,1137 1940,1098 2117,1096 2161,1135 2212,1097 2803,1100 2825,1045 2622,1003 2532,1065 2184,1018 2107,1061 2029,1018 1938,1068 1770,1059"/>
                <Baseline points="1778,1124 1830,1114 1882,1105 1934,1098 1986,1093 2038,1090 2090,1086 2142,1084 2194,1083 2246,1083 2298,1083 2350,1083 2402,1083 2454,1085 2506,1085 2558,1085 2610,1085 2662,1085 2714,1083 2766,1080 2819,1076"/>
                <TextEquiv>
                    <Unicode>Selbergschie, kostliche kleinodien Ring</Unicode>
                </TextEquiv>
            </TextLine>
            <TextLine id="r2l11" custom="readingOrder {index:10;}">
                <Coords points="1784,1187 1926,1209 2009,1162 2711,1186 2832,1158 2831,1118 2737,1084 2674,1132 2411,1097 2361,1127 2225,1100 2160,1135 2110,1100 2030,1136 1940,1098 1784,1147"/>
                <Baseline points="1791,1184 1842,1177 1894,1173 1946,1168 1997,1165 2049,1161 2101,1160 2152,1159 2204,1158 2256,1158 2308,1160 2359,1160 2411,1161 2463,1163 2514,1163 2566,1164 2618,1164 2669,1164 2721,1164 2773,1164 2825,1163"/>
                <TextEquiv>
                    <Unicode>felchtstenn und andere sachent mehr</Unicode>
                </TextEquiv>
            </TextLine>
            <TextLine id="r2l12" custom="readingOrder {index:11;}">
                <Coords points="1787,1276 1983,1234 2040,1276 2088,1238 2196,1230 2495,1273 2557,1230 2623,1284 2674,1240 2754,1248 2753,1187 2667,1203 2381,1153 1786,1202"/>
                <Baseline points="1793,1251 1840,1245 1888,1240 1936,1235 1983,1232 2031,1230 2079,1229 2126,1229 2174,1229 2222,1229 2270,1230 2317,1230 2365,1232 2413,1233 2460,1233 2508,1233 2556,1233 2603,1233 2651,1232 2699,1230 2747,1227"/>
                <TextEquiv>
                    <Unicode>usgenommen, entfrömbdet, hinweg</Unicode>
                </TextEquiv>
            </TextLine>
            <TextLine id="r2l13" custom="readingOrder {index:12;}">
                <Coords points="1783,1370 1898,1338 1995,1378 2052,1327 2111,1358 2164,1321 2639,1360 2802,1326 2792,1231 2620,1287 2551,1234 2473,1284 2394,1241 2198,1228 2058,1293 1949,1244 1783,1269"/>
                <Baseline points="1790,1332 1840,1326 1890,1322 1940,1318 1991,1316 2041,1314 2091,1314 2141,1313 2192,1314 2242,1314 2292,1316 2342,1317 2393,1317 2443,1319 2493,1320 2543,1320 2594,1320 2644,1320 2694,1320 2744,1318 2795,1316"/>
                <TextEquiv>
                    <Unicode>getragen, besten theils verkhaufft.</Unicode>
                </TextEquiv>
            </TextLine>
            <TextLine id="r2l14" custom="readingOrder {index:13;} place {offset:22; length:9;}">
                <Coords points="1774,1441 2108,1419 2157,1467 2277,1411 2680,1404 2713,1432 2807,1410 2807,1342 2575,1369 2301,1320 2157,1376 2066,1331 2000,1378 1899,1338 1774,1376"/>
                <Baseline points="1781,1410 1832,1406 1883,1402 1934,1399 1985,1397 2036,1395 2087,1395 2138,1395 2189,1397 2240,1398 2291,1399 2342,1400 2393,1402 2444,1403 2495,1404 2546,1406 2597,1406 2648,1406 2699,1404 2750,1401 2801,1398"/>
                <TextEquiv>
                    <Unicode>vnd Iemnt den Irn von Vattenwyl</Unicode>
                </TextEquiv>
            </TextLine>
            <TextLine id="r2l15" custom="readingOrder {index:14;}">
                <Coords points="1789,1515 1910,1488 2409,1524 2487,1485 2809,1497 2832,1425 2724,1441 2677,1404 2468,1454 2276,1412 2202,1459 2108,1429 1789,1452"/>
                <Baseline points="1796,1487 1847,1484 1898,1482 1950,1480 2001,1479 2053,1478 2104,1478 2156,1478 2207,1478 2259,1479 2310,1479 2361,1479 2413,1481 2464,1481 2516,1482 2567,1482 2619,1482 2670,1482 2722,1482 2773,1481 2825,1481"/>
                <TextEquiv>
                    <Unicode>oder denen es zustendig gewesen, deßelb</Unicode>
                </TextEquiv>
            </TextLine>
            <TextLine id="r2l16" custom="readingOrder {index:15;}">
                <Coords points="1771,1574 1874,1598 2039,1552 2194,1560 2337,1609 2409,1563 2837,1565 2837,1493 2804,1519 2716,1477 2606,1521 2546,1485 2308,1542 2261,1508 2083,1492 2016,1524 1939,1494 1881,1539 1771,1535"/>
                <Baseline points="1778,1563 1830,1563 1883,1562 1935,1561 1988,1560 2041,1559 2093,1559 2146,1559 2199,1557 2251,1557 2304,1557 2357,1557 2409,1557 2462,1557 2515,1557 2567,1557 2620,1557 2673,1557 2725,1557 2778,1557 2831,1559"/>
                <TextEquiv>
                    <Unicode>alleßen, ußert wenig grestituierten</Unicode>
                </TextEquiv>
            </TextLine>
            <TextLine id="r2l17" custom="readingOrder {index:16;}">
                <Coords points="1762,1660 2151,1670 2274,1638 2434,1684 2558,1629 2742,1644 2783,1629 2783,1572 2638,1587 2585,1557 2262,1625 2040,1552 1856,1624 1761,1582"/>
                <Baseline points="1769,1643 1819,1643 1869,1643 1920,1643 1970,1641 2021,1641 2071,1641 2121,1640 2172,1640 2222,1640 2273,1638 2323,1638 2373,1637 2424,1637 2474,1635 2525,1635 2575,1635 2625,1634 2676,1634 2726,1632 2777,1632"/>
                <TextEquiv>
                    <Unicode>stecken verlürstig gemacht. Wylen</Unicode>
                </TextEquiv>
            </TextLine>
            <TextLine id="r2l18" custom="readingOrder {index:17;}">
                <Coords points="1768,1747 1955,1723 2024,1760 2132,1714 2296,1725 2355,1772 2582,1715 2841,1747 2842,1653 2559,1629 2434,1684 2274,1638 2121,1650 2061,1692 1838,1652 1768,1686"/>
                <Baseline points="1775,1716 1828,1716 1881,1716 1934,1716 1987,1716 2040,1716 2093,1716 2146,1716 2199,1716 2252,1716 2305,1716 2358,1716 2411,1718 2464,1718 2517,1718 2570,1719 2623,1721 2676,1721 2729,1724 2782,1725 2835,1727"/>
                <TextEquiv>
                    <Unicode>un diß ein laser und große sündt</Unicode>
                </TextEquiv>
            </TextLine>
            <TextLine id="r2l19" custom="readingOrder {index:18;}">
                <Coords points="1756,1804 2119,1827 2164,1796 2234,1831 2382,1795 2516,1839 2577,1805 2767,1817 2768,1756 2656,1735 2537,1768 2423,1747 2339,1785 2219,1728 2113,1723 2037,1762 1948,1723 1757,1750"/>
                <Baseline points="1763,1797 1812,1796 1862,1796 1912,1794 1962,1796 2012,1796 2062,1797 2111,1797 2161,1799 2211,1800 2261,1801 2311,1803 2361,1803 2411,1805 2460,1805 2510,1805 2560,1805 2610,1805 2660,1803 2710,1802 2760,1799"/>
                <TextEquiv>
                    <Unicode>so ustrukenlich in dem 8tag gebatt</Unicode>
                </TextEquiv>
            </TextLine>
            <TextLine id="r2l20" custom="readingOrder {index:19;}">
                <Coords points="1757,1889 2090,1878 2235,1915 2311,1879 2499,1926 2615,1894 2798,1918 2831,1849 2773,1819 2372,1850 2277,1812 1758,1805"/>
                <Baseline points="1764,1872 1819,1872 1875,1874 1931,1875 1986,1877 2042,1878 2098,1879 2154,1881 2209,1883 2265,1884 2321,1886 2377,1887 2432,1889 2488,1889 2544,1889 2600,1889 2655,1889 2711,1887 2767,1885 2823,1883"/>
                <TextEquiv>
                    <Unicode>gottes verbotten und alles hochen</Unicode>
                </TextEquiv>
            </TextLine>
            <TextLine id="r2l21" custom="readingOrder {index:20;}">
                <Coords points="1776,1926 1784,1927 1788,1923 1796,1924 1797,1926 1804,1926 1804,1883 1797,1883 1793,1887 1789,1886 1786,1883 1776,1883"/>
                <Baseline points="1782,1920 1797,1920"/>
                <TextEquiv>
                    <Unicode></Unicode>
                </TextEquiv>
            </TextLine>
            <TextLine id="r2l22" custom="readingOrder {index:21;}">
                <Coords points="1766,1966 2803,1986 2833,1905 2624,1942 2466,1893 2313,1884 2258,1919 1921,1875 1766,1925"/>
                <Baseline points="1773,1958 1825,1956 1878,1955 1930,1955 1983,1956 2036,1956 2088,1958 2141,1959 2194,1961 2246,1963 2299,1965 2352,1967 2404,1968 2457,1970 2510,1970 2562,1971 2615,1970 2668,1970 2720,1968 2773,1965 2826,1962"/>
                <TextEquiv>
                    <Unicode>vnd Christenlichen Oberkeiten Ambts</Unicode>
                </TextEquiv>
            </TextLine>
            <TextLine id="r2l23" custom="readingOrder {index:22;}">
                <Coords points="1759,2057 1836,2052 1891,2095 1997,2051 2145,2075 2257,2041 2425,2091 2684,2068 2728,2110 2802,2068 2803,1991 2750,2011 2669,1968 2305,1980 2212,2022 2028,1960 1989,1992 1844,1962 1761,1986"/>
                <Baseline points="1766,2046 1817,2042 1868,2039 1920,2037 1971,2036 2023,2036 2074,2036 2126,2037 2177,2039 2229,2040 2280,2043 2331,2046 2383,2048 2434,2051 2486,2052 2537,2054 2589,2055 2640,2055 2692,2055 2743,2054 2795,2052"/>
                <TextEquiv>
                    <Unicode>und pflicht halb, nit allein zustaht und</Unicode>
                </TextEquiv>
            </TextLine>
            <TextLine id="r2l24" custom="readingOrder {index:23;}">
                <Coords points="1769,2163 1836,2127 2293,2167 2399,2129 2476,2170 2630,2133 2795,2173 2806,2105 2569,2069 2479,2117 2339,2073 2038,2061 1770,2092"/>
                <Baseline points="1776,2126 1827,2124 1878,2123 1929,2121 1980,2121 2031,2121 2082,2121 2134,2123 2185,2124 2236,2125 2287,2126 2338,2128 2389,2129 2440,2131 2492,2133 2543,2134 2594,2135 2645,2136 2696,2136 2747,2136 2799,2136"/>
                <TextEquiv>
                    <Unicode>gebrert, derglychen hochen unßhandlangen</Unicode>
                </TextEquiv>
            </TextLine>
            <TextLine id="r2l25" custom="readingOrder {index:24;}">
                <Coords points="1765,2207 1830,2241 1947,2215 2287,2244 2334,2215 2659,2261 2707,2231 2790,2249 2794,2146 2650,2190 2601,2154 2533,2194 2495,2159 2409,2207 2341,2159 2142,2146 2101,2174 2009,2133 1893,2175 1823,2138 1767,2175"/>
                <Baseline points="1772,2199 1822,2198 1873,2198 1923,2198 1974,2199 2025,2200 2075,2201 2126,2204 2176,2207 2227,2209 2278,2211 2328,2214 2379,2218 2429,2220 2480,2223 2531,2225 2581,2227 2632,2228 2682,2229 2733,2229 2784,2229"/>
                <TextEquiv>
                    <Unicode>abzustraffen, sonders auch von denselben</Unicode>
                </TextEquiv>
            </TextLine>
            <TextLine id="r2l26" custom="readingOrder {index:25;}">
                <Coords points="1733,2314 1806,2284 2010,2321 2078,2278 2165,2339 2243,2296 2413,2349 2617,2311 2780,2332 2810,2302 2726,2243 2514,2265 2367,2230 2301,2274 2228,2232 2137,2258 1738,2220"/>
                <Baseline points="1742,2282 1795,2278 1848,2276 1901,2274 1954,2274 2007,2276 2060,2277 2113,2280 2166,2283 2219,2288 2272,2292 2325,2296 2378,2301 2431,2304 2484,2308 2537,2312 2590,2315 2643,2317 2696,2318 2749,2319 2802,2318"/>
                <TextEquiv>
                    <Unicode>Im vergangner je nach bschaffenheit de</Unicode>
                </TextEquiv>
            </TextLine>
            <TextLine id="r2l27" custom="readingOrder {index:26;}">
                <Coords points="1747,2411 2000,2352 2602,2401 2781,2475 2789,2335 2685,2367 2617,2311 2504,2366 2308,2315 2221,2345 2082,2301 1862,2333 1753,2305"/>
                <Baseline points="1757,2363 1808,2358 1859,2355 1910,2354 1961,2354 2012,2354 2063,2356 2114,2358 2165,2361 2216,2366 2267,2370 2318,2375 2369,2380 2420,2384 2471,2389 2522,2394 2573,2398 2624,2402 2675,2405 2726,2406 2778,2408"/>
                <TextEquiv>
                    <Unicode>sach wol obseruiert und die straffen</Unicode>
                </TextEquiv>
            </TextLine>
            <TextLine id="r2l28" custom="readingOrder {index:27;}">
                <Coords points="1742,2495 2028,2442 2361,2462 2449,2530 2525,2484 2675,2520 2711,2500 2715,2436 2500,2452 2420,2388 2351,2433 2083,2381 2016,2417 1921,2378 1747,2411"/>
                <Baseline points="1751,2439 1798,2438 1846,2438 1894,2438 1941,2438 1989,2439 2037,2441 2084,2443 2132,2445 2180,2448 2228,2451 2275,2454 2323,2458 2371,2462 2418,2466 2466,2471 2514,2474 2561,2478 2609,2482 2657,2485 2705,2489"/>
                <TextEquiv>
                    <Unicode>gegen den maleficantz wucklich</Unicode>
                </TextEquiv>
            </TextLine>
            <TextLine id="r2l29" custom="readingOrder {index:28;}">
                <Coords points="1757,2534 1957,2557 2055,2532 2242,2584 2396,2544 2494,2606 2568,2559 2774,2574 2778,2484 2653,2532 2579,2486 2487,2532 2356,2477 2268,2523 2210,2495 2112,2515 2042,2472 1928,2507 1759,2485"/>
                <Baseline points="1764,2528 1814,2528 1864,2528 1914,2529 1965,2529 2015,2532 2065,2534 2115,2536 2166,2540 2216,2543 2266,2546 2316,2549 2367,2551 2417,2555 2467,2556 2517,2559 2568,2559 2618,2561 2668,2561 2718,2559 2769,2558"/>
                <TextEquiv>
                    <Unicode>exequiert worden zu forcht unnd</Unicode>
                </TextEquiv>
            </TextLine>
            <TextLine id="r2l30" custom="readingOrder {index:29;}">
                <Coords points="1744,2620 2063,2626 2147,2678 2332,2628 2488,2684 2633,2643 2781,2652 2763,2574 2488,2611 2409,2554 2347,2601 2102,2543 2036,2596 1891,2537 1748,2540"/>
                <Baseline points="1752,2601 1803,2604 1854,2607 1905,2610 1956,2613 2007,2616 2058,2619 2110,2622 2161,2625 2212,2628 2263,2631 2314,2633 2365,2636 2416,2637 2468,2639 2519,2640 2570,2640 2621,2640 2672,2640 2723,2639 2775,2637"/>
                <TextEquiv>
                    <Unicode>Schreken der bösen und den gegentheil</Unicode>
                </TextEquiv>
            </TextLine>
            <TextLine id="r2l31" custom="readingOrder {index:30;}">
                <Coords points="1735,2708 1807,2684 2105,2745 2149,2713 2402,2727 2447,2760 2549,2729 2722,2753 2757,2664 2662,2658 2583,2701 2364,2636 2269,2701 2080,2634 1739,2622"/>
                <Baseline points="1743,2678 1793,2683 1843,2688 1893,2691 1944,2697 1994,2701 2044,2704 2094,2708 2145,2711 2195,2714 2245,2717 2295,2719 2346,2721 2396,2723 2446,2726 2496,2726 2547,2727 2597,2728 2647,2729 2697,2729 2748,2727"/>
                <TextEquiv>
                    <Unicode>zu landthabung der frommen unnd</Unicode>
                </TextEquiv>
            </TextLine>
            <TextLine id="r2l32" custom="readingOrder {index:31;}">
                <Coords points="1751,2782 2785,2858 2789,2737 2665,2773 2403,2731 2353,2766 2285,2717 2182,2788 2074,2717 1755,2703"/>
                <Baseline points="1758,2766 1809,2771 1860,2775 1911,2780 1962,2785 2013,2789 2064,2792 2116,2797 2167,2801 2218,2804 2269,2807 2320,2810 2371,2813 2422,2814 2474,2816 2525,2816 2576,2816 2627,2816 2678,2814 2729,2813 2781,2810"/>
                <TextEquiv>
                    <Unicode>ufrichtigenetc. Alß habendt mah</Unicode>
                </TextEquiv>
            </TextLine>
            <TextLine id="r2l33" custom="readingOrder {index:32;}">
                <Coords points="1722,2896 2143,2878 2257,2934 2357,2914 2409,2958 2484,2907 2601,2933 2784,2861 2646,2828 2505,2873 2406,2813 2310,2844 2017,2821 1952,2784 1727,2791"/>
                <Baseline points="1731,2849 1783,2853 1835,2858 1887,2862 1939,2867 1992,2871 2044,2875 2096,2879 2148,2885 2200,2888 2253,2892 2305,2895 2357,2898 2409,2901 2461,2902 2514,2903 2566,2903 2618,2901 2670,2900 2722,2897 2775,2892"/>
                <TextEquiv>
                    <Unicode>Schuldtheiß rähl und Burger dißer</Unicode>
                </TextEquiv>
            </TextLine>
            <TextLine id="r2l34" custom="readingOrder {index:33;} person {offset:30; length:4;}">
                <Coords points="1720,2949 1919,2931 2148,2968 2190,3009 2772,2980 2774,2929 2705,2899 2618,2948 2565,2921 2400,2961 2351,2927 2127,2945 1945,2869 1875,2912 1834,2874 1723,2896"/>
                <Baseline points="1728,2928 1779,2932 1831,2935 1883,2940 1935,2944 1987,2948 2039,2954 2091,2958 2143,2962 2195,2966 2247,2970 2298,2973 2350,2976 2402,2979 2454,2980 2506,2981 2558,2981 2610,2978 2662,2976 2714,2973 2766,2967"/>
                <TextEquiv>
                    <Unicode>Lobe ställ pern, alß eine von gott</Unicode>
                </TextEquiv>
            </TextLine>
            <TextLine id="r2l35" custom="readingOrder {index:34;}">
                <Coords points="1741,3047 1979,3038 2139,3077 2217,3049 2258,3086 2336,3048 2710,3071 2752,3052 2755,3003 2709,2979 2613,3028 2554,2984 2358,3015 2303,2980 2204,3025 2093,2957 1745,2955"/>
                <Baseline points="1749,3008 1798,3013 1848,3019 1898,3023 1948,3027 1998,3032 2047,3036 2097,3039 2147,3042 2197,3045 2247,3047 2296,3050 2346,3051 2396,3053 2446,3054 2496,3055 2545,3056 2595,3056 2645,3056 2695,3056 2745,3054"/>
                <TextEquiv>
                    <Unicode>yngefetzte Christenliche Oberkeit</Unicode>
                </TextEquiv>
            </TextLine>
            <TextLine id="r2l36" custom="readingOrder {index:35;}">
                <Coords points="1743,3128 1902,3097 2171,3152 2279,3127 2427,3184 2577,3130 2777,3169 2782,3054 2327,3108 2218,3049 2063,3093 1949,3045 1746,3053"/>
                <Baseline points="1752,3084 1803,3091 1854,3098 1905,3102 1956,3107 2007,3111 2058,3114 2109,3118 2160,3121 2211,3123 2262,3125 2313,3126 2364,3128 2415,3129 2466,3131 2517,3131 2568,3132 2619,3132 2670,3134 2721,3134 2772,3135"/>
                <TextEquiv>
                    <Unicode>auch nit umbgehen mögen ir ambt</Unicode>
                </TextEquiv>
            </TextLine>
            <TextLine id="r2l37" custom="readingOrder {index:36;}">
                <Coords points="1733,3183 1842,3174 1901,3219 1972,3198 2017,3237 2265,3197 2389,3235 2482,3208 2514,3239 2730,3198 2713,3155 2571,3138 2427,3181 2359,3150 2260,3178 2201,3131 2006,3134 1901,3097 1846,3096 1791,3147 1735,3130"/>
                <Baseline points="1740,3168 1789,3171 1838,3175 1887,3178 1936,3182 1986,3185 2035,3187 2084,3189 2133,3192 2182,3194 2232,3195 2281,3197 2330,3198 2379,3198 2428,3198 2478,3198 2527,3198 2576,3197 2625,3195 2674,3194 2724,3191"/>
                <TextEquiv>
                    <Unicode>und schuldigkheit gegen dißem</Unicode>
                </TextEquiv>
            </TextLine>
            <TextEquiv>
                <Unicode>89.
nechst vergangen machts, den Welfdlen
gesagten irn sigmundt von Waltenwyl
nachthindem in syn hus gestigen,
vnd In demselbigen ey gwüßen, durch Sie
die ester, alß ein daselbst gewesen
husgenoßin, bewustes wäglin ufgeba
nit gwalt ufgebrochen, uß welichen
sie Goldt und silbersorten, ein große anzal
Selbergschie, kostliche kleinodien Ring
felchtstenn und andere sachent mehr
usgenommen, entfrömbdet, hinweg
getragen, besten theils verkhaufft.
vnd Iemnt den Irn von Vattenwyl
oder denen es zustendig gewesen, deßelb
alleßen, ußert wenig grestituierten
stecken verlürstig gemacht. Wylen
un diß ein laser und große sündt
so ustrukenlich in dem 8tag gebatt
gottes verbotten und alles hochen

vnd Christenlichen Oberkeiten Ambts
und pflicht halb, nit allein zustaht und
gebrert, derglychen hochen unßhandlangen
abzustraffen, sonders auch von denselben
Im vergangner je nach bschaffenheit de
sach wol obseruiert und die straffen
gegen den maleficantz wucklich
exequiert worden zu forcht unnd
Schreken der bösen und den gegentheil
zu landthabung der frommen unnd
ufrichtigenetc. Alß habendt mah
Schuldtheiß rähl und Burger dißer
Lobe ställ pern, alß eine von gott
yngefetzte Christenliche Oberkeit
auch nit umbgehen mögen ir ambt
und schuldigkheit gegen dißem</Unicode>
            </TextEquiv>
        </TextRegion>
    </Page>
</PcGts>
