3024 4032
462 1878 596 1992 a
636 162 1475 438 desergente te ee
640 254 1523 512 solche anstalt bescheiken, daß die thuter
550 320 1506 562 Danid Dienad ein rottgerber und
1481 407 1561 481 ei
644 406 1493 636 nechste vosen esten Rucher, eine alhie
628 488 1530 723 sonderlich deß vfürstigen irs von Weite
627 586 1536 780 weil gewesne dienstmast, beide von
579 628 1538 868 Dise zu Basel jener aber ußerthalb zu
603 704 1562 957 eüniger der herosh ersich gfengt
629 806 1461 998 angenomen und volgents alhar
634 870 1542 1089 und uß er gs beurlich volgender mah
1459 931 1584 1051 gesen
625 942 1550 1164 exmminiert und zur brantnus biachen.
640 1015 1083 1156 worden Erstlich
651 1115 819 1256 Ist
692 1170 1448 1349 per Bucher vorgemelt
580 1273 1540 1446 Den 25. febru 1653 durch meinen hochehrend
610 1349 1509 1500 Herren rhatsherren kmport und den ir
596 1415 1535 1563 Großw von Wottenweil in bysein etlich
625 1491 1550 1644 weiblen In dem gewohnten strecke zhu
614 1572 1550 1710 zwar ohne applicuon der marten unster
637 1641 1520 1763 examiniert worden, und hat also bald
620 1717 1547 1852 fürwillig, mit erzeigtem großen rer
614 1777 814 1883 bekent.
595 1870 1538 1986 Wie daß sie mit irem vetter Damidser
629 1933 1538 2066 2od disin diebstal verbringen helffen und
625 2007 1523 2142 Imme darzu den ersten anlaß und wege
623 2089 1534 2220 weisung geben, alß die alß ein gewesne
598 2153 1529 2298 Dinstmagt deß ir von Watteneil.
614 2240 1522 2379 umb die beschaffenheit deß orts ud
626 2328 1533 2462 glegenheit gewüst. Dis aber sye
594 2401 1543 2558 daruf beschechen. Nach dem sie lyhe
582 2499 1543 2644 Hanß Rudolff Stiseld alhie gedienet, imm
621 2577 1543 2722 wyn ußgeben und daselbst hin zu und
607 2646 1513 2831 scheidenlichen mahlen nir gwüße in.
590 2731 1561 2933 schwartz bekleite frauw, so sich kur
579 2827 1557 2976 gnamse, kommen und ira under erlih
601 2915 1554 3078 6. f ein gwüßes Thien anerbott
583 2971 1560 3158 vermittlist, welche sy sie hr läbtag gangge
599 3059 1520 3274 haben und nit so gnug (wie sonst sdien
608 3113 1533 3333 werden müße. Habe sie jra solchs mit
2641 264 2738 340 78.
1657 307 2705 476 fürwand nit habender mittlen und sonderlich der
1640 376 2632 555 Gradeuf stehenden gefahr irer seligkeit
1667 428 2701 617 so doch zua indersprochen worden) ußgeschlagen
1635 483 2731 674 Hernach aber solches iren vatter obgenebe
1667 558 2685 727 by gelegenheit besuchter elteren anzeigt
1657 624 2706 772 der sich also beld willig zu disem kauff
1680 680 2715 824 erklärt, mit ersten gehabt, aber vergeben
1671 758 2695 906 lich und kein thier empfen Eben domaht
1674 810 2663 978 aber habind sich dises ynbulhs mit ein andren
1665 880 2751 1008 vndredt, vnd vmb Johanns vmbsy den dieb¬
1652 938 2686 1097 stahl nachts volgendermaßen mit ein andren
1634 989 2458 1171 Da sie imme gezündet, verbracht.
1627 1128 2725 1284 Zu obbemelter h Johannis zeit sygind sy beide
1680 1209 2697 1340 anmethafft nachts durch den darten hinuf
1677 1275 2696 1424 gangen, er durch eine angestelte keiteren
1688 1333 2725 1505 anfenklich in deß jrn stübli gestigen, der
1671 1419 2761 1561 hernach ira die thür geöffnet und nach das
1652 1497 2763 1655 durch sie verzeigte Wögli in einen gangge
1673 1571 2757 1712 tragen, daßelbig beuordrist mit einem borer
1671 1648 2712 1792 und hernach mit einem räbmäß so weit
1677 1706 2745 1859 am ruggen geöffnet, biß er mit der handt
1665 1794 2760 1945 hinynlangen mögen, da zum erstenmahl
1682 1878 2770 2026 er 2 schalen zwar gebrümbt, hinuß gezgen
1652 1961 2728 2094 Hernach aber das schloß hrinder sich gezagen
1660 2037 2728 2166 und dardurch das Trögli volkommn mitt
2446 2116 2545 2178 aber
1648 2134 2746 2245 den teibeel geöffnet. Elß darüber
1697 2217 2711 2331 er zuhefftig zugreiffen, sonderlich aber den
1685 2294 2738 2415 großen bächer hunß genomen, habe sie das
1697 2356 2692 2490 nab ein duren und schrecken gefaßet und
1630 2443 2734 2544 Inne ernstlich mit disen worten abgemant.
1640 2528 2753 2643 das er nit alles nemmen sölle, dann sonst unser
1621 2598 2698 2719 herr iehas inen nit gnädig sen wurde etc.
1672 2667 2716 2791 Deßen aber ungeachtet, sye er fort gefahren
1673 2742 2748 2869 und den diebstal in einen by sich gehabten kadar
1685 2806 2653 2915 yngepackt, vnd derselben, nach dem Sie
1683 2879 2715 2984 vorußen gegen der falden bißwenig vor tag
1697 2937 2733 3054 gewartet, morn des frdh zum thar hanß
1702 3018 2727 3135 gegen huß an seines däg getragen. Da
1668 3079 2714 3206 Undwegs Im Frienisferg holtz inen der
