3024 4032
605 152 1552 465 vderhe senge
615 258 1539 520 geranten fedegengen
635 358 1563 633 e eensg
636 434 1539 669 lich gesprachet, sie aber habe nur ein
623 489 1540 752 Aspin Laub gehütteret undt verment
609 572 1541 811 das bereits allerweld ir verbrachtere
611 654 1517 891 Diebstal vndt, vndt offenbar sye,
594 720 1550 967 Was aber alda von einem stuck gein anden
635 793 1530 1019 ye entfrömbdet worden, das möge
644 875 1546 1108 sie nit wol müßen, So vill aber jro
635 943 1518 1158 bekant, syen es nach volgende stuck.
617 1031 1513 1248 Erstlich habe sie bekommen by offnung deß
625 1159 1526 1305 wags. Ein uhrli in einem sydigen seckln
591 1202 1509 1374 darnach sye jra von Imme vffem See von
591 1281 1525 1470 dem übrig diebstal geben worden. Namlich
631 1369 1386 1529 2. Silberig Bech schier giemeisten.
620 1429 1221 1564 etlich silberig köffel.
612 1507 1434 1665 1. mit silber durchzognes ryband.
616 1577 1020 1714 guldigen sing.
617 1653 1231 1796 1. Ander Ulein Ringli und
605 1738 1506 1882 glesigs Cützli. Item 1. füterli mit einen
1054 1833 1459 1929 Schär und pfrindli
572 1855 1517 2004 Ime sye verbliben. namlich, etwas gelts
1137 1931 1432 2014 imme alles verbliben.
607 1930 1083 2066 1. Gro�en h�chen
595 1992 1540 2146 etlich tisch und bächer deren anzel
584 2094 826 2175 andere.
1042 2078 1431 2212 s sie nit wüße.
607 2165 875 2272 N. Schalen.
611 2223 1075 2351 silberig künden.
613 2320 1473 2456 ysiges Trögli, wüße aberint, was
589 2400 1509 2527 dein gsy sye, weüß sie es nit gseichn fren
533 2528 1517 2661 Dise obgemelten stuck nun, so sie empfangen,
567 2595 1532 2746 und bekommen, sygind dem jr von Woen
579 2677 1507 2808 weil alle widerumb zur hand gestelt
570 2767 1463 2903 worden. Ußert dem kleinen runfen
575 2829 1501 2989 welches der vorgemelte schwider Stoffel
568 2910 1499 3063 von Nydauw genommen, do er sie nacher
539 2956 1504 3145 Basel führen wöllen und dem füterli mnt
572 3060 1317 3218 Sch�rli, so sie auch nach daheim habe.
468 3143 1522 3374 Aetreffend aber die Irem Vetter Berod Clli
556 3213 1532 3406 bnen sachen, und wo er mit denselben hinkommen,
2643 317 2734 385 79
1689 341 2759 501 könne sie deßhalb keinen ander bericht geben, dann
1699 428 2701 547 Der das gelt Jaguls Balle zu Ewan an seine
1709 461 2732 594 schuld gebet und zu derzeit alßer sie gan Nüwe
1704 523 2718 642 burg zur cappenmohers verdinget, umb selbiges
1722 577 2723 703 handtwerck gelehren, die schallen und ander
1703 635 2667 774 silberstulk mehr dem silber krämer wyd
1724 692 2730 806 naumer. Iten den großen bach dem silben
1715 750 2710 867 Marti oder Resenwald zu Solothung verkaufft.
1707 810 2727 935 wie thne aber wüße sie nit, onne auch von
1721 866 2721 1007 keinen darby gewesnen guldenen Rettenen nit
1705 939 2706 1068 sagen. Es habind auch seine muter und schwißt
1720 1001 2716 1134 von disem verbracht leidig drbstal nützit ge
1719 1104 1878 1227 eüßt.
1636 1156 2728 1337 Nach den entlichen Sie vmb anzeig Irer schuldt
1716 1265 2700 1374 und gegenschulden geflagt worden, hat sie
1686 1328 2724 1437 vermeldet, daß man zwar ira etwas, aber
1715 1387 2773 1503 nit vill, sonderlich aber ein fr zu Lüschers
1690 1464 2760 1584 vmb ein verkauffte Cappen 28 bz schuldig sye
1672 1526 2733 1657 Hingeg aber sie einem kauffhln von Frybung
1699 1594 2353 1724 mb Cappenzug by 35 fl
1684 1731 2728 1817 Wiewol dannethin sie auch gefragt worden, lb
1717 1797 2736 1908 sie schwang sye, Hat sie solches hart Gnemet
1686 1850 2771 1981 und fürgeben, das sie niemahl einich man erkent
1703 1922 2743 2038 Ungracht sie einen hochzeiter nammens andweg
1693 2003 2719 2119 rapp von Billig Basper gebiets habe. Maßen
1692 2079 2668 2177 dann solches durch der Hebammen relain
1709 2158 2749 2260 bybeacht und für eine reine magt erkent
1706 2213 2753 2337 hiemit der gezigt verbracht blutschand mit
1666 2265 2683 2422 Irem nechsten frund Stoffel N. ledig
1699 2384 1925 2482 worden.
