4032 3024
1550 1416 1705 1503 sby siner
1582 1479 1686 1553 mutter
1713 339 2303 447 anderen artieklen halb, sye nie
1711 415 2315 506 by dem spylien die valsch
1721 466 2293 555 gmacht gsin ✳ noch ouch by
1708 507 2328 604 denen, die alrunen fryll shan,
1702 565 2365 653 wüsse grntzlich nit wir der stych
1711 612 2345 693 den anderen wordenn, will ouch
1701 661 2373 754 da einer mis handlung bkhandtlich
1730 729 1784 808 sin
1944 797 2121 891 odem
1708 882 2352 980 Inn Bittlingers fhurn ist
1696 969 2311 1045 Francys Maquellin us ein
1696 1009 2281 1094 dorff ob dem rimb jars
1734 1068 2311 1143 zer dona genamptt glycher
1726 1113 2400 1203 gestaltt wie die hienor spannni
1732 1165 2359 1257 unnd gfragt worden ✳ Ueler
1736 1220 2379 1301 anzeygt er sye zun der sespl
1755 1272 2350 1336 shafft do dir dickgemeltt
1728 1325 2329 1408 fröffel oder stych bschächten
1746 1373 2335 1458 nit gsin sonnders iun eins
1746 1422 2334 1509 durnnn hust die ouch das al¬
1752 1471 2309 1552 misen durch gottes willen
1750 1514 2381 1594 zorsuscht dotzina₎ ubernacht
1748 1570 2353 1654 glaben. jedoch begäre er, so s
1750 1610 2367 1699 min sy daran nit mögindt khon
1731 1657 2373 1751 uch in desselb buren hesz erkh¬
1765 1713 2390 1790 endigen, ob es nit also sye oder ii
1759 1765 2363 1849 habe dheine böse gschelschofft
1760 1805 2352 1892 than mit deren ir vmbhin hoch
1755 1857 2311 1934 sye ze stalen worden, spycher
1726 1894 2366 1985 uffbrach ✳ noch nie darby gsin de
1754 1946 2357 2032 man falsts gespilt unnd all
1760 1993 2322 2080 rinen fryll ghan habe noch
1761 2038 2356 2124 mir die burem genöttigete ime
1759 2093 2381 2180 almusen ze gäben, sye sidt sann
1750 2130 2359 2218 Marttins tag kranck gwesen
1739 2169 2318 2270 ushalb nit mögen wirckhen
1775 2223 2351 2311 ounders biderblutt alwagen
1756 2273 2342 2366 umb hilff angrufft der
1769 2326 2357 2414 pylleren so am wäg gfunden
1771 2370 2362 2457 worden hatt er sy also uer
1782 2417 2361 2506 sprochen, namlich so sye e
1765 2464 2385 2556 zu denn zamen khon ✳ dy habind
1762 2507 2368 2598 Balle uffgworffen, aber er nitt
1753 2546 2364 2646 In dem der burgknmeyster khon
1750 2612 2336 2706 vnd sich gefuncklich ausnommen.
1755 2649 2315 2747 will ouch dh einr missethatt
1771 2706 2094 2803 obehandtlich se.
3145 226 3236 302 10
2829 283 2961 494 den
2554 503 3111 619 anns ein weischer vo la
2590 573 3174 663 Mura enthalb yruff weys
2584 634 3177 713 sin übernamen nit dann er
2575 662 3240 759 alsosung iin das tutsch lannd
2581 721 3178 813 khomen. ist ime alles wie
2577 768 3184 859 deren hienor ghaltten worden.
2580 825 3271 907 welcher dh einer hwobgemeltt
2584 876 3193 960 articklein behandtlich noch
2574 915 3219 1009 anrend sie will, sye nit zun der
2571 974 3217 1067 gseheltschafft gsin do der ander
2579 1023 3205 1116 gstochn wordenn, unsse ouch
2593 1076 3217 1162 mitt daruon zesagen. man habe
2587 1131 3226 1221 znn nie argwöme erfunden, hryge
2568 1190 3251 1275 zbettlach vnd zlengbtt gedienet
2781 1415 2960 1561 Laden
2554 1594 3144 1695 than etc. ouch ein welscher us
2591 1643 3247 1751 bür gnnd weys den übernamen
2593 1725 3164 1805 ouch nit glycher gstaltt
2573 1764 3247 1855 wie die annder all ex anniertt
2576 1817 3256 1907 unnd gfragt ✳ welcher nit anrrd
2561 1868 3223 1961 vil sie, das er zum der gschell
2608 1926 3256 2018 schafft gsin syr h. do der gestocb
2599 1978 3220 2061 noch annder articklen gannen
2587 2030 3160 2108 unnd gar mitt dann allen
2584 2085 3206 2171 das er zu den so am wäg
2590 2135 3175 2220 gspilt bhon an mit zuem
2617 2186 3265 2284 gespilen, sonnders daselbst zesttz
2583 2243 3210 2335 zu demselben man sich gsanb
2590 2289 3279 2385 wesse aber im warem man im
2592 2348 3235 2453 gefang₎n dann er mitt böses
2606 2396 2909 2494 gethan habe.
