<?xml version="1.0" encoding="UTF-8" standalone="yes"?>
<PcGts xmlns="http://schema.primaresearch.org/PAGE/gts/pagecontent/2013-07-15" xmlns:xsi="http://www.w3.org/2001/XMLSchema-instance" xsi:schemaLocation="http://schema.primaresearch.org/PAGE/gts/pagecontent/2013-07-15 http://schema.primaresearch.org/PAGE/gts/pagecontent/2013-07-15/pagecontent.xsd">
    <Metadata>
        <Creator>prov=University of Rostock/Institute of Mathematics/CITlab|PLANET AI GmbH/Gundram Leifert/gundram.leifert@planet-ai.de:name=German_Kurrent_XVI-XVIII_M1(htr_id=19584)::::v=2.6.7
prov=University of Rostock/Institute of Mathematics/CITlab|PLANET AI GmbH/Tobias Gruening/tobias.gruening@planet-ai.de:name=de.uros.citlab.module.baseline2polygon.B2PSeamMultiOriented:v=2.6.7
prov=University of Rostock/Institute of Mathematics/CITlab|PLANET AI GmbH/Tobias Gruening/tobias.gruening@planet-ai.de:name=/net_tf/LA73_249_0mod360.pb:de.uros.citlab.segmentation.CITlab_LA_ML:v=2.6.7
Transkribus</Creator>
        <Created>2021-06-08T09:53:16.261+02:00</Created>
        <LastChange>2022-09-09T17:27:07.097+02:00</LastChange>
        <TranskribusMetadata docId="1334768" pageId="52352911" pageNr="113" tsid="114634453" status="IN_PROGRESS" userId="9570" imgUrl="https://files.transkribus.eu/Get?id=XFFCEAAAMFKCMYIAZLYQUQER&amp;fileType=view" xmlUrl="https://files.transkribus.eu/Get?id=TNIIKVRHLZHDLBJTHYCEWCCL" imageId="20183644"/>
    </Metadata>
    <Page imageFilename="IMG_4464.JPG" imageWidth="4032" imageHeight="3024">
        <ReadingOrder>
            <OrderedGroup id="ro_1687514113569" caption="Regions reading order">
                <RegionRefIndexed index="0" regionRef="r1"/>
                <RegionRefIndexed index="1" regionRef="r2"/>
                <RegionRefIndexed index="2" regionRef="r3"/>
                <RegionRefIndexed index="3" regionRef="r4"/>
            </OrderedGroup>
        </ReadingOrder>
        <TextRegion orientation="0.0" id="r1" custom="readingOrder {index:0;}">
            <Coords points="1668,382 1668,2731 2370,2731 2370,382"/>
            <TextLine id="r1l1" custom="readingOrder {index:0;}">
                <Coords points="1922,394 1960,419 1980,410 1987,418 2014,415 2024,425 2038,413 2059,420 2084,409 2103,415 2106,336 2082,343 2065,335 2032,353 2001,333 1924,331"/>
                <Baseline points="1932,405 1959,404 1986,404 2013,405 2040,408 2067,408 2094,407"/>
                <TextEquiv>
                    <Unicode>Aodem</Unicode>
                </TextEquiv>
            </TextLine>
            <TextLine id="r1l2" custom="readingOrder {index:1;} person {offset:0; length:12;}">
                <Coords points="1659,496 1715,483 1744,505 1857,497 1909,517 2005,484 2031,507 2160,481 2192,506 2350,481 2349,450 2258,419 2200,445 2039,412 1960,460 1859,437 1755,457 1712,417 1657,412"/>
                <Baseline points="1668,482 1701,483 1735,485 1768,485 1802,485 1836,485 1869,483 1903,483 1936,482 1970,480 2004,479 2037,477 2071,476 2104,474 2138,474 2172,473 2205,473 2239,473 2272,473 2306,476 2340,477"/>
                <TextEquiv>
                    <Unicode>Maritz Essle ouch ein wetscher</Unicode>
                </TextEquiv>
            </TextLine>
            <TextLine id="r1l3" custom="readingOrder {index:2;}">
                <Coords points="1669,562 2188,550 2219,530 2345,554 2344,506 2258,482 2228,506 2109,478 1910,518 1716,483 1668,500"/>
                <Baseline points="1679,536 1711,539 1744,540 1777,542 1810,542 1842,542 1875,540 1908,539 1941,538 1973,537 2006,534 2039,533 2072,531 2104,530 2137,528 2170,528 2203,528 2235,528 2268,530 2301,531 2334,534"/>
                <TextEquiv>
                    <Unicode>ist iur wie dem hienor furge¬</Unicode>
                </TextEquiv>
            </TextLine>
            <TextLine id="r1l4" custom="readingOrder {index:3;}">
                <Coords points="1715,594 1938,614 2003,587 2052,619 2204,582 2240,603 2331,593 2368,617 2367,557 2258,558 2219,529 2190,553 2087,538 1714,570"/>
                <Baseline points="1725,591 1756,591 1788,593 1819,593 1851,592 1883,591 1914,591 1946,590 1978,589 2009,588 2041,587 2073,585 2104,584 2136,584 2168,582 2199,582 2231,581 2263,581 2294,581 2326,581 2358,582"/>
                <TextEquiv>
                    <Unicode>holtten, was sy verursachett</Unicode>
                </TextEquiv>
            </TextLine>
            <TextLine id="r1l5" custom="readingOrder {index:4;}">
                <Coords points="1695,671 1791,651 1842,680 1866,654 1978,677 2193,634 2351,646 2349,609 2306,593 2254,611 2205,581 2047,620 1988,589 1873,617 1727,595 1693,621"/>
                <Baseline points="1703,650 1734,650 1766,648 1798,648 1830,646 1862,645 1894,644 1925,642 1957,641 1989,638 2021,636 2053,635 2085,633 2117,633 2148,632 2180,631 2212,630 2244,630 2276,631 2308,632 2340,633"/>
                <TextEquiv>
                    <Unicode>das sy einandern nach den fin¬</Unicode>
                </TextEquiv>
            </TextLine>
            <TextLine id="r1l6" custom="readingOrder {index:5;} place {offset:9; length:4;}">
                <Coords points="1721,712 1819,697 1864,719 1920,690 2027,711 2076,688 2242,704 2307,688 2306,651 2225,658 2189,638 2124,656 2102,635 2021,669 1719,662"/>
                <Baseline points="1730,693 1758,695 1786,696 1815,696 1843,696 1872,696 1900,695 1928,695 1957,693 1985,692 2014,690 2042,689 2070,686 2099,686 2127,684 2156,683 2184,681 2212,681 2241,680 2269,680 2298,681"/>
                <TextEquiv>
                    <Unicode>jeder zu Ninw und vast gan</Unicode>
                </TextEquiv>
            </TextLine>
            <TextLine id="r1l7" custom="readingOrder {index:6;}">
                <Coords points="1724,749 1779,760 1813,743 1876,778 2023,761 2069,731 2137,760 2193,725 2286,756 2348,743 2347,696 1723,713"/>
                <Baseline points="1733,738 1763,740 1793,741 1823,743 1854,743 1884,741 1914,740 1945,738 1975,737 2005,735 2036,733 2066,731 2096,729 2126,728 2157,726 2187,726 2217,726 2248,728 2278,730 2308,734 2339,738"/>
                <TextEquiv>
                    <Unicode>solt gstoch habendt welcher</Unicode>
                </TextEquiv>
            </TextLine>
            <TextLine id="r1l8" custom="readingOrder {index:7;}">
                <Coords points="1725,809 1951,830 2049,782 2342,795 2367,790 2366,747 2236,749 2192,724 2139,757 2107,731 2017,765 1789,775 1722,745"/>
                <Baseline points="1734,792 1765,797 1796,798 1827,800 1858,800 1890,798 1921,797 1952,794 1983,792 2014,788 2046,785 2077,782 2108,779 2139,777 2170,775 2202,774 2233,774 2264,776 2295,777 2326,782 2358,788"/>
                <TextEquiv>
                    <Unicode>anzwgt sy habindt nider gwelle</Unicode>
                </TextEquiv>
            </TextLine>
            <TextLine id="r1l9" custom="readingOrder {index:8;}">
                <Coords points="1717,855 1808,845 1857,867 1900,838 1944,858 2046,840 2072,857 2098,836 2172,853 2204,828 2232,847 2274,827 2362,838 2360,805 2305,782 2269,799 2197,778 2120,797 2048,784 1994,813 1946,801 1871,824 1715,800"/>
                <Baseline points="1727,839 1758,842 1789,842 1820,843 1852,843 1883,842 1914,840 1945,839 1977,837 2008,836 2039,833 2070,831 2102,829 2133,826 2164,825 2195,825 2227,824 2258,824 2289,824 2320,825 2352,828"/>
                <TextEquiv>
                    <Unicode>vnnd zu demselben so sy nider</Unicode>
                </TextEquiv>
            </TextLine>
            <TextLine id="r1l10" custom="readingOrder {index:9;}">
                <Coords points="1699,909 1885,907 1908,888 1996,909 2022,886 2142,876 2184,906 2284,879 2345,906 2342,835 2276,827 2240,846 2199,830 2168,854 2104,835 2073,856 2042,841 1698,861"/>
                <Baseline points="1709,891 1740,891 1771,890 1802,890 1833,888 1865,887 1896,885 1927,884 1958,882 1989,881 2021,880 2052,878 2083,876 2114,876 2145,875 2177,874 2208,873 2239,873 2270,873 2301,875 2333,875"/>
                <TextEquiv>
                    <Unicode>gwellen do habendt sine ubrig</Unicode>
                </TextEquiv>
            </TextLine>
            <TextLine id="r1l11" custom="readingOrder {index:10;}">
                <Coords points="1718,954 1749,959 1777,935 1929,958 1967,933 1997,946 2085,930 2144,957 2188,925 2314,933 2313,888 1716,906"/>
                <Baseline points="1727,938 1755,936 1784,936 1813,935 1842,933 1871,933 1899,933 1928,932 1957,930 1986,930 2015,929 2043,929 2072,927 2101,926 2130,926 2159,924 2187,924 2216,923 2245,922 2274,921 2303,920"/>
                <TextEquiv>
                    <Unicode>gsellen die welchschum ein</Unicode>
                </TextEquiv>
            </TextLine>
            <TextLine id="r1l12" custom="readingOrder {index:11;}">
                <Coords points="1724,995 1896,977 2024,1007 2114,974 2218,1003 2262,973 2332,996 2331,948 2193,924 2133,953 2086,930 1962,933 1938,955 1820,960 1776,936 1750,959 1723,952"/>
                <Baseline points="1733,983 1762,983 1791,983 1821,983 1850,981 1880,981 1909,980 1938,979 1968,978 1997,976 2027,975 2056,974 2085,972 2115,972 2144,972 2174,972 2203,972 2232,972 2262,972 2291,974 2321,975"/>
                <TextEquiv>
                    <Unicode>anderen mitt fünsten gesteflagn</Unicode>
                </TextEquiv>
            </TextLine>
            <TextLine id="r1l13" custom="readingOrder {index:12;}">
                <Coords points="1712,1030 1778,1054 1960,1027 2179,1049 2215,1022 2295,1049 2293,978 2249,971 2162,995 2065,978 2019,1005 1893,983 1809,985 1765,1011 1711,1001"/>
                <Baseline points="1721,1031 1749,1031 1777,1031 1805,1031 1833,1031 1862,1030 1890,1029 1918,1028 1946,1028 1974,1026 2003,1026 2031,1025 2059,1024 2087,1023 2115,1022 2144,1022 2172,1020 2200,1019 2228,1019 2256,1019 2285,1017"/>
                <TextEquiv>
                    <Unicode>unnd ùber einandern zuckt</Unicode>
                </TextEquiv>
            </TextLine>
            <TextLine id="r1l14" custom="readingOrder {index:13;}">
                <Coords points="1693,1089 1775,1111 1835,1079 1912,1079 1940,1102 1980,1077 2038,1097 2100,1069 2156,1087 2191,1071 2253,1107 2278,1095 2264,1026 2171,1049 2082,1030 2028,1049 2000,1028 1778,1054 1693,1042"/>
                <Baseline points="1703,1073 1731,1074 1759,1075 1787,1076 1816,1076 1844,1077 1872,1076 1900,1076 1929,1076 1957,1076 1985,1074 2013,1074 2042,1073 2070,1073 2098,1071 2126,1071 2155,1070 2183,1070 2211,1068 2239,1068 2268,1068"/>
                <TextEquiv>
                    <Unicode>do sye derselbig stitb dem</Unicode>
                </TextEquiv>
            </TextLine>
            <TextLine id="r1l15" custom="readingOrder {index:14;}">
                <Coords points="1721,1129 1774,1146 1882,1119 1921,1158 2021,1125 2095,1140 2122,1122 2308,1126 2321,1087 2238,1098 2100,1068 2042,1102 1984,1079 1940,1101 1908,1078 1856,1100 1794,1101 1759,1078 1721,1092"/>
                <Baseline points="1730,1121 1759,1122 1788,1122 1817,1124 1846,1124 1875,1124 1904,1125 1933,1124 1962,1124 1991,1124 2021,1124 2050,1122 2079,1122 2108,1121 2137,1121 2166,1119 2195,1119 2224,1118 2253,1118 2282,1118 2312,1116"/>
                <TextEquiv>
                    <Unicode>anderen leyder also wordenn</Unicode>
                </TextEquiv>
            </TextLine>
            <TextLine id="r1l16" custom="readingOrder {index:15;}">
                <Coords points="1706,1196 1757,1173 2045,1198 2183,1167 2244,1195 2321,1168 2320,1123 2204,1144 2184,1127 2096,1140 2029,1124 1922,1156 1733,1129 1704,1148"/>
                <Baseline points="1715,1175 1744,1175 1774,1175 1804,1173 1834,1173 1864,1173 1894,1173 1923,1172 1953,1172 1983,1170 2013,1170 2043,1169 2073,1168 2103,1167 2132,1166 2162,1166 2192,1164 2222,1164 2252,1163 2282,1163 2312,1163"/>
                <TextEquiv>
                    <Unicode>der bluttigen kleyderenn halb</Unicode>
                </TextEquiv>
            </TextLine>
            <TextLine id="r1l17" custom="readingOrder {index:16;}">
                <Coords points="1714,1237 1753,1250 1882,1225 1906,1242 2001,1232 2090,1250 2157,1220 2194,1235 2280,1224 2279,1193 2164,1165 2064,1196 1864,1184 1824,1197 1758,1174 1714,1200"/>
                <Baseline points="1724,1224 1751,1224 1778,1224 1805,1224 1833,1223 1860,1223 1887,1223 1915,1223 1942,1222 1969,1221 1997,1221 2024,1221 2051,1220 2078,1220 2106,1219 2133,1218 2160,1218 2188,1217 2215,1217 2242,1215 2270,1215"/>
                <TextEquiv>
                    <Unicode>habe daeine gschachenn</Unicode>
                </TextEquiv>
            </TextLine>
            <TextLine id="r1l18" custom="readingOrder {index:17;}">
                <Coords points="1733,1276 1784,1306 1820,1284 1855,1305 1892,1280 1929,1293 1985,1274 2039,1296 2070,1269 2113,1291 2250,1260 2296,1275 2314,1273 2313,1220 2243,1245 2156,1220 2098,1249 1962,1230 1924,1249 1883,1225 1732,1249"/>
                <Baseline points="1742,1271 1770,1272 1798,1273 1826,1274 1854,1274 1882,1274 1910,1274 1938,1274 1966,1273 1994,1272 2022,1271 2050,1271 2078,1269 2106,1268 2134,1267 2162,1266 2190,1265 2218,1263 2246,1263 2274,1262 2303,1262"/>
                <TextEquiv>
                    <Unicode>wytther gfragt wordenn ob</Unicode>
                </TextEquiv>
            </TextLine>
            <TextLine id="r1l19" custom="readingOrder {index:18;}">
                <Coords points="1724,1344 1770,1329 1819,1356 1906,1340 1930,1357 1981,1331 2079,1349 2161,1325 2202,1342 2231,1314 2338,1328 2348,1276 2245,1265 2197,1291 2146,1274 2035,1298 1989,1274 1854,1301 1821,1285 1771,1300 1722,1274"/>
                <Baseline points="1733,1322 1763,1323 1793,1323 1823,1323 1854,1323 1884,1323 1914,1323 1945,1323 1975,1322 2005,1322 2036,1320 2066,1319 2096,1319 2126,1316 2157,1315 2187,1314 2217,1312 2248,1311 2278,1309 2308,1308 2339,1307"/>
                <TextEquiv>
                    <Unicode>er nit uff der harbt gedienet</Unicode>
                </TextEquiv>
            </TextLine>
            <TextLine id="r1l20" custom="readingOrder {index:19;}">
                <Coords points="1931,1389 1978,1391 2008,1371 2112,1395 2138,1373 2179,1385 2202,1362 2253,1380 2270,1367 2326,1365 2324,1328 2272,1336 2232,1315 2208,1337 2161,1325 2071,1349 2039,1334 1929,1345"/>
                <Baseline points="1940,1371 1965,1371 1990,1371 2015,1371 2040,1370 2065,1370 2090,1369 2115,1368 2140,1367 2165,1366 2190,1364 2215,1362 2240,1361 2265,1359 2290,1358 2316,1356"/>
                <TextEquiv>
                    <Unicode>Is war habe da</Unicode>
                </TextEquiv>
            </TextLine>
            <TextLine id="r1l21" custom="readingOrder {index:20;}">
                <Coords points="1737,1376 1765,1374 1782,1395 1796,1393 1805,1400 1825,1394 1843,1403 1858,1394 1906,1400 1912,1346 1895,1342 1876,1356 1846,1346 1838,1353 1821,1343 1806,1353 1788,1343 1760,1350 1742,1340"/>
                <Baseline points="1748,1371 1773,1371 1798,1373 1823,1376 1848,1380 1873,1384 1898,1386"/>
                <TextEquiv>
                    <Unicode>anziyg</Unicode>
                </TextEquiv>
            </TextLine>
            <TextLine id="r1l22" custom="readingOrder {index:21;}">
                <Coords points="1928,1415 1974,1428 2079,1415 2111,1445 2144,1432 2187,1438 2212,1419 2251,1431 2294,1420 2294,1379 2221,1365 2180,1384 2145,1375 2112,1394 2025,1376 1980,1389 1928,1381"/>
                <Baseline points="1937,1400 1963,1407 1990,1411 2017,1414 2044,1415 2070,1416 2097,1415 2124,1415 2151,1413 2177,1412 2204,1412 2231,1412 2258,1413 2285,1413"/>
                <TextEquiv>
                    <Unicode>Ober nie wöder</Unicode>
                </TextEquiv>
            </TextLine>
            <TextLine id="r1l23" custom="readingOrder {index:22;}">
                <Coords points="1733,1438 1756,1433 1776,1420 1791,1430 1816,1425 1853,1440 1866,1438 1882,1429 1903,1427 1904,1402 1890,1404 1881,1396 1858,1395 1840,1402 1831,1394 1809,1401 1796,1393 1784,1397 1765,1385 1734,1386"/>
                <Baseline points="1743,1421 1768,1422 1793,1421 1818,1422 1843,1422 1868,1424 1893,1427"/>
                <TextEquiv>
                    <Unicode>gedienet</Unicode>
                </TextEquiv>
            </TextLine>
            <TextLine id="r1l24" custom="readingOrder {index:23;}">
                <Coords points="1736,1484 1757,1472 1795,1498 1821,1472 1890,1502 1934,1470 2074,1500 2123,1460 2157,1489 2205,1494 2230,1470 2307,1464 2307,1424 2107,1441 2076,1415 2063,1429 1946,1419 1861,1440 1774,1421 1735,1437"/>
                <Baseline points="1746,1467 1773,1468 1801,1469 1828,1469 1856,1469 1884,1467 1911,1467 1939,1467 1966,1466 1994,1466 2022,1464 2049,1463 2077,1463 2104,1461 2132,1461 2160,1461 2187,1460 2215,1460 2242,1460 2270,1460 2298,1461"/>
                <TextEquiv>
                    <Unicode>boss gsthellschafft ✳ noch wie</Unicode>
                </TextEquiv>
            </TextLine>
            <TextLine id="r1l25" custom="readingOrder {index:24;}">
                <Coords points="1741,1518 1821,1535 1885,1517 1926,1553 1976,1520 2088,1519 2115,1542 2158,1512 2338,1528 2337,1482 2274,1490 2233,1469 2206,1493 2111,1478 2076,1498 1934,1470 1892,1499 1741,1476"/>
                <Baseline points="1751,1512 1779,1514 1808,1515 1837,1517 1866,1518 1895,1518 1924,1518 1952,1518 1981,1518 2010,1518 2039,1517 2068,1517 2097,1515 2126,1515 2154,1514 2183,1514 2212,1513 2241,1512 2270,1512 2299,1511 2328,1511"/>
                <TextEquiv>
                    <Unicode>by den spileren by und mitt</Unicode>
                </TextEquiv>
            </TextLine>
            <TextLine id="r1l26" custom="readingOrder {index:25;}">
                <Coords points="1730,1587 1770,1597 1823,1558 1891,1597 1970,1573 2065,1590 2103,1567 2175,1571 2200,1596 2237,1568 2276,1601 2305,1592 2305,1518 2231,1536 2158,1514 2123,1542 2086,1519 1995,1523 1939,1550 1879,1525 1813,1544 1730,1518"/>
                <Baseline points="1740,1565 1767,1566 1795,1567 1823,1568 1851,1568 1878,1569 1906,1569 1934,1569 1962,1569 1989,1569 2017,1569 2045,1568 2073,1568 2100,1568 2128,1568 2156,1567 2184,1566 2211,1566 2239,1566 2267,1566 2295,1566"/>
                <TextEquiv>
                    <Unicode>gsin vil minder sholff</Unicode>
                </TextEquiv>
            </TextLine>
            <TextLine id="r1l27" custom="readingOrder {index:26;}">
                <Coords points="1738,1615 1871,1646 1904,1623 1969,1647 2040,1619 2117,1642 2150,1617 2188,1650 2258,1624 2277,1644 2299,1633 2299,1598 2242,1576 2201,1596 2176,1571 2053,1596 1998,1572 1895,1598 1829,1566 1771,1596 1738,1588"/>
                <Baseline points="1748,1611 1775,1613 1802,1614 1829,1616 1856,1617 1883,1617 1910,1619 1937,1619 1964,1619 1991,1619 2018,1619 2045,1619 2072,1619 2099,1619 2126,1619 2153,1619 2180,1619 2207,1620 2234,1621 2261,1622 2289,1625"/>
                <TextEquiv>
                    <Unicode>murdem, stälen spychtr</Unicode>
                </TextEquiv>
            </TextLine>
            <TextLine id="r1l28" custom="readingOrder {index:27;}">
                <Coords points="1731,1685 1791,1697 1834,1670 1861,1697 1925,1678 1964,1700 1981,1684 2240,1695 2349,1678 2349,1644 2256,1628 2196,1647 2150,1616 2115,1642 1999,1623 1970,1644 1822,1641 1788,1622 1731,1639"/>
                <Baseline points="1740,1665 1770,1665 1800,1665 1830,1665 1860,1665 1890,1665 1920,1665 1950,1665 1980,1665 2010,1665 2040,1665 2070,1665 2100,1665 2130,1665 2160,1665 2190,1667 2220,1667 2250,1667 2280,1667 2310,1668 2340,1668"/>
                <TextEquiv>
                    <Unicode>uffbräcben noch anderen zienor</Unicode>
                </TextEquiv>
            </TextLine>
            <TextLine id="r1l29" custom="readingOrder {index:28;}">
                <Coords points="1739,1736 1837,1726 1876,1745 2021,1749 2110,1722 2277,1740 2339,1732 2339,1685 2155,1699 2097,1683 1975,1705 1835,1678 1783,1699 1739,1689"/>
                <Baseline points="1748,1718 1777,1718 1806,1719 1835,1719 1864,1719 1893,1721 1922,1721 1951,1721 1980,1721 2009,1722 2039,1722 2068,1722 2097,1722 2126,1722 2155,1722 2184,1721 2213,1721 2242,1719 2271,1719 2300,1718 2330,1715"/>
                <TextEquiv>
                    <Unicode>geweldettenn artickten, nie mitt</Unicode>
                </TextEquiv>
            </TextLine>
            <TextLine id="r1l30" custom="readingOrder {index:29;}">
                <Coords points="1741,1789 1842,1766 1970,1775 2009,1804 2071,1781 2173,1802 2316,1773 2342,1792 2355,1730 2107,1723 2055,1752 1981,1731 1890,1748 1850,1723 1801,1745 1766,1723 1741,1735"/>
                <Baseline points="1751,1769 1780,1769 1810,1769 1840,1769 1869,1769 1899,1770 1929,1770 1958,1771 1988,1772 2018,1773 2048,1773 2077,1773 2107,1773 2137,1773 2166,1773 2196,1773 2226,1772 2255,1770 2285,1768 2315,1765 2345,1761"/>
                <TextEquiv>
                    <Unicode>ghandlet wär gien wyd, das er noch</Unicode>
                </TextEquiv>
            </TextLine>
            <TextLine id="r1l31" custom="readingOrder {index:30;}">
                <Coords points="1754,1824 1828,1825 1886,1854 1954,1853 1987,1822 2029,1840 2078,1823 2126,1848 2194,1824 2292,1851 2343,1836 2343,1769 2260,1801 2243,1785 2151,1802 2070,1782 2008,1803 1910,1769 1755,1789"/>
                <Baseline points="1764,1815 1792,1815 1820,1817 1849,1817 1877,1817 1906,1818 1934,1819 1963,1820 1991,1820 2020,1821 2048,1821 2076,1823 2105,1823 2133,1823 2162,1823 2190,1823 2219,1821 2247,1821 2276,1820 2304,1817 2333,1814"/>
                <TextEquiv>
                    <Unicode>solt anfachenn. Der alrenen</Unicode>
                </TextEquiv>
            </TextLine>
            <TextLine id="r1l32" custom="readingOrder {index:31;}">
                <Coords points="1741,1888 1877,1876 1945,1905 1997,1898 2022,1874 2104,1871 2154,1896 2189,1869 2289,1877 2290,1848 2206,1823 2125,1848 2084,1824 2032,1840 1984,1824 1956,1851 1927,1836 1906,1851 1875,1822 1742,1835"/>
                <Baseline points="1752,1862 1778,1864 1804,1866 1831,1866 1857,1868 1884,1869 1910,1871 1936,1871 1963,1871 1989,1872 2016,1872 2042,1872 2068,1871 2095,1871 2121,1871 2148,1869 2174,1869 2200,1868 2227,1866 2253,1865 2280,1863"/>
                <TextEquiv>
                    <Unicode>halb oueg gfragt wordenn.</Unicode>
                </TextEquiv>
            </TextLine>
            <TextLine id="r1l33" custom="readingOrder {index:32;}">
                <Coords points="1739,1928 1865,1920 1952,1942 2043,1926 2092,1953 2126,1922 2223,1944 2250,1923 2351,1920 2351,1868 2252,1896 2188,1869 2155,1896 2103,1872 2006,1905 1824,1874 1739,1892"/>
                <Baseline points="1749,1914 1778,1916 1808,1917 1837,1919 1867,1920 1897,1920 1926,1922 1956,1922 1986,1922 2015,1922 2045,1922 2075,1922 2104,1922 2134,1920 2164,1919 2193,1918 2223,1917 2253,1916 2282,1914 2312,1913 2342,1910"/>
                <TextEquiv>
                    <Unicode>will nit wred sin, das er nitt</Unicode>
                </TextEquiv>
            </TextLine>
            <TextLine id="r1l34" custom="readingOrder {index:33;}">
                <Coords points="1735,1981 1966,1964 2003,1998 2115,2002 2158,1979 2175,1996 2338,1998 2338,1921 2161,1944 2125,1921 2097,1942 2068,1927 1964,1946 1871,1927 1735,1937"/>
                <Baseline points="1745,1962 1774,1963 1803,1964 1832,1965 1861,1967 1890,1968 1919,1968 1949,1968 1978,1969 2007,1970 2036,1970 2065,1970 2094,1969 2123,1968 2153,1968 2182,1967 2211,1967 2240,1965 2269,1964 2298,1962 2328,1961"/>
                <TextEquiv>
                    <Unicode>gehandlott feyl scheptt noch</Unicode>
                </TextEquiv>
            </TextLine>
            <TextLine id="r1l35" custom="readingOrder {index:34;}">
                <Coords points="1748,2029 1881,2018 1926,2034 1959,2017 2025,2048 2096,2027 2123,2045 2145,2024 2257,2048 2288,2019 2303,2034 2344,2019 2345,1971 2267,1962 2213,1991 2157,1979 2108,2002 2002,1998 1961,1964 1934,1982 1748,1979"/>
                <Baseline points="1758,2012 1786,2013 1815,2014 1844,2015 1873,2016 1902,2017 1930,2018 1959,2018 1988,2019 2017,2019 2046,2019 2074,2019 2103,2019 2132,2019 2161,2019 2190,2019 2218,2019 2247,2018 2276,2017 2305,2016 2334,2015"/>
                <TextEquiv>
                    <Unicode>gemandts darmit betragen</Unicode>
                </TextEquiv>
            </TextLine>
            <TextLine id="r1l36" custom="readingOrder {index:35;}">
                <Coords points="1757,2068 1827,2084 1852,2072 1927,2101 1968,2076 2041,2095 2084,2068 2173,2097 2322,2072 2322,2043 2285,2023 2258,2045 2227,2027 2185,2047 2148,2031 2117,2045 2098,2027 2051,2047 1947,2020 1757,2027"/>
                <Baseline points="1766,2064 1793,2066 1820,2067 1847,2067 1875,2069 1902,2069 1929,2069 1957,2069 1984,2069 2011,2069 2039,2069 2066,2069 2093,2069 2120,2069 2148,2068 2175,2067 2202,2067 2230,2067 2257,2067 2284,2067 2312,2067"/>
                <TextEquiv>
                    <Unicode>mir kleyderen halb, habe</Unicode>
                </TextEquiv>
            </TextLine>
            <TextLine id="r1l37" custom="readingOrder {index:36;}">
                <Coords points="1724,2131 1968,2119 2036,2143 2154,2132 2268,2155 2360,2117 2360,2092 2313,2072 2166,2097 2081,2067 2038,2100 1974,2075 1920,2099 1725,2046"/>
                <Baseline points="1734,2114 1764,2114 1795,2115 1826,2115 1857,2115 1887,2116 1918,2117 1949,2117 1980,2118 2010,2118 2041,2118 2072,2120 2103,2120 2133,2120 2164,2120 2195,2119 2226,2118 2256,2118 2287,2117 2318,2115 2349,2114"/>
                <TextEquiv>
                    <Unicode>shemir ✳ dann die er anhabe.</Unicode>
                </TextEquiv>
            </TextLine>
            <TextLine id="r1l38" custom="readingOrder {index:37;}">
                <Coords points="1733,2166 1941,2205 2062,2166 2152,2207 2203,2180 2368,2197 2361,2117 2317,2119 2279,2153 2156,2133 2010,2148 1968,2120 1734,2123"/>
                <Baseline points="1743,2162 1773,2162 1804,2163 1835,2163 1866,2163 1896,2165 1927,2166 1958,2167 1989,2168 2019,2169 2050,2171 2081,2171 2112,2172 2142,2172 2173,2174 2204,2174 2235,2172 2265,2172 2296,2171 2327,2169 2358,2168"/>
                <TextEquiv>
                    <Unicode>Weys ouch nit war den anden</Unicode>
                </TextEquiv>
            </TextLine>
            <TextLine id="r1l39" custom="readingOrder {index:38;}">
                <Coords points="1735,2251 1792,2252 1813,2231 1846,2253 1906,2242 1935,2253 1947,2243 1976,2255 2109,2252 2110,2196 2064,2166 2023,2181 2004,2171 1971,2197 1938,2173 1853,2197 1819,2161 1737,2181"/>
                <Baseline points="1746,2217 1771,2217 1796,2217 1821,2217 1847,2217 1872,2217 1897,2217 1923,2219 1948,2219 1973,2219 1998,2220 2024,2220 2049,2222 2074,2222 2100,2225"/>
                <TextEquiv>
                    <Unicode>gestorten haben</Unicode>
                </TextEquiv>
            </TextLine>
            <TextLine id="r1l40" custom="readingOrder {index:39;}">
                <Coords points="1949,2353 1961,2350 1967,2356 1986,2355 1997,2348 2019,2352 2026,2346 2046,2345 2039,2243 2022,2246 1995,2271 1964,2247 1942,2245"/>
                <Baseline points="1956,2319 1982,2317 2008,2313 2034,2316"/>
                <TextEquiv>
                    <Unicode>Eodn</Unicode>
                </TextEquiv>
            </TextLine>
            <TextLine id="r1l41" custom="readingOrder {index:40;} person {offset:0; length:15;}">
                <Coords points="1717,2447 1825,2437 1901,2462 1947,2438 2098,2457 2148,2439 2203,2460 2243,2433 2282,2460 2313,2432 2357,2434 2357,2380 2301,2398 2225,2375 2094,2414 1962,2403 1856,2357 1792,2402 1716,2360"/>
                <Baseline points="1727,2432 1758,2430 1789,2430 1820,2430 1851,2432 1882,2432 1913,2432 1944,2433 1975,2434 2006,2435 2037,2435 2068,2435 2099,2435 2130,2435 2161,2435 2192,2433 2223,2433 2254,2430 2285,2427 2316,2424 2348,2421"/>
                <TextEquiv>
                    <Unicode>Alhelm Marguett glycher</Unicode>
                </TextEquiv>
            </TextLine>
            <TextLine id="r1l42" custom="readingOrder {index:41;}">
                <Coords points="1736,2492 2011,2486 2087,2508 2137,2487 2218,2517 2352,2473 2352,2433 2279,2459 2236,2432 2203,2461 2151,2464 2064,2440 1899,2462 1736,2442"/>
                <Baseline points="1745,2475 1774,2475 1804,2476 1834,2477 1864,2478 1894,2479 1924,2480 1953,2481 1983,2483 2013,2483 2043,2484 2073,2486 2103,2486 2133,2486 2162,2486 2192,2484 2222,2483 2252,2481 2282,2479 2312,2475 2342,2471"/>
                <TextEquiv>
                    <Unicode>gstalt wie die hievor gfragt</Unicode>
                </TextEquiv>
            </TextLine>
            <TextLine id="r1l43" custom="readingOrder {index:42;}">
                <Coords points="1733,2533 1820,2524 1909,2556 2024,2531 2091,2563 2169,2534 2190,2556 2208,2539 2236,2552 2351,2524 2351,2474 2208,2510 2138,2488 2088,2509 1838,2480 1733,2496"/>
                <Baseline points="1743,2520 1774,2520 1806,2522 1837,2522 1869,2523 1900,2525 1932,2526 1963,2528 1995,2529 2026,2531 2058,2532 2089,2532 2121,2532 2152,2532 2184,2532 2215,2530 2247,2527 2278,2525 2310,2520 2342,2516"/>
                <TextEquiv>
                    <Unicode>worden ist hievor zu uwer</Unicode>
                </TextEquiv>
            </TextLine>
            <TextLine id="r1l44" custom="readingOrder {index:43;}">
                <Coords points="1731,2583 1791,2564 1944,2607 2058,2582 2122,2611 2176,2582 2217,2600 2380,2577 2380,2513 2279,2548 2163,2538 2097,2561 2035,2534 1962,2553 1820,2525 1731,2533"/>
                <Baseline points="1740,2556 1771,2559 1803,2563 1834,2566 1866,2569 1897,2571 1929,2573 1960,2575 1992,2577 2023,2577 2055,2578 2086,2579 2118,2577 2149,2577 2181,2575 2212,2574 2244,2571 2275,2568 2307,2565 2338,2559 2370,2555"/>
                <TextEquiv>
                    <Unicode>gnaden gespuckung, ouch einmel</Unicode>
                </TextEquiv>
            </TextLine>
            <TextLine id="r1l45" custom="readingOrder {index:44;}">
                <Coords points="1740,2613 1811,2637 1871,2616 1914,2639 2113,2631 2144,2646 2208,2620 2251,2647 2344,2605 2344,2574 2226,2598 2178,2581 2131,2602 2054,2582 2017,2607 1885,2595 1862,2575 1740,2578"/>
                <Baseline points="1749,2603 1778,2606 1807,2608 1836,2613 1866,2616 1895,2618 1924,2621 1953,2622 1983,2624 2012,2625 2041,2627 2070,2627 2100,2627 2129,2625 2158,2625 2187,2622 2217,2619 2246,2616 2275,2611 2304,2606 2334,2600"/>
                <TextEquiv>
                    <Unicode>enthaltten worden, sy ii wurb</Unicode>
                </TextEquiv>
            </TextLine>
            <TextLine id="r1l46" custom="readingOrder {index:45;}">
                <Coords points="1749,2660 1863,2666 1945,2704 1975,2677 2094,2698 2156,2675 2177,2692 2343,2661 2343,2605 2235,2642 2206,2621 2171,2650 2099,2631 1913,2641 1875,2617 1822,2639 1749,2612"/>
                <Baseline points="1758,2651 1786,2654 1815,2658 1844,2661 1873,2663 1902,2666 1930,2667 1959,2669 1988,2670 2017,2670 2046,2670 2074,2670 2103,2670 2132,2669 2161,2667 2190,2666 2218,2663 2247,2660 2276,2657 2305,2654 2334,2649"/>
                <TextEquiv>
                    <Unicode>krancke gsin ✳ deshalb gann bat</Unicode>
                </TextEquiv>
            </TextLine>
            <TextLine id="r1l47" custom="readingOrder {index:46;}">
                <Coords points="1737,2735 1774,2756 1890,2724 1981,2756 2128,2732 2179,2755 2202,2731 2225,2749 2291,2713 2365,2713 2364,2652 2347,2647 2209,2689 2118,2678 2093,2699 2043,2678 1942,2701 1859,2666 1737,2675"/>
                <Baseline points="1746,2700 1776,2703 1806,2705 1837,2708 1867,2711 1898,2712 1928,2714 1959,2717 1989,2718 2020,2718 2050,2720 2080,2720 2111,2718 2141,2718 2172,2715 2202,2713 2233,2711 2263,2706 2294,2701 2324,2695 2355,2687"/>
                <TextEquiv>
                    <Unicode>gmüssen, sich daselbst zehellen</Unicode>
                </TextEquiv>
            </TextLine>
            <TextEquiv>
                <Unicode>Aodem
Maritz Essle ouch ein wetscher
ist iur wie dem hienor furge¬
holtten, was sy verursachett
das sy einandern nach den fin¬
jeder zu Ninw und vast gan
solt gstoch habendt welcher
anzwgt sy habindt nider gwelle
vnnd zu demselben so sy nider
gwellen do habendt sine ubrig
gsellen die welchschum ein
anderen mitt fünsten gesteflagn
unnd ùber einandern zuckt
do sye derselbig stitb dem
anderen leyder also wordenn
der bluttigen kleyderenn halb
habe daeine gschachenn
wytther gfragt wordenn ob
er nit uff der harbt gedienet
Is war habe da
anziyg
Ober nie wöder
gedienet
boss gsthellschafft ✳ noch wie
by den spileren by und mitt
gsin vil minder sholff
murdem, stälen spychtr
uffbräcben noch anderen zienor
geweldettenn artickten, nie mitt
ghandlet wär gien wyd, das er noch
solt anfachenn. Der alrenen
halb oueg gfragt wordenn.
will nit wred sin, das er nitt
gehandlott feyl scheptt noch
gemandts darmit betragen
mir kleyderen halb, habe
shemir ✳ dann die er anhabe.
Weys ouch nit war den anden
gestorten haben
Eodn
Alhelm Marguett glycher
gstalt wie die hievor gfragt
worden ist hievor zu uwer
gnaden gespuckung, ouch einmel
enthaltten worden, sy ii wurb
krancke gsin ✳ deshalb gann bat
gmüssen, sich daselbst zehellen</Unicode>
            </TextEquiv>
        </TextRegion>
        <TextRegion orientation="0.0" id="r2" custom="readingOrder {index:1;}">
            <Coords points="2475,1039 2475,1195 2520,1195 2520,1039"/>
            <TextLine id="r2l1" custom="readingOrder {index:0;}">
                <Coords points="2469,1173 2485,1173 2492,1166 2496,1169 2505,1166 2519,1151 2531,1151 2521,1082 2506,1082 2501,1087 2495,1085 2491,1090 2483,1085 2477,1090 2458,1092"/>
                <Baseline points="2475,1145 2520,1139"/>
                <TextEquiv>
                    <Unicode>sin</Unicode>
                </TextEquiv>
            </TextLine>
            <TextEquiv>
                <Unicode>sin</Unicode>
            </TextEquiv>
        </TextRegion>
        <TextRegion orientation="0.0" id="r3" custom="readingOrder {index:2;}">
            <Coords points="2532,382 2532,538 2546,538 2546,382"/>
            <TextLine id="r3l1" custom="readingOrder {index:0;}">
                <Coords points="2529,507 2539,502 2552,507 2553,504 2564,500 2539,443 2530,447 2527,455 2524,454 2522,459 2520,458 2510,464"/>
                <Baseline points="2532,488 2546,482"/>
                <TextEquiv>
                    <Unicode>3.</Unicode>
                </TextEquiv>
            </TextLine>
            <TextEquiv>
                <Unicode>3.</Unicode>
            </TextEquiv>
        </TextRegion>
        <TextRegion orientation="0.0" id="r4" custom="readingOrder {index:3;}">
            <Coords points="2555,273 2555,2848 3306,2848 3306,273"/>
            <TextLine id="r4l1" custom="readingOrder {index:0;}">
                <Coords points="3161,319 3172,319 3186,305 3193,307 3207,301 3224,303 3232,310 3253,303 3271,304 3271,262 3261,262 3255,268 3230,243 3218,250 3210,247 3203,254 3187,256 3179,251 3160,251"/>
                <Baseline points="3170,299 3200,296 3230,294 3261,300"/>
                <TextEquiv>
                    <Unicode>102</Unicode>
                </TextEquiv>
            </TextLine>
            <TextLine id="r4l2" custom="readingOrder {index:1;}">
                <Coords points="2594,455 2783,454 2812,431 2839,448 2885,422 3134,397 3268,427 3262,336 3228,327 3159,365 3076,339 3030,377 2928,337 2777,369 2737,350 2649,378 2588,364"/>
                <Baseline points="2603,438 2635,435 2668,430 2700,428 2733,425 2766,422 2798,420 2831,417 2863,416 2896,414 2929,412 2961,410 2994,408 3026,407 3059,404 3092,402 3124,400 3157,398 3189,396 3222,393 3255,390"/>
                <TextEquiv>
                    <Unicode>syr zu den gemeltten sinen gselle,</Unicode>
                </TextEquiv>
            </TextLine>
            <TextLine id="r4l3" custom="readingOrder {index:2;} place {offset:4; length:7;}">
                <Coords points="2588,502 2639,508 2674,473 2843,483 2987,457 3054,476 3218,455 3233,409 3199,427 3037,405 2880,446 2586,461"/>
                <Baseline points="2597,479 2628,477 2659,476 2691,474 2722,473 2753,471 2785,470 2816,468 2847,467 2879,465 2910,464 2941,462 2973,459 3004,458 3035,456 3067,453 3098,451 3129,449 3161,446 3192,444 3224,440"/>
                <TextEquiv>
                    <Unicode>gan berrenn, zeuen khon dann</Unicode>
                </TextEquiv>
            </TextLine>
            <TextLine id="r4l4" custom="readingOrder {index:3;}">
                <Coords points="2738,506 2786,498 2800,509 2817,502 2831,511 2848,502 2870,507 2911,487 2910,464 2883,465 2874,475 2846,463 2820,477 2810,469 2779,479 2736,479"/>
                <Baseline points="2747,494 2772,495 2798,494 2824,493 2849,491 2875,489 2901,486"/>
                <TextEquiv>
                    <Unicode>mein</Unicode>
                </TextEquiv>
            </TextLine>
            <TextLine id="r4l5" custom="readingOrder {index:4;}">
                <Coords points="2583,545 2816,526 2893,549 2996,510 3159,518 3245,497 3243,462 2993,463 2935,500 2782,507 2676,474 2639,509 2580,505"/>
                <Baseline points="2591,530 2623,528 2655,528 2687,527 2720,525 2752,524 2784,523 2816,521 2849,519 2881,517 2913,515 2945,514 2978,512 3010,509 3042,508 3074,505 3107,502 3139,500 3171,498 3203,495 3236,492"/>
                <TextEquiv>
                    <Unicode>Er die meydung er wöltte hern</Unicode>
                </TextEquiv>
            </TextLine>
            <TextLine id="r4l6" custom="readingOrder {index:5;}">
                <Coords points="2582,597 2610,578 2643,605 2688,583 2833,599 2947,559 3002,581 3040,552 3201,568 3239,548 3237,502 2997,514 2894,549 2817,526 2580,547"/>
                <Baseline points="2591,579 2624,578 2658,577 2691,576 2725,575 2759,572 2792,570 2826,569 2860,566 2893,564 2927,563 2960,561 2994,558 3028,556 3061,554 3095,552 3129,551 3162,549 3196,547 3230,545"/>
                <TextEquiv>
                    <Unicode>sich daselbst mit men niderglassen</Unicode>
                </TextEquiv>
            </TextLine>
            <TextLine id="r4l7" custom="readingOrder {index:6;}">
                <Coords points="2584,634 2631,655 2692,624 2769,649 2800,620 2888,632 2970,614 2997,632 3017,611 3226,607 3223,561 3149,555 2722,607 2676,588 2644,604 2611,578 2582,600"/>
                <Baseline points="2594,629 2625,627 2656,627 2687,625 2718,624 2749,621 2780,620 2811,617 2842,615 2873,613 2905,611 2936,609 2967,607 2998,606 3029,603 3060,602 3091,600 3122,599 3153,598 3184,597 3216,597"/>
                <TextEquiv>
                    <Unicode>will noch vil minder, damik die</Unicode>
                </TextEquiv>
            </TextLine>
            <TextLine id="r4l8" custom="readingOrder {index:7;}">
                <Coords points="2586,687 2733,669 2872,695 3054,653 3084,677 3145,653 3229,676 3226,608 3091,626 3017,610 2997,633 2914,619 2884,642 2748,629 2720,648 2692,624 2631,654 2584,635"/>
                <Baseline points="2595,675 2626,674 2657,672 2688,671 2719,670 2751,669 2782,668 2813,666 2844,665 2875,663 2907,662 2938,660 2969,659 3000,657 3031,656 3063,653 3094,652 3125,651 3156,649 3187,647 3219,645"/>
                <TextEquiv>
                    <Unicode>hwurr anzeyben war den gestochen</Unicode>
                </TextEquiv>
            </TextLine>
            <TextLine id="r4l9" custom="readingOrder {index:8;}">
                <Coords points="2571,735 2714,738 2791,717 2825,737 2880,716 2943,731 3017,699 3165,728 3211,711 3210,670 3141,655 3084,677 3056,653 2868,693 2719,671 2618,697 2569,677"/>
                <Baseline points="2580,720 2611,720 2642,720 2673,719 2704,717 2735,716 2766,715 2797,714 2828,713 2859,711 2890,709 2921,708 2952,707 2983,704 3014,704 3045,702 3076,702 3107,701 3138,701 3169,701 3201,701"/>
                <TextEquiv>
                    <Unicode>habe der bluttigen kleydern</Unicode>
                </TextEquiv>
            </TextLine>
            <TextLine id="r4l10" custom="readingOrder {index:9;}">
                <Coords points="2567,794 2625,773 2689,784 2708,764 2823,786 2890,760 2951,783 3045,753 3076,773 3107,753 3149,759 3148,713 3115,727 3022,703 2897,737 2788,719 2690,740 2565,732"/>
                <Baseline points="2577,765 2605,765 2633,764 2661,764 2689,762 2717,761 2745,761 2774,759 2802,759 2830,758 2858,756 2886,755 2914,755 2942,753 2971,752 2999,752 3027,750 3055,749 3083,749 3111,749 3140,747"/>
                <TextEquiv>
                    <Unicode>halb anziggt er habe f</Unicode>
                </TextEquiv>
            </TextLine>
            <TextLine id="r4l11" custom="readingOrder {index:10;}">
                <Coords points="2576,815 2790,836 2845,812 2878,829 2977,806 3014,826 3039,804 3091,797 3112,816 3157,799 3155,760 3112,752 3059,779 3020,757 2960,780 2735,769 2575,790"/>
                <Baseline points="2586,807 2614,809 2642,809 2670,809 2698,809 2726,807 2754,807 2782,807 2810,806 2838,804 2866,804 2894,803 2922,801 2950,801 2978,800 3006,798 3034,797 3062,796 3090,795 3118,793 3147,792"/>
                <TextEquiv>
                    <Unicode>noch wüsse dh eine sine zu</Unicode>
                </TextEquiv>
            </TextLine>
            <TextLine id="r4l12" custom="readingOrder {index:11;} place {offset:0; length:5;}">
                <Coords points="2588,865 2727,851 2759,874 2946,876 2964,858 3078,851 3165,878 3198,858 3197,800 3040,807 3015,825 2976,806 2949,828 2845,814 2791,835 2704,834 2657,810 2587,823"/>
                <Baseline points="2597,854 2626,855 2656,857 2685,857 2715,857 2744,858 2774,858 2803,858 2833,857 2862,857 2892,857 2922,855 2951,855 2981,854 3010,853 3040,852 3069,851 3099,849 3128,848 3158,846 3188,845"/>
                <TextEquiv>
                    <Unicode>Baden von wägen, das er sich</Unicode>
                </TextEquiv>
            </TextLine>
            <TextLine id="r4l13" custom="readingOrder {index:12;}">
                <Coords points="2567,907 2639,928 2681,906 2714,937 2867,899 2912,927 3053,899 3111,918 3206,894 3208,870 3101,869 3076,850 2915,879 2567,871"/>
                <Baseline points="2577,897 2608,899 2639,900 2670,902 2701,902 2732,903 2763,903 2794,903 2825,903 2856,903 2887,902 2918,902 2949,902 2980,900 3011,900 3042,899 3073,898 3104,897 3135,896 3166,894 3198,894"/>
                <TextEquiv>
                    <Unicode>daselbst hatt beyllen lassenn</Unicode>
                </TextEquiv>
            </TextLine>
            <TextLine id="r4l14" custom="readingOrder {index:13;}">
                <Coords points="2579,961 2771,989 2829,949 2885,976 2935,948 3044,970 3069,946 3125,951 3186,976 3228,960 3227,915 3185,894 3030,927 2972,907 2908,927 2881,904 2715,937 2685,909 2641,929 2579,912"/>
                <Baseline points="2588,950 2619,951 2651,953 2682,953 2714,954 2745,954 2777,954 2808,954 2840,954 2871,953 2903,953 2934,951 2966,951 2997,950 3029,950 3060,948 3092,947 3123,947 3155,946 3186,945 3218,945"/>
                <TextEquiv>
                    <Unicode>verkhoufft ✳ der übrig articklen</Unicode>
                </TextEquiv>
            </TextLine>
            <TextLine id="r4l15" custom="readingOrder {index:14;}">
                <Coords points="2568,1007 2767,1030 2800,1008 2986,1011 3046,993 3083,1018 3183,1001 3183,970 3068,946 3020,970 2941,948 2881,982 2828,950 2774,985 2712,986 2567,957"/>
                <Baseline points="2577,999 2606,999 2636,1001 2666,1002 2696,1002 2726,1002 2756,1001 2785,1001 2815,1001 2845,999 2875,999 2905,998 2935,996 2965,996 2994,995 3024,995 3054,995 3084,995 3114,995 3144,996 3174,998"/>
                <TextEquiv>
                    <Unicode>die hienot den andren Purge¬</Unicode>
                </TextEquiv>
            </TextLine>
            <TextLine id="r4l16" custom="readingOrder {index:15;}">
                <Coords points="2588,1071 2723,1056 2799,1078 2820,1060 2867,1073 3091,1041 3142,1067 3180,1045 3179,1004 3162,1000 3085,1018 2982,1000 2941,1021 2856,1001 2823,1031 2800,1008 2765,1032 2587,1017"/>
                <Baseline points="2597,1050 2625,1050 2654,1050 2683,1052 2711,1050 2740,1050 2769,1050 2797,1050 2826,1049 2855,1048 2884,1047 2912,1046 2941,1046 2970,1044 2998,1043 3027,1043 3056,1041 3084,1041 3113,1041 3142,1041 3171,1041"/>
                <TextEquiv>
                    <Unicode>haltten sind, will kheysse</Unicode>
                </TextEquiv>
            </TextLine>
            <TextLine id="r4l17" custom="readingOrder {index:16;}">
                <Coords points="2575,1121 2646,1096 2687,1118 2904,1114 2927,1096 3100,1117 3235,1089 3234,1035 3128,1068 3092,1040 2865,1074 2736,1055 2574,1072"/>
                <Baseline points="2585,1097 2617,1098 2649,1098 2681,1098 2713,1098 2745,1098 2777,1098 2809,1098 2841,1098 2873,1097 2905,1097 2937,1095 2969,1095 3001,1094 3033,1093 3065,1091 3097,1090 3129,1088 3161,1087 3193,1086 3225,1083"/>
                <TextEquiv>
                    <Unicode>gar und ganntz mitt bkhandtlich</Unicode>
                </TextEquiv>
            </TextLine>
            <TextLine id="r4l18" custom="readingOrder {index:17;}">
                <Coords points="2570,1172 2609,1147 2659,1168 2715,1144 2764,1181 2820,1155 2864,1171 2963,1143 3014,1176 3039,1150 3161,1159 3182,1151 3182,1095 3087,1117 3009,1098 2872,1122 2839,1103 2779,1123 2645,1096 2570,1120"/>
                <Baseline points="2579,1140 2608,1142 2638,1142 2668,1143 2697,1144 2727,1145 2757,1145 2786,1145 2816,1146 2846,1146 2876,1146 2905,1146 2935,1146 2965,1145 2994,1145 3024,1143 3054,1143 3083,1141 3113,1139 3143,1139 3173,1136"/>
                <TextEquiv>
                    <Unicode>habe ✳ nach dan er usz uwer g</Unicode>
                </TextEquiv>
            </TextLine>
            <TextLine id="r4l19" custom="readingOrder {index:18;}">
                <Coords points="2572,1206 2835,1203 2861,1226 2893,1199 2950,1224 2977,1201 3075,1214 3168,1198 3168,1165 3077,1148 3011,1175 2959,1139 2866,1172 2756,1168 2727,1145 2676,1169 2616,1146 2572,1169"/>
                <Baseline points="2582,1191 2610,1191 2639,1193 2668,1193 2697,1194 2726,1194 2754,1196 2783,1196 2812,1196 2841,1196 2870,1197 2898,1196 2927,1196 2956,1196 2985,1195 3014,1194 3042,1193 3071,1192 3100,1191 3129,1190 3158,1187"/>
                <TextEquiv>
                    <Unicode>ofencknus uszglassen dhein</Unicode>
                </TextEquiv>
            </TextLine>
            <TextLine id="r4l20" custom="readingOrder {index:19;}">
                <Coords points="2579,1278 2624,1260 2672,1278 2786,1262 2974,1278 3030,1249 3106,1244 3106,1220 3028,1201 2976,1201 2951,1222 2879,1208 2864,1224 2837,1204 2699,1218 2643,1192 2620,1216 2579,1208"/>
                <Baseline points="2589,1238 2614,1239 2639,1241 2665,1241 2690,1242 2715,1243 2741,1244 2766,1244 2791,1244 2817,1244 2842,1244 2867,1244 2893,1244 2918,1244 2943,1242 2969,1242 2994,1242 3019,1242 3045,1242 3070,1241 3096,1241"/>
                <TextEquiv>
                    <Unicode>missethatt begangenn.</Unicode>
                </TextEquiv>
            </TextLine>
            <TextLine id="r4l21" custom="readingOrder {index:20;}">
                <Coords points="2790,1420 2802,1421 2811,1413 2842,1421 2855,1409 2879,1419 2902,1418 2912,1410 2926,1419 2937,1418 2932,1318 2892,1325 2878,1313 2858,1310 2853,1316 2807,1283 2783,1276"/>
                <Baseline points="2798,1397 2823,1393 2849,1390 2875,1389 2901,1389 2927,1391"/>
                <TextEquiv>
                    <Unicode>Todem</Unicode>
                </TextEquiv>
            </TextLine>
            <TextLine id="r4l22" custom="readingOrder {index:21;} person {offset:0; length:11;} place {offset:16; length:7;}">
                <Coords points="2553,1517 3019,1491 3091,1506 3151,1492 3151,1450 3027,1456 2978,1414 2909,1447 2835,1418 2713,1433 2552,1416"/>
                <Baseline points="2562,1488 2592,1488 2622,1490 2653,1490 2683,1490 2714,1490 2744,1490 2775,1490 2805,1490 2836,1490 2866,1490 2897,1488 2927,1488 2958,1488 2988,1488 3019,1487 3049,1487 3080,1487 3110,1487 3141,1488"/>
                <TextEquiv>
                    <Unicode>Hanns Barma von Güllien se</Unicode>
                </TextEquiv>
            </TextLine>
            <TextLine id="r4l23" custom="readingOrder {index:22;} person {offset:13; length:12;}">
                <Coords points="2545,1542 2633,1566 2734,1554 2755,1571 2827,1551 2848,1566 2879,1539 2935,1551 2968,1535 3013,1557 3047,1533 3142,1523 3141,1498 3021,1493 2545,1515"/>
                <Baseline points="2555,1535 2583,1535 2612,1536 2641,1536 2670,1536 2699,1536 2728,1536 2756,1536 2785,1535 2814,1535 2843,1534 2872,1533 2901,1533 2930,1532 2958,1530 2987,1529 3016,1528 3045,1527 3074,1526 3103,1524 3132,1521"/>
                <TextEquiv>
                    <Unicode>vatter Heyßt Petter Barma</Unicode>
                </TextEquiv>
            </TextLine>
            <TextLine id="r4l24" custom="readingOrder {index:23;}">
                <Coords points="2565,1614 2624,1590 2668,1610 2704,1585 2753,1607 2812,1581 2890,1605 2948,1578 3020,1593 3150,1562 3217,1575 3215,1539 3141,1510 3115,1539 3047,1531 3001,1555 2963,1537 2788,1565 2712,1560 2686,1535 2639,1561 2563,1548"/>
                <Baseline points="2573,1583 2604,1583 2636,1583 2667,1583 2699,1582 2731,1581 2762,1581 2794,1581 2826,1580 2857,1580 2889,1578 2921,1577 2952,1576 2984,1575 3016,1573 3047,1571 3079,1569 3111,1566 3142,1563 3174,1560 3206,1557"/>
                <TextEquiv>
                    <Unicode>ist ouch wie die hievor ✳ von ein</Unicode>
                </TextEquiv>
            </TextLine>
            <TextLine id="r4l25" custom="readingOrder {index:24;}">
                <Coords points="2575,1637 2672,1634 2731,1660 2813,1630 2926,1654 3057,1630 3101,1650 3127,1622 3154,1639 3204,1624 3203,1575 3153,1594 3108,1570 3033,1596 2949,1577 2894,1606 2847,1588 2758,1606 2726,1584 2656,1612 2626,1591 2574,1608"/>
                <Baseline points="2585,1629 2615,1629 2645,1631 2676,1631 2706,1631 2737,1631 2767,1631 2798,1631 2828,1629 2859,1628 2889,1627 2919,1626 2950,1625 2980,1624 3011,1622 3041,1620 3072,1619 3102,1617 3133,1616 3163,1614 3194,1613"/>
                <TextEquiv>
                    <Unicode>artiekel zu den anderen gfragt</Unicode>
                </TextEquiv>
            </TextLine>
            <TextLine id="r4l26" custom="readingOrder {index:25;} place {offset:27; length:5;}">
                <Coords points="2566,1678 2783,1677 2814,1702 2924,1675 2994,1697 3222,1665 3222,1640 3132,1623 3102,1643 2985,1631 2850,1653 2815,1630 2742,1658 2672,1634 2565,1640"/>
                <Baseline points="2576,1670 2607,1671 2639,1671 2671,1673 2703,1673 2735,1673 2766,1673 2798,1673 2830,1673 2862,1673 2894,1671 2925,1671 2957,1670 2989,1670 3021,1668 3053,1668 3084,1667 3116,1665 3148,1664 3180,1664 3212,1662"/>
                <TextEquiv>
                    <Unicode>wordenn, ouch eynst hie zu uwern</Unicode>
                </TextEquiv>
            </TextLine>
            <TextLine id="r4l27" custom="readingOrder {index:26;}">
                <Coords points="2572,1730 2778,1720 2880,1746 2907,1723 2954,1738 2989,1716 3088,1742 3113,1719 3186,1718 3186,1685 3097,1668 2996,1695 2909,1674 2839,1700 2783,1678 2572,1678"/>
                <Baseline points="2582,1718 2611,1718 2641,1718 2671,1718 2700,1718 2730,1718 2760,1718 2789,1718 2819,1718 2849,1718 2879,1716 2908,1716 2938,1716 2968,1716 2997,1716 3027,1715 3057,1715 3086,1714 3116,1713 3146,1712 3176,1712"/>
                <TextEquiv>
                    <Unicode>5. strncknus enthaltten, Erstlich</Unicode>
                </TextEquiv>
            </TextLine>
            <TextLine id="r4l28" custom="readingOrder {index:27;}">
                <Coords points="2577,1776 2641,1789 2695,1771 2724,1794 2799,1775 2902,1788 2975,1764 3080,1763 3144,1786 3187,1770 3186,1737 3126,1716 3088,1742 2989,1716 2876,1748 2841,1727 2785,1747 2756,1726 2720,1745 2576,1729"/>
                <Baseline points="2586,1757 2615,1760 2645,1761 2674,1762 2704,1764 2733,1764 2763,1764 2792,1764 2822,1764 2851,1764 2881,1763 2911,1763 2940,1761 2970,1761 2999,1760 3029,1759 3058,1758 3088,1758 3117,1757 3147,1757 3177,1757"/>
                <TextEquiv>
                    <Unicode>anzeygt der seyrg der dem andern</Unicode>
                </TextEquiv>
            </TextLine>
            <TextLine id="r4l29" custom="readingOrder {index:28;}">
                <Coords points="2571,1819 2705,1812 2844,1842 2892,1817 3001,1835 3069,1812 3243,1844 3243,1776 3214,1758 3121,1791 3061,1761 3020,1790 2984,1763 2902,1788 2571,1775"/>
                <Baseline points="2580,1808 2612,1808 2645,1809 2677,1810 2710,1811 2743,1811 2775,1812 2808,1812 2841,1812 2873,1812 2906,1812 2939,1812 2971,1812 3004,1812 3037,1812 3069,1812 3102,1812 3135,1812 3167,1812 3200,1812 3233,1812"/>
                <TextEquiv>
                    <Unicode>wordenn, sye an der lincken sytten</Unicode>
                </TextEquiv>
            </TextLine>
            <TextLine id="r4l30" custom="readingOrder {index:29;}">
                <Coords points="2579,1863 2964,1883 3038,1863 3068,1884 3152,1886 3208,1879 3209,1832 3149,1841 3064,1815 2982,1837 2868,1823 2819,1844 2702,1815 2579,1821"/>
                <Baseline points="2588,1854 2618,1855 2649,1857 2679,1857 2710,1858 2740,1859 2771,1859 2801,1860 2832,1860 2862,1860 2893,1861 2923,1862 2954,1862 2984,1862 3015,1862 3045,1863 3076,1863 3106,1863 3137,1863 3167,1865 3198,1865"/>
                <TextEquiv>
                    <Unicode>wüsse aber nit war mul dn stych</Unicode>
                </TextEquiv>
            </TextLine>
            <TextLine id="r4l31" custom="readingOrder {index:30;}">
                <Coords points="2576,1924 2704,1906 2945,1940 3221,1928 3254,1921 3256,1851 3197,1889 3079,1866 2968,1884 2866,1862 2813,1884 2763,1863 2577,1874"/>
                <Baseline points="2586,1904 2620,1902 2655,1902 2690,1901 2724,1902 2759,1902 2794,1904 2828,1905 2863,1905 2898,1907 2932,1908 2967,1910 3002,1912 3036,1913 3071,1914 3106,1914 3140,1916 3175,1916 3210,1914 3245,1914"/>
                <TextEquiv>
                    <Unicode>gethan, der bösen gschelschafft halb</Unicode>
                </TextEquiv>
            </TextLine>
            <TextLine id="r4l32" custom="readingOrder {index:31;}">
                <Coords points="2588,1967 2726,1953 2778,1975 2900,1951 2927,1969 3026,1958 3086,1985 3121,1964 3231,1967 3232,1930 2589,1915"/>
                <Baseline points="2598,1947 2629,1947 2660,1947 2691,1947 2722,1947 2753,1947 2784,1949 2816,1949 2847,1950 2878,1951 2909,1952 2940,1952 2971,1953 3002,1955 3034,1956 3065,1956 3096,1957 3127,1958 3158,1958 3189,1959 3221,1959"/>
                <TextEquiv>
                    <Unicode>hab dheine deon nit mitt vermögen</Unicode>
                </TextEquiv>
            </TextLine>
            <TextLine id="r4l33" custom="readingOrder {index:32;}">
                <Coords points="2587,2001 2746,2018 2785,2003 2815,2021 2839,2006 2858,2024 2926,1999 2999,2016 3234,2007 3229,1964 3079,1982 3025,1958 2921,1974 2900,1953 2791,1976 2731,1954 2588,1968"/>
                <Baseline points="2597,1991 2628,1992 2659,1994 2691,1995 2722,1997 2753,1997 2785,1998 2816,1998 2847,2000 2879,2000 2910,2000 2941,2000 2973,2000 3004,2000 3035,2000 3067,2000 3098,2000 3129,2000 3161,2001 3192,2001 3224,2001"/>
                <TextEquiv>
                    <Unicode>noch nie im sie shan wäder worden</Unicode>
                </TextEquiv>
            </TextLine>
            <TextLine id="r4l34" custom="readingOrder {index:33;}">
                <Coords points="2585,2041 2734,2050 2757,2074 2842,2054 2883,2071 2943,2053 3139,2066 3228,2044 3210,2002 2858,2023 2840,2005 2815,2021 2584,2001"/>
                <Baseline points="2594,2034 2625,2037 2656,2040 2687,2043 2718,2045 2750,2046 2781,2048 2812,2048 2843,2048 2874,2048 2906,2048 2937,2046 2968,2046 2999,2045 3030,2043 3062,2042 3093,2040 3124,2040 3155,2039 3186,2038 3218,2037"/>
                <TextEquiv>
                    <Unicode>stälen, spycher uffbrecheen und</Unicode>
                </TextEquiv>
            </TextLine>
            <TextLine id="r4l35" custom="readingOrder {index:34;}">
                <Coords points="2589,2095 2693,2090 2778,2115 2902,2092 2937,2121 2984,2090 3022,2116 3063,2092 3255,2097 3255,2052 3175,2044 3049,2071 2902,2055 2751,2072 2589,2047"/>
                <Baseline points="2598,2081 2630,2084 2662,2087 2695,2088 2727,2090 2759,2091 2792,2091 2824,2092 2856,2093 2889,2093 2921,2092 2953,2091 2986,2091 3018,2091 3050,2090 3083,2090 3115,2088 3147,2088 3180,2088 3212,2088 3245,2088"/>
                <TextEquiv>
                    <Unicode>ander derglych bösen sachen für</Unicode>
                </TextEquiv>
            </TextLine>
            <TextLine id="r4l36" custom="readingOrder {index:35;}">
                <Coords points="2590,2144 3262,2154 3262,2109 3158,2092 3065,2091 3020,2116 2980,2093 2951,2118 2881,2091 2778,2116 2668,2088 2591,2096"/>
                <Baseline points="2601,2132 2633,2133 2666,2135 2698,2135 2731,2135 2763,2136 2796,2136 2828,2136 2861,2136 2893,2136 2926,2136 2959,2136 2991,2136 3024,2136 3056,2136 3089,2136 3121,2136 3154,2136 3186,2136 3219,2136 3252,2136"/>
                <TextEquiv>
                    <Unicode>zeumen, der bluttigen kleyderem</Unicode>
                </TextEquiv>
            </TextLine>
            <TextLine id="r4l37" custom="readingOrder {index:36;}">
                <Coords points="2591,2202 2757,2188 2794,2218 2815,2196 2901,2207 2959,2184 2988,2210 3042,2212 3073,2187 3174,2207 3251,2198 3252,2154 2591,2144"/>
                <Baseline points="2600,2181 2632,2181 2664,2181 2696,2182 2728,2183 2760,2183 2792,2183 2824,2183 2856,2183 2888,2184 2921,2184 2953,2184 2985,2184 3017,2184 3049,2184 3081,2186 3113,2186 3145,2186 3177,2186 3209,2187 3242,2187"/>
                <TextEquiv>
                    <Unicode>halb, die hosen so er anhatt khöme</Unicode>
                </TextEquiv>
            </TextLine>
            <TextLine id="r4l38" custom="readingOrder {index:37;} place {offset:4; length:10;}">
                <Coords points="2596,2233 2640,2230 2667,2253 2751,2238 2784,2259 2933,2234 3020,2260 3066,2237 3157,2266 3217,2253 3218,2204 3070,2188 2985,2206 2958,2186 2925,2209 2873,2192 2846,2215 2768,2187 2733,2205 2596,2197"/>
                <Baseline points="2606,2228 2636,2229 2666,2231 2696,2231 2726,2232 2756,2232 2786,2232 2816,2233 2846,2234 2876,2234 2906,2234 2936,2234 2966,2234 2996,2234 3026,2233 3056,2232 3086,2232 3116,2232 3146,2232 3176,2232 3207,2231"/>
                <TextEquiv>
                    <Unicode>von solothurnn, da er sy khonfft</Unicode>
                </TextEquiv>
            </TextLine>
            <TextLine id="r4l39" custom="readingOrder {index:38;}">
                <Coords points="2586,2275 2636,2301 2921,2282 2963,2310 2993,2293 3039,2311 3103,2283 3256,2290 3257,2261 3096,2260 3063,2238 3022,2261 2929,2259 2858,2239 2817,2265 2752,2239 2666,2253 2587,2232"/>
                <Baseline points="2597,2268 2629,2271 2661,2274 2694,2276 2726,2277 2759,2279 2791,2280 2824,2280 2856,2282 2889,2282 2921,2282 2953,2282 2986,2282 3018,2282 3051,2282 3083,2282 3116,2282 3148,2282 3181,2283 3213,2283 3246,2285"/>
                <TextEquiv>
                    <Unicode>dglychem das Hembd, das zme</Unicode>
                </TextEquiv>
            </TextLine>
            <TextLine id="r4l40" custom="readingOrder {index:39;}">
                <Coords points="2593,2328 2752,2332 2787,2359 2830,2331 2923,2330 2982,2364 3116,2338 3265,2350 3266,2298 3247,2290 3094,2284 2964,2309 2788,2284 2636,2301 2594,2275"/>
                <Baseline points="2603,2319 2635,2321 2668,2322 2700,2323 2733,2325 2766,2326 2798,2327 2831,2328 2863,2329 2896,2330 2929,2331 2961,2331 2994,2331 3026,2331 3059,2331 3092,2331 3124,2331 3157,2330 3189,2328 3222,2328 3255,2327"/>
                <TextEquiv>
                    <Unicode>die halben batzei cost, sye zbasele</Unicode>
                </TextEquiv>
            </TextLine>
            <TextLine id="r4l41" custom="readingOrder {index:40;}">
                <Coords points="2601,2367 2684,2395 2719,2376 2812,2381 2842,2404 2941,2407 2971,2387 3011,2411 3137,2390 3213,2402 3214,2366 3158,2344 2980,2360 2922,2331 2887,2351 2835,2334 2792,2358 2752,2331 2687,2344 2667,2324 2603,2326"/>
                <Baseline points="2612,2366 2641,2367 2671,2369 2700,2372 2730,2373 2759,2375 2789,2375 2818,2376 2848,2377 2877,2378 2907,2379 2937,2379 2966,2381 2996,2381 3025,2382 3055,2382 3084,2384 3114,2384 3143,2385 3173,2387 3203,2388"/>
                <TextEquiv>
                    <Unicode>nie gsin, wusse dheine bluttige</Unicode>
                </TextEquiv>
            </TextLine>
            <TextLine id="r4l42" custom="readingOrder {index:41;}">
                <Coords points="2597,2439 2744,2424 2781,2451 2856,2421 2898,2443 3095,2445 3127,2472 3162,2440 3292,2463 3296,2378 3240,2370 3188,2407 3144,2393 3110,2413 2983,2388 2843,2405 2811,2379 2685,2395 2601,2368"/>
                <Baseline points="2609,2415 2642,2415 2676,2417 2710,2418 2744,2420 2777,2421 2811,2424 2845,2425 2879,2427 2912,2429 2946,2430 2980,2432 3014,2433 3047,2434 3081,2435 3115,2436 3149,2438 3182,2439 3216,2440 3250,2441 3284,2442"/>
                <TextEquiv>
                    <Unicode>kleyder habe woll noch 1 bar Hosi</Unicode>
                </TextEquiv>
            </TextLine>
            <TextLine id="r4l43" custom="readingOrder {index:42;}">
                <Coords points="2597,2471 2725,2472 2763,2501 2793,2475 2845,2493 2874,2473 2972,2504 3055,2476 3083,2499 3175,2506 3218,2498 3221,2438 3125,2465 2836,2426 2780,2449 2690,2426 2599,2438"/>
                <Baseline points="2607,2463 2637,2465 2667,2466 2697,2467 2727,2468 2757,2469 2787,2471 2817,2472 2847,2474 2877,2474 2908,2475 2938,2477 2968,2478 2998,2480 3028,2481 3058,2482 3088,2483 3118,2484 3148,2486 3178,2487 3209,2489"/>
                <TextEquiv>
                    <Unicode>zu seinem sack, welches er zu</Unicode>
                </TextEquiv>
            </TextLine>
            <TextLine id="r4l44" custom="readingOrder {index:43;} place {offset:0; length:10;}">
                <Coords points="2599,2527 2679,2518 2732,2542 2857,2518 2904,2549 2948,2525 2981,2562 3035,2525 3198,2559 3251,2547 3254,2487 3187,2514 3112,2489 3044,2506 3002,2483 2970,2505 2874,2472 2845,2492 2791,2476 2765,2499 2741,2476 2692,2490 2601,2465"/>
                <Baseline points="2610,2510 2641,2511 2673,2513 2704,2514 2736,2516 2768,2517 2799,2519 2831,2520 2862,2522 2894,2523 2926,2524 2957,2525 2989,2526 3020,2527 3052,2528 3084,2529 3115,2531 3147,2532 3178,2534 3210,2535 3242,2537"/>
                <TextEquiv>
                    <Unicode>solothurnn khoufft und umb</Unicode>
                </TextEquiv>
            </TextLine>
            <TextLine id="r4l45" custom="readingOrder {index:44;}">
                <Coords points="2603,2558 2724,2585 2837,2568 2921,2596 2947,2577 3026,2603 3114,2577 3247,2594 3248,2548 3169,2555 3131,2532 3105,2553 3012,2537 2989,2554 2947,2525 2903,2549 2852,2520 2757,2522 2733,2542 2604,2521"/>
                <Baseline points="2612,2559 2643,2560 2674,2561 2705,2563 2737,2564 2768,2565 2799,2567 2830,2568 2862,2570 2893,2571 2924,2571 2955,2573 2987,2573 3018,2574 3049,2574 3080,2576 3112,2576 3143,2576 3174,2576 3205,2576 3237,2574"/>
                <TextEquiv>
                    <Unicode> Satzen, das gält so er darum</Unicode>
                </TextEquiv>
            </TextLine>
            <TextLine id="r4l46" custom="readingOrder {index:45;}">
                <Coords points="2602,2627 2879,2623 2909,2648 2974,2631 3042,2662 3218,2642 3296,2675 3319,2586 3025,2607 2945,2578 2923,2596 2839,2567 2706,2585 2605,2559"/>
                <Baseline points="2613,2609 2647,2611 2682,2613 2716,2616 2751,2617 2786,2619 2820,2621 2855,2622 2890,2624 2924,2624 2959,2625 2994,2627 3028,2628 3063,2628 3098,2631 3132,2633 3167,2634 3202,2636 3236,2638 3271,2640 3306,2642"/>
                <TextEquiv>
                    <Unicode>gan, habe ers (sye noch nit arff tag</Unicode>
                </TextEquiv>
            </TextLine>
            <TextLine id="r4l47" custom="readingOrder {index:46;} place {offset:3; length:8;}">
                <Coords points="2597,2673 2855,2675 2889,2700 2971,2678 3011,2702 3056,2684 3170,2705 3216,2698 3219,2651 3112,2640 3040,2660 2971,2632 2945,2656 2877,2657 2761,2620 2735,2638 2706,2621 2599,2628"/>
                <Baseline points="2607,2661 2637,2663 2667,2664 2697,2666 2727,2666 2757,2667 2787,2670 2817,2670 2847,2673 2877,2674 2907,2675 2937,2676 2967,2679 2997,2680 3027,2682 3057,2682 3087,2684 3117,2685 3147,2687 3177,2687 3207,2687"/>
                <TextEquiv>
                    <Unicode>zu Landerei sun den räbenn</Unicode>
                </TextEquiv>
            </TextLine>
            <TextLine id="r4l48" custom="readingOrder {index:47;} person {offset:19; length:6;}">
                <Coords points="2602,2726 2645,2710 2783,2746 2827,2728 3047,2750 3138,2736 3215,2763 3242,2755 3245,2693 3010,2702 2966,2682 2926,2706 2856,2675 2813,2695 2604,2673"/>
                <Baseline points="2613,2708 2644,2709 2675,2711 2706,2712 2737,2715 2768,2716 2799,2717 2830,2720 2861,2721 2892,2723 2923,2724 2954,2726 2985,2727 3016,2728 3047,2729 3078,2730 3109,2732 3140,2732 3171,2733 3202,2735 3234,2735"/>
                <TextEquiv>
                    <Unicode>zewerchenn von dem rabman</Unicode>
                </TextEquiv>
            </TextLine>
            <TextLine id="r4l49" custom="readingOrder {index:48;}">
                <Coords points="2593,2762 2640,2755 2687,2787 2835,2774 2938,2801 3025,2782 3103,2810 3176,2781 3208,2799 3238,2785 3240,2746 3069,2756 2933,2729 2885,2746 2641,2712 2595,2725"/>
                <Baseline points="2603,2748 2634,2751 2665,2755 2696,2759 2728,2760 2759,2763 2790,2766 2821,2769 2853,2770 2884,2772 2915,2774 2946,2775 2978,2777 3009,2778 3040,2779 3071,2780 3103,2781 3134,2783 3165,2783 3196,2784 3228,2784"/>
                <TextEquiv>
                    <Unicode>welcher zur in sechs tagn secbs</Unicode>
                </TextEquiv>
            </TextLine>
            <TextLine id="r4l50" custom="readingOrder {index:49;}">
                <Coords points="2605,2829 2671,2832 2689,2819 2740,2840 2831,2820 2889,2849 2951,2853 2981,2838 3078,2838 3080,2803 3039,2787 2979,2779 2935,2800 2793,2769 2688,2786 2658,2759 2610,2752"/>
                <Baseline points="2618,2796 2643,2800 2668,2803 2693,2807 2718,2809 2743,2810 2768,2812 2793,2814 2818,2815 2843,2816 2868,2817 2893,2819 2918,2819 2943,2820 2968,2822 2993,2823 3018,2825 3043,2828 3068,2832"/>
                <TextEquiv>
                    <Unicode>batzin gäben gwunnn</Unicode>
                </TextEquiv>
            </TextLine>
            <TextLine id="r4l51" custom="readingOrder {index:50;}">
                <Coords points="3174,2853 3188,2855 3197,2845 3205,2843 3209,2845 3215,2843 3223,2851 3224,2849 3238,2851 3238,2808 3221,2810 3215,2808 3205,2814 3197,2808 3188,2814 3174,2812"/>
                <Baseline points="3183,2838 3228,2838"/>
                <TextEquiv>
                    <Unicode></Unicode>
                </TextEquiv>
            </TextLine>
            <TextEquiv>
                <Unicode>102
syr zu den gemeltten sinen gselle,
gan berrenn, zeuen khon dann
mein
Er die meydung er wöltte hern
sich daselbst mit men niderglassen
will noch vil minder, damik die
hwurr anzeyben war den gestochen
habe der bluttigen kleydern
halb anziggt er habe f
noch wüsse dh eine sine zu
Baden von wägen, das er sich
daselbst hatt beyllen lassenn
verkhoufft ✳ der übrig articklen
die hienot den andren Purge¬
haltten sind, will kheysse
gar und ganntz mitt bkhandtlich
habe ✳ nach dan er usz uwer g
ofencknus uszglassen dhein
missethatt begangenn.
Todem
Hanns Barma von Güllien se
vatter Heyßt Petter Barma
ist ouch wie die hievor ✳ von ein
artiekel zu den anderen gfragt
wordenn, ouch eynst hie zu uwern
5. strncknus enthaltten, Erstlich
anzeygt der seyrg der dem andern
wordenn, sye an der lincken sytten
wüsse aber nit war mul dn stych
gethan, der bösen gschelschafft halb
hab dheine deon nit mitt vermögen
noch nie im sie shan wäder worden
stälen, spycher uffbrecheen und
ander derglych bösen sachen für
zeumen, der bluttigen kleyderem
halb, die hosen so er anhatt khöme
von solothurnn, da er sy khonfft
dglychem das Hembd, das zme
die halben batzei cost, sye zbasele
nie gsin, wusse dheine bluttige
kleyder habe woll noch 1 bar Hosi
zu seinem sack, welches er zu
solothurnn khoufft und umb
 Satzen, das gält so er darum
gan, habe ers (sye noch nit arff tag
zu Landerei sun den räbenn
zewerchenn von dem rabman
welcher zur in sechs tagn secbs
batzin gäben gwunnn
</Unicode>
            </TextEquiv>
        </TextRegion>
    </Page>
</PcGts>
