4032 3024
1404 424 1991 572 ff zinstag den 110 tag
1424 511 1994 633 Meyenn disers55 lb 5 ja
1416 583 1986 673 inngägenwürtigkeit des
1423 638 1984 739 bij nämen ersamen vnnd
1444 696 2006 806 wysen herren sulbitzing
1446 755 1854 849 Toders deß shats
1437 875 1996 1013 Ist undrrch Eychmid so
1417 955 1991 1062 usz dem thal gindellwalt
1419 1021 2004 1120 gefäneblich überschickt worden
1423 1081 1979 1178 inn der mannen Roffin
1417 1129 1994 1243 vonn wägen, der untzüchtigen
1432 1190 1969 1290 grobenn worten, die er us
1429 1245 1984 1363 goßen unnd kouffen tashenn
1427 1305 1997 1421 geegemeinert wordenn unnd
1405 1347 1996 1479 ime fürgehalten den grnnt
1405 1403 1996 1520 Der warheit anzezeigen und
1424 1461 1998 1590 zuvergiächen, waß zun darzu
1426 1523 1971 1631 verurfachet habte, daß er
1437 1581 1951 1689 ett Ehr Heige mih der
1430 1633 1990 1751 shenigen, Anna Buchs sint
1413 1682 1983 1791 gewäßenen zirmin wader
1400 1737 1996 1851 zuschicken noch schaffen gehes
1391 1792 1985 1906 unnd der halbens  offt gen
1410 1852 1990 1958 schworen und got den allmächt
1392 1894 1982 2006 igen zum zugen genomenn
1440 1945 1980 2057 Item auch gret mit züchten
1420 1992 1986 2111 von eeenden oren ze höreen
1431 2051 1972 2153 awan er sy geschwerkt e
1415 2099 1970 2200 heige er mit dem Gattan
1403 2140 1977 2251 den holl ze thun ghan unnd
1387 2194 1975 2302 wölle die fruef beräshen
1393 2260 1988 2353 unnd zeigen alle die pferden
1400 2305 1969 2421 im thal angangen und söllhe
1378 2347 1986 2463 Inn gottes rych nemmen kon
1366 2413 1972 2522 unnd gotes gnndr sells an im
1378 2473 1954 2591 verloren sin, unnd aber gleich
2021 430 2713 560 Daruff alls er söliche, vnreisten
2051 514 2704 604 liche wort geret unnd ußgoßen
2032 566 2698 685 bebchanntlich unnd annet worden
2036 894 2682 999 hieruber ar antzeigt wie daß
2046 960 2685 1066 er nit könne absin noch vermeinen
2028 1015 2673 1123 dan das er mit iren zeschaffen
2044 1073 2645 1181 gelegt, s heige sich aber
2040 1133 2651 1238 zu tsragen, wie man ine stäts
2017 1182 2621 1292 Dißen sach halber gfaysiert
2032 1247 2634 1343 unnd zeit, die ihenige wärde
2031 1313 2648 1408 zung mit einem keins begaben
2037 1357 2695 1462 habe er sy in bysin deyer eeren
2023 1424 2658 1535 mannen befraptt, ob sy von im
2042 1487 2640 1593 schwanger syge hens sy gseit
2029 1537 2660 1641 mein dann wen sy zaschen kinder
2037 1600 2680 1700 eto yo mochte im sy doch keins
2038 1649 2668 1750 nit guehen, daruber er den
2010 1706 2650 1808 die vergemällten wort zeider
2013 1765 2621 1882 usgosen unnd in unbesinter
2028 1837 2638 1945 wyß gurt, wölliches aber zm
2032 1893 2487 1994 vonn Härtzenn wydt
2023 2029 2632 2154 Dister ich mynn y herrenn
2037 2118 2585 2214 vnnd obgena dißers finers
2047 2169 2654 2277 füllers halber jrungenlich umb
2066 2223 2510 2327 srad unnd vertzycheng
