4160 3120
1222 160 2042 386 Inn sinem nammen verseyen söllen.
1221 293 2012 441 er vermein aber nit annderst
1216 356 2030 528 dann sy habe dennselbigen, der
1245 440 1934 615 Kiidlina gar verkhoufft
1225 685 2021 831 vnnd tetstlich habe er mee
1291 773 1997 890 sagter siner lasenn aber ein
1250 858 2063 972 grunen rock gnomen und bemelt
1260 945 2004 1065 Vereni Hartman auch zuuerser
1238 1030 2023 1154 gebenn, welche Im daruon
1248 1110 2052 1230 ein guldi berracht, doch wuse
1347 1169 2010 1299 dieselbige sie basen wol
1239 1273 2055 1395 dann sy dasselbig glych vernomen
1351 1401 1998 1538 Ist minmal lar ufzogen
1344 1802 1987 1943 ff zinstag dem 17. tag august
1303 1885 1930 1990 Dn 15. t4 jar vresentibus
1289 1963 1970 2079 Herrnolffganntz meyenn de
1295 2037 1955 2138 tats Hanns Hoffstetter
1279 2114 2034 2210 Der Bürperenn Ginörg vonn Tomen
1281 2185 1884 2300 stat Grosweybels ✳ hat
1400 2330 1905 2433 Annders Sutter der
1403 2397 1899 2509 alhie vürttig aber zu
1399 2472 1863 2599 mit hus gesessen
1629 2549 1839 2657 en erff
1460 2616 1876 2735 n waruns unnd
1480 2705 1958 2833 acher er alcher jun
1461 2779 1935 2892 knns glegt worden
2890 223 2930 321 3
2131 294 2950 414 Anzeigt, das er nach demer sunns
2158 346 2975 468 vnnd willenns psin in krieg ze züchn
2145 439 2953 574 mit etlichen von Biel gann solo
2137 501 2957 631 thurn zogen sye willenns daselbst
2143 587 2972 709 diennst zesuffen, vnnd zuerlaungen
2139 645 2999 773 Imselbigen jabeer unnd sine gsellen
2158 734 2994 849 des Jouptmans von Flariss dienner
2171 797 2996 924 zu solbttnrn betratten ✳ der habe
2192 883 2942 1007 angsprochenn ✳ unnd gfragt ✳ ob s
2151 951 2976 1072 diennst wollennt ✳ daruff sy in
2183 1018 3005 1167 glych ale frantiruettet ja ✳ unnd
2170 1133 3019 1244 habe ime gemelts houpt mansdiener
2165 1189 3026 1304 für ein monat sold daruff ini fronn
2185 1301 2957 1395 anppotten ✳ er aber habe seilichs
2184 1353 3001 1444 von ime nit nemmen wollen, mit anzeit
2178 1423 3011 1530 das er mit einer seinlichem flein füy
2172 1495 2939 1614 summmeren hin zinfen thonne
2217 1579 3013 1689 uff sein bib jaberr ime fùnff
2207 1646 3028 1761 halbe fronen zegeben zuͦgsagt ✳ doch
2182 1739 3038 1843 trtstlich ime uf sii an halten ✳ mus
2259 1803 3025 1908 kenpfpnings minder dan fùrff
2226 1890 2992 1995 Fronen verfeißen, daruff zr
2260 1969 3034 2074 umb solich sum ✳ inschriben
2211 2041 2990 2138 lassen unnd einspres umb ein halbe
2195 2104 2969 2221 fronen erkoufft aber doch von
2336 2193 2949 2294 noch dirngelt daruff
2222 2260 3002 2343 nnpfanngen, dann man inen yrst
2221 2329 3043 2420 amn zinstag ✳ wie sy am sonntag darin
2239 2414 3003 2506 zu blotfurn gsin ✳ gelt gebenn
2376 2464 3026 2568 in deshalben er widerumb
2426 2537 2993 2635 echen werennns psin unnd
2372 2599 3013 2718 also beyben lassen ✳ do syr
2366 2670 3018 2775 iner zu ime Ehonnn ✳ fragende
