4160 3120
1214 189 2033 410 zurstflagen ✳ unnd die stücki dem
1232 325 2039 469 nunnmeyster verbhoufft zme
1232 408 2024 533 hwran selbs unrecht than, dann
1236 476 2019 611 er iren dennselbigenn nit eint,
1216 530 2004 715 frömbdet Sunders Ennrath
1233 614 2011 770 Jupsther dersthuyder hab ir
1220 705 2044 836 dennselbigenn vor zweyen jaren
1228 776 2017 927 verfhonfft alber doch
1247 890 2022 1000 sige war, das er denen zun
1231 957 2007 1073 Wäberenn alhie ab irer gselln
1231 1024 2017 1161 sthafft einen gnomenn unnd
1215 1115 2038 1242 inn sinem busen hinwastragen
1211 1195 2045 1312 habe unnd dennselbigen hernach
1244 1279 2030 1383 sersttlagen ✳ unnd denn oberenn
1242 1366 1958 1464 ring so vergült gwäsenn
1251 1449 2039 1546 ouch unnden den boden habe m
1262 1498 2046 1639 sforcht inn ein schwarnenn
1239 1587 2018 1698 lumppen kunden ✳ unnd uff die
1225 1670 2006 1768 üttenmatten tragen, unnd
1249 1757 1999 1854 daselbst sy der sthüren mure
1236 1838 1972 1923 Inns wasser gworffenn, da
1278 1908 1947 2004 öllets nit groffennbare
1257 1977 1948 2079 wurde unnd mans destein
1258 2056 2015 2148 wernar, das Ubrig aber (darub
1260 2133 1967 2250 ouch dee stückli ✳ so inn siner
1268 2195 2050 2310 ästsenn funden worden, khomen
1234 2286 2022 2419 habe er etlichen soldisthnnde
1247 2355 1993 2506 bracht unnd verkhorffen wor
1245 2451 1874 2562 dann das dieselbigen in
1252 2557 1869 2675 Wargwon nit abgnomen.
1251 2606 2057 2763 er söllichs der veren Brtigan
2183 264 2909 389 ebenn, die ims innder nunt
2154 344 2939 486 dem mungmeyster verkhaufft
2169 447 2935 546 daruon er irenn ein beyein
2158 512 2995 652 Son gebenn Er habe ouch mit
2173 566 3002 712 obgesagter siner basen angleit
2154 682 2960 817 so man sy hierumb ansprechenn
2175 777 2946 883 wurde, söll sy sagenn ses sige
2175 851 2975 967 Ires gsin, vff welches sy inn
2182 914 2953 1054 aber mechtig bekriegt, unnd
2182 1008 2959 1121 bestholtenn unnd sich darumb
2193 1076 2971 1201 bellshept und im hieren
2195 1151 3001 1268 nit begolffenn sin wollenn
2152 1353 3015 1466 Der flusselinen halb die man
2213 1426 2966 1546 ouch inn siner tästhen funden
2223 1490 2996 1611 so mecttig zerkrut unnd ver¬
2212 1559 2980 1686 trayet gsin, hatt er anzeigt
2223 1638 3026 1764 er hab dieselbenn vom isenträmmer
2228 1713 2978 1842 erthoufft vnnd vnnder denselb
2222 1782 3011 1896 inen funden der gemelter siner
2218 1859 2951 1975 Dasenn Maletsflösli so sy
2206 1945 2957 2062 o irer stubenn thuren schepf
2243 2019 2985 2132 ufftan, da habe er uff ein
2234 2093 3002 2193 zyt alsgemelte sin basenn
2235 2182 3008 2271 Fraunck slagenn, irenen
2225 2253 3011 2378 nägeli farbe sthubenn gnomm
2169 2350 3022 2435 undvon den mantell, so er anhatt
2250 2430 2991 2511 arvon anmachen lassenn
2207 2537 3048 2643 ennest habe er iren uff einmal
2245 2618 3058 2707 oucheivort gnomen, vnnd obgesagt
2253 2682 3065 2795 dereni Gartman, geben, die denselbig
