4000 3000
416 2330 720 2441 Rychardt
399 2427 670 2511 Verena.
437 2502 699 2594 Wymann
433 2567 663 2660 Ullrich
545 144 669 230 14.
795 177 2117 353 Jn hiesigen Landen sich nicht mehr sehen laßen wirdt
832 286 2106 420 So wußten Minery gnädigen Herren  ratione der von ihme mit dieser
825 370 2112 530 Gris erzeügeten zweyen Kinderen, deren das Erste¬
822 466 2119 596 re ein knab, das andere dann ein Mägdtlin, ohnmaß¬
813 538 2062 668 geblich kein ander expedient auß zufinden, als
837 609 2094 740 das einte wie das andere der Muter zuzusprechen
828 680 2062 817 deren Erhaltung ihro oder nicht vermögenden fahls
830 759 2097 877 der Statt Vivis sind obligen solte: Ob aber selbige für
822 877 2090 986 ehelich oder unehrlich anzusehen, haben Minery gnädigen Herren nicht
828 920 2067 1044 entscheiden können, jedoch ohngeahndet nicht laßen
819 1003 2086 1126 wollen, daß der beklagte vatter, als er den knaben
809 1072 2079 1213 zu Genff tauffen laßen, sich als würckliches ehemann
808 1151 2072 1267 der Gris dargestelt, woraus dann die Realitet der
812 1230 2057 1365 Ehe versprechung genugsamm abzunemmen ist, vnd
823 1307 2084 1451 pflegen Minery gnädigen Herren in der gleichen fählen mehrentheils
817 1399 2069 1534 ihre Urtheil dahin auß zufällen, daß die Kinder
810 1483 2066 1620 ehelich erkennt werden. Wann nun fr. Buch. der
815 1563 2042 1694 Gris und ihren Kinden gleiche gunst angedeyen
808 1647 2102 1784 laßen wolten, wurde zugleich der Mutter die straff
804 1735 2075 1862 deß dritten ledigen fehlers nachgelaßen seyn, dann
816 1809 2045 1946 selbige schon hiebevor mit Daniel freymand von St.
804 1892 1867 2029 Cierge ein ohnehelich kind erzeüget hat
807 1971 2070 2119 mechtlich erwarten allso lediglich, was er Jude
798 2077 1982 2196 hierüber anzuordnen geruhren werden.
763 2165 1997 2348 Vortrag. Hochwohl gebohrne etc.
802 2306 2076 2461 durch beygebogenes Schreiben von der ehrbahrkeit zu
786 2408 2086 2523 Hemußwyl de dato 17h. Curr: sindt Minery gnädigen Herren berichtet
804 2485 2091 2593 worden, was maßen Verena Kychardt von daselbst
792 2558 2051 2665 Den 22sten may jüngsthin ein mägdtlin zur welt ge¬
789 2616 2079 2753 bohren, da vor- und in der genißt sie einen frömbden
2169 1533 2401 1664 Krebs
2186 1655 2346 1744 Anna
2200 1715 2366 1829 Piera
2157 1780 2455 1881 oder eigentlich
2182 1847 2428 1924 Lienhardt
2173 1907 2348 2034 Peter
2150 2657 2404 2803 OdJdem
3542 268 3654 330 15
2509 212 3646 391 unbekanten erst nach der Genißt aber den von
2511 318 3700 477 Herren Gudl. ferndrigen jahrs ohngefehrs anfangs de¬
2514 414 3669 569 cembris wegen mit Elßbeth Löffel obiger Rychardin
2501 488 3677 641 bruder hinterlaßenen wittib begangenen ehebruch
2529 557 3712 709 bannisierten Ulrich Wyman ein ehemann sonst von
2504 641 3697 784 Lützelflür, so ehmahls bey ihrer ellteren gedienet
2514 721 3721 873 und schon hiebevor einen genauwen umbgang mit ihro
2503 796 3679 930 gepflogen hat, als vatter deßelben angegeben etc.
2532 876 3714 1011 Weilen nun diese Rychardin wegen ihren variatio¬
2501 962 3711 1099 nen höchst straffbahr ist vnd der bannisierte Wymann
2523 1026 3689 1136 zu keines verantwortung gezogen werden kan, so
2515 1114 3704 1249 hätten Minery gnädigen Herren ohnmaßgeblich der Rychardin ihr kind
2506 1198 3712 1324 selbst überlaßen, in ansehen deren bestraffung aber
2506 1285 3701 1407 herr Gudl. hochweisen ermeßen solches respectuose
2507 1358 3094 1493 anheim stellen wollen
2495 1458 3727 1623 Biel Tit: Weilen wir nunmehr von dem Ehegricht
2507 1572 3713 1702 zu Walzer swyl den Bericht erhalten, daß die vor
2504 1647 3755 1773 der Anna Krebs von Büehl dasiger kirchhöre wieder
2507 1741 3719 1850 den Peter Piera oder eigentlich Lienhardt von Bötzigen
2501 1808 3658 1937 dero angehörigen geklagte Schwängerung nicht in
2513 1886 3719 1990 allhiesigen Landen vorgegangen, sonderen solches in¬
2502 1956 3716 2087 dem wihrtshaus zu Bötzigen, allwo sie die Krebs ge¬
2492 2015 3695 2143 dient, geschechen seÿe; So haben wie die Krebs vor
2497 2077 3728 2220 Sie: Tit: gewesen, vnb vor Ihnen den von ihr beklang¬
2495 2168 3731 2295 ten Lienhardt dieser sach halb zu actionieren und ihres
2494 2247 3734 2378 richterlichen außspruchs hierüber zuwarten, dessen
2492 2312 3727 2454 dann sie —:Tit:—  hierdurch berichten, zugleich dann die Krebs
2492 2383 3665 2530 zu der angebohrnen guten und schleüniger Justiz
2513 2468 3662 2576 unter versicherung aller von aus abhangender gef
2497 2518 3711 2653 reciprocierlicher gefälligkeiten hindurch anrecommendiere
2492 2581 3475 2714 Übrigens aber sie :Tit: samt uns etc. e
2510 2665 3394 2812 Walperßwyl. Sie deßen berichten
3717 451 3768 544 ib
