4000 3000
589 148 709 239 30
835 142 2033 325 Die Ehrbahrkeit zu Oberwyl zugleich berichtet
846 258 2051 387 daß dieser Pierri vor etlichen Jahren in dem
859 331 2081 462 Fryburgischen Unßere Seeligmachende Religion
862 425 2092 546 abgeschwohren, und zu der Catholischen sich gewendet,
860 501 2086 621 Mithin den selben weder als Ihren Angehörigen
859 579 2093 714 erkennen, noch sich deß von ihme mit der Ander Egg
858 650 2066 776 erzeügeten Kinds beladen, noch weniger seine
856 722 2108 850 mit der selben vorhabende Ehe hinter Ihnen Ver¬
842 819 2095 925 künden laßen wollen, diesere Abschweerung hin¬
829 867 2093 1006 gegen von der Ehrbahrkeit zu Oberhaasli und dem
849 946 2078 1082 Pierri wiedersprochen, und daß diesere Ehe ihren
844 1036 2030 1155 fortgang gewinne, von Ihnen insistiert worden;
833 1101 2089 1239 So haben Minery frommen Herren unter eurer Gnädigen Herren Nahmen dem loblichen
843 1171 2090 1322 Standt Fryburg zugeschrieben, und Selbigen ersucht,
843 1262 2068 1369 Sich hierüber in genäüwerem zu informieren und
840 1328 2062 1433 das herauß kommende allhero zu berichten. Darum
846 1411 2062 1526 Lauth eingesendter Antwort und beygelegenem
834 1475 2074 1572 Authentischem Zeügsamme von dem Pater Daniel
831 1549 2047 1687 dem Capuziner von Fryburg klahr erhählet, daß
832 1637 2084 1766 ermelter Pierri schon vor 7. a. 8. Jahren zu Boll
838 1710 2070 1820 in dasiger Kirchen in die Hände gedachten Paters
828 1796 2074 1925 unßere Religion abgeschwohren und zu der Catholischen
827 1870 2026 2001 sich gewendet habe, und allhier niemand nichts
834 1949 2050 2077 wüßen will, daß er zur wider Reception in die
829 2025 2068 2153 unßerige sich jemahls angemeldet habe, derselbe
836 2099 1961 2217 allso allerdings als ein Frömbder anzusehen
819 2179 2089 2305 So glaubten Minery frommen Herren unmaßgeblich, daß in der That
834 2253 2065 2384 die Gemeind Oberwyl weder dieses von ihme mit
835 2330 2076 2459 der Ander Egg erzeügete Kind nach deßen Mutter
842 2399 2044 2527 als ihre angehörige zu erkennen schuldig seyen, noch
834 2470 1993 2598 auch diesen beyden der begehrende Heüwraht
831 2543 2062 2672 mit einanderen, in so lang der Pierri in Gremium
822 2615 2064 2727 Ecclesia Nostra nicht wiederum recipiert worden.
834 2691 2053 2818 nicht gestattet werden könne, sonderen es solle
2166 1398 2498 1514 Sprüngli Herr
2165 1485 2525 1593 Abraham PfarrHr. zu
2245 1555 2289 1605 Birrwyl
2157 1552 2499 1652 Hartmman Jgfr.
2156 1619 2521 1701 Ursula Catharina
2152 1678 2530 1768 Meley geb. Knöpffli
2157 1745 2452 1840 Frl. Elisabeth
2172 1807 2434 1889 Sulger Mr.
2172 1875 2320 1961 Jacob
2197 2103 2466 2268 ObIdem
2160 2362 2503 2490 Gaudard Sieur
2188 2455 2414 2531 Anthoine
2153 2493 2520 2592 dela Motte Due
2163 2569 2400 2656 Charlotte
3567 251 3654 306 31.
2541 207 3670 389 dieses kind seiner Mutter als unehelich zugesprochen,
2538 310 3686 457 seye, der selben Nahmen tragen, ihr Heimatth haben,
2539 389 3679 502 und unvermöglichen fahls von ihrer Gemeind erhalten
2533 455 3663 591 werden. Welche bey wohl ermelt Minery frommen Herren gewaltete
2541 513 3668 640 unmaßgebliche Gedancken über diesen Casum die
2533 589 3680 722 Selben eurer Gnädigen Herren hiemit vortragen. Alles aber dero
2531 669 3653 789 Hochweisen Ermeßen respectuose anheimstellen
2539 748 3715 869 und dero diß öhrtigen Hohen Verordnung gehorsamst
2535 806 2908 927 erwarten wollen.
2538 926 3583 1092 Montags den 3ten Augusti 1750.
2543 1043 3450 1187 Proses Minery gnädigen Herren Zeügherr Tschiffeli
2526 1121 3643 1276 Assessores Minery frommen Herren der exceptio die die gehender
2523 1216 3725 1355 Willading und Wagner, Statthalter Herr Haubtman
2541 1314 2840 1422 Tscharner
2550 1361 3667 1521 Ward dem Herrn Abraham Sprüngli Pfarrherr zu
2557 1445 3709 1572 Birrwyl mit der Jungfr. Ursula Catharina Hart¬
2543 1527 3128 1645 mann beyde von Allhier
2543 1598 3688 1750 Denne der Frl. Elisabeth Knöchlin Mr Meley deß
2534 1691 3721 1825 Schumachers und Burgeren von Allhier nach Tod hinter¬
2543 1743 3672 1870 laßenes Wittib mit dem Mr. Jacob Sulger dem
2533 1810 3727 1952 Müller und Burger von Basel auf eingelangte Einwil¬
2528 1886 3711 2039 ligung von dem loblichen Chorgricht zu Basel offentlich
2525 1936 3696 2081 Kirchenrecht halten zu können bewilliget und deßen die
2527 2036 3107 2179 gewohnten Scheinen ertheilt
2529 2086 3707 2260 Zedul an Minery frommen Herren der ZollCammer, Sie wegen dem Ab¬
2522 2160 3684 2347 zug in ansehen gemelter Wittib Herr Meley avisiert
2527 2260 3721 2461 So ist auch dem Sieux Anthoine Gaudard de Chavan¬
2540 2351 3676 2505 nes und Burger von Losanen, welcher vor einem jahre
2536 2403 3704 2579 von seiner Ehefrauwen gescheiden worden, mit der Due
2534 2462 3725 2658 Charlotte de la Motte ohne Verkündung offentlich Kir¬
2533 2551 3716 2733 chenrecht halten zu können bewilliget und deßen der ge¬
2522 2653 3048 2810 wohnte Schein ertheilt.
