4000 3000
592 171 715 250 48.
800 172 2078 343 von seinem Herren Pfarrherren hierüber exa¬
829 289 2046 425 miniert worden, derselbe dann anfänglich weder
859 374 2006 517 mit ja noch nein hierüber antworten wollen,
841 456 2076 584 unter dem Vorwand, daß er dermahlen sich kranck
847 545 2042 671 befinde, allso hierüber nicht antworten könne,
841 623 2069 762 Endtlichen aber auf mehreres instieren hin eine
847 701 2067 854 Negatio versetzet, bey Minery frommen Herren der mehreren
856 778 2073 924 meinung ihne Dubourg in den Verdacht gesetzet,
844 866 2052 990 als ob Er dieser anklag und Paternitot dieses
837 960 2051 1085 Kindts sich schuldig befinden möchte, umb so da
831 1048 2075 1170 mehr, als die DuCrest zu beweisen über sich genom¬
834 1124 2026 1247 men, daß der Dubourg mit ihren Brüederen
836 1207 2033 1351 verschiedene Pourparters gehabt, umb die selben zu
837 1296 2036 1423 engergieren, diese ihre Schwester es seye nach Lyon
839 1387 2056 1511 oder sonsten Außert Lands zur Kind Betth zu¬
826 1460 2044 1597 schicken, welches zwar selbige nicht, wohl aber so viel
848 1534 2079 1671 bewieden, daß er Dubourg kurtz vor seiner Kranck¬
828 1613 2074 1759 heit zu verschiedenen mahlen bey diesen ihren Brüe¬
830 1692 2048 1800 deren an einem dritten Ohrt sich eingefunden, was
841 1767 2026 1914 aber unter ihnen geredt, von denen Deponenten
836 1843 2000 1965 entweders nicht gehört oder verstanden worden
842 1921 2053 2064 Was aber Minery frommen Herren von der Minderen Meinung zu
836 2002 2060 2124 ihren gedancken anlaß gegeben, ist, weilen der
836 2082 2064 2200 Dubourg in kurtzen tagen nach seiner Negatio ver¬
819 2148 2078 2279 storben, vor seinem end keine anderwärtige Declara¬
826 2252 2052 2356 tion gemacht, welches, wann er deßen schuldig ge¬
818 2306 2025 2438 wesen wäre, er ohne allen Zweifel in Articulo
834 2381 2028 2497 Mortis, unb sein Gewüßen zu entladen, wohl
850 2458 1982 2576 wurde gethan haben, dieses allso als eine
837 2517 2031 2675 Eydtliche Declaration anzusehen, mithin auff
855 2601 2017 2741 übrige Prosumtiones wieder ihne in hoc Casu
839 2673 2053 2819 keine Reflexion zu machen seye; welchen Bericht
2153 1247 2498 1365 Schweitzer herr
2173 1345 2534 1427 Joh: Rudolf PfarrHr.
2171 1400 2448 1487 Beuteli Jgfr
2167 1449 2505 1546 Charlotte Louise
2162 1543 2374 1652 Zehnder H.
2157 1612 2470 1715 Ludwig Eman.
2152 1669 2492 1785 Scheidegger Jfr.
2158 1739 2358 1837 Regula
2148 1794 2490 1919 Hermann Meister.
2166 1889 2385 1958 Abraham
2146 1939 2282 2042 Gaber
2164 1954 2528 2060 Julianna Elisabeth
2154 2050 2387 2126 Lauber. Meister
2219 2112 2391 2174 Samuel
2180 2161 2324 2224 Egli Jfr.
2168 2211 2380 2319 Rosina.
2169 2382 2400 2477 Lehmann
2166 2460 2450 2551 Hans Jacob
2156 2523 2349 2597 Mionet
2158 2578 2378 2647 Francoise
3580 278 3670 365 49
2535 268 3682 411 und Erläuterung ehvoriger gedancken wohlermelt
2539 355 3701 487 Minery frommen Herren dem vormahligen Eurer gnädigen Herren gethanen Vortrag
2532 432 3701 535 hiemit beyfüegen, alles aber dero hochweisen Er¬
2538 496 3677 616 meßen und Verordnung aller ehrerbietigst anheim
2529 561 3202 679 stellen und erwarten wollen.
2536 699 3594 860 Montags den 10ten Augusti 1750.
2558 803 3671 969 Proses Minery frommen gnädigen Herren SeckelmeistZeügherr Tschiffeli.
2540 911 3715 1058 Assessores Minery frommen Herren Oes exceptis Dominis von Erlach,
2531 997 3712 1143 Willading und Wagner, Statthalter Herr Haubt¬
2532 1052 3667 1242 mann Tscharner und Herr ExSpectant Stürler
2531 1220 3730 1361 Ward dem Herren Joh: Rudolff Schweitzer neüwerwehl¬
2545 1297 3716 1464 ten Pfarrherren nach Trub mit der Jungfr. Charlotte
2534 1412 3286 1524 Louise Beuteli beyde von allhier
2540 1496 3680 1652 Denne dem H. Ludwig einan: Zehnder dem Gürtler
2556 1582 3702 1723 und Burgeren von allhier mit der Jgfr. Regula
2529 1665 3050 1807 Heidegger von Zürich
2559 1743 3685 1899 Item dem Mr. Abraham Hemman dem Schnyder
2543 1837 3697 1960 und Burgeren von allhier, mit der Juliana Eli¬
2554 1919 3193 2069 sabeth Gaber von Aubonne
2540 2000 3712 2168 Denne dem Mr. Samuel Lauber dem Schumaches und
2535 2076 3713 2241 Burgeren von allhier mit der Jgfr. Rosina Egli auch
2538 2228 2824 2335 von allhier
2502 2227 3722 2414 Wiederum auf vorgewiesene Einwilligung von den
2550 2350 3714 2510 Loblichen Ehegricht zu Zürich dem Hans Jacob Lehmann
2537 2431 3680 2565 von Hirßlanden auß dem Zürich Gebirth, mit der
2537 2488 3679 2633 allhier sich aufhaltenden Francoise Mionet de Pont
2546 2585 3102 2694 a Rouen en Dauphine.
