4000 3000
522 173 653 254 10.
436 1340 675 1455 Eycher
454 1443 672 1539 Ullrich
448 1526 605 1645 Geye
443 1594 629 1687 Adam
422 2161 675 2274 Whyßler
434 2251 682 2370 Christina
431 2337 739 2418 Aschlimann
412 2392 668 2505 Niclaus
784 204 2068 380 unter formlicher examination als vatter deß von ihro
796 308 1949 438 zur welt gebohrnen Knäblins verharret seye etc.
797 396 2015 524 So habend wir auf sein deß Corbos vatter sub 17sten
796 482 2014 604 Marty letsthin vor euch gethanen Declaration hin
781 539 2023 677 dieses kind namens eines sohns anzunemmen, ihme
786 618 2018 714 Henry Corbos dem sohn, obwohlen er niemahlen sich
797 688 2003 811 in recht gestellt, so thanes kind per contumaciam
787 762 2073 883 richterlich als unehelich zugesprochen, deßen erhaltung
789 833 2041 967 ihme ein halbjahr nach der geburth auffallen, er aber
798 900 2052 1032 ihre danzumahlen den bestimmten Ammenlohn der 3. Batzen
795 988 2053 1107 bezahlen soll: deßen wir euch hierdurch berichten.
783 1054 1983 1185 anbey aufftragen wollen die coderey von nun an
783 1129 2017 1245 den Corbos aber auf betretten zu der in dem gesatz
801 1207 1759 1324 bestimten Abbüeßung halten zu laßen,
789 1279 2028 1419 Büren. Weilen wir nöhtig erachten, den Ullrich
794 1393 2041 1530 Eycher Wirth zu Ringeltz und Adam Geye den jun¬
785 1472 2011 1603 gen von Meyenried über die im wihrtshaus zu
792 1553 2046 1690 meyenwird zwüschen ihnen vorgefallene begebenheit,
771 1623 2032 1766 Da der Eycher unzüchtiger thaten beklagt worden, in
795 1697 2009 1829 mehrerem zu verhören, So habend wir eüch hierdurch
798 1767 2065 1902 auff tragen wollen, obigen beyden von heüt über acht tag
792 1842 2009 1952 als den 27sten Curr vor uns zu erscheinen die formliche
789 1924 2049 2047 Citation anlegen wer der Jhnen angelegten Citation
786 2002 1342 2115 uns berichten zu laßen.
777 2106 2018 2246 Biglen Christina Wyßler von Somiswald, welche
797 2185 2030 2323 allhier wegen diebstahl in oberkeitlicher gefangen¬
783 2284 2026 2396 schafft enthalten, hat vorgegeben, von Niclaus Äschli¬
772 2336 2031 2466 mann eüweren angehörigen unter ehelichem versprechn
792 2412 1966 2532 geschwängeret worden zu seyn, damit nun dieser
809 2467 1998 2605 Äschlimann hierüber verhört werden könne. So habend
785 2539 2025 2661 Wir euch hierdurch aufftragen wollen, dem selben
788 2618 2024 2738 von heüt über acht tag als den 27sten diß vor uns
2158 561 2373 686 Linder
2148 684 2361 765 Maria
2147 750 2396 860 Bautsch.
2159 837 2398 937 Albrecht.
2125 1962 2354 2101 Sigfrid
2124 2080 2283 2179 Hans
2134 2138 2334 2246 Kuntz
2123 2224 2348 2295 Maria
3596 244 3656 306 11.
2510 235 3689 409 zu erscheinen die formliche Citation anlegen und ob sol¬
2492 308 3543 452 ches beschechen seye uns berichten zu laßen.
2490 409 3359 574 Zedul an herren verwalter Haller.
2479 513 3646 678 In allhiesiger aber vorgrichtlichen gefangenschafft
2519 606 3666 713 befindet sich die heimattlose Maria Linder, welche
2509 670 3631 803 nach Minery gnädigen Herren der rächten erkantnuß vom 6ten Curr
2517 758 3707 869 wegen begangenen dritten ledigen fehlers in die Schallen¬
2500 816 3695 928 werck spinnstuben übergeben werden soll, Weilen aber
2521 878 3677 990 alldorten keine kleinen Kinder angenommen werden
2516 954 3665 1042 und der Albrecht Bautschi von Rynach, demme solches
2506 1045 3695 1137 als unehrlich zugesprochen worden, erst sechs monath
2513 1089 3688 1186 nach deßen geburth, allso von dato an in fünff mo¬
2485 1160 3661 1274 nathen selbiges anzunemmen schuldig ist, inzwüschen
2505 1229 3672 1330 aber dieses kind anderwärtig besorget werden muß,
2490 1294 3676 1417 Als wirt Minery gnädigen Herren auß befelch Minery gnädigen Herren Praesidenten
2510 1385 3625 1487 deß oberen Chorgrichts hierdurch fründtlich ersucht,
2500 1430 3703 1537 obiges kind biß auf die zeit, da solches seinem vat¬
2487 1508 3694 1625 ter oder nicht vermögenden fahls deßen gemeind zu¬
2501 1576 3724 1693 gestelt werden kan, wie ein hündelin auff oberkeitliche
2508 1657 3653 1757 Unkösten verpflegen zu laßen, damit ratione der
2490 1715 3697 1851 Linder in Minery gnädigen Herren befelch auch vollzogen werden könne.
2467 1821 3535 1973 Zedul an er ehrsame gemeind Bolligen
2500 1937 3696 2066 Dieweilen Hans Sigfried von Großen Höchstetten der
2489 2024 3661 2137 von Maria Cuntz eüweres angehörigen wieder ihne
2510 2078 3689 2206 geführten klag, daß namlichen er deß von ihre zur
2505 2148 3655 2295 welt gebohrne knablins vatter seye sich eydtlich
2502 2219 3712 2342 entladen, die Kuntz dann von Minery gnädigen Herren der rächten
2499 2295 3706 2424 für ein jahr lang in die schallen werk schinn stuben er¬
2489 2366 3728 2478 kennt worden, wo aber keine kleinen kinder angenom¬
2483 2432 3683 2543 men werden, so wirdt hiemit auß befelch Minery gnädigen Herren
2495 2495 3696 2619 Prosidenten deß oberen Chorgrichts dieses kind einer
2507 2561 3687 2671 gemeind Bolligen zugeschickt, damit ratione seiner mutter
2489 2628 3680 2776 Minery gnädigen Herren befelch auch ein genüegen geleistet werden könne
3721 476 3767 545 b
