4000 3000
448 2393 733 2508 Freymon
425 2464 644 2563 David
445 2536 680 2624 Corthesy
438 2600 803 2713 Marie Magdelaine
553 138 664 223 28.
745 148 2093 332 Auß dem Würtembergischen zum Vatter ihres den 9ten
825 263 2065 383 ermelten Monaths zu Welt gebohrnen Mägdtlins
831 349 2097 474 angegeben habe, erkennt, daß diese Nußbaum samt
822 421 2069 571 ihrem Kind samt denen behörigen Attestatis ihrer
830 507 2088 660 Genißtlichen Examination und Außaag dem Vatter
831 589 2075 699 nachgeschickt werden, und denselben zu entdecken,
831 679 2070 789 und ihme oder den seinigen dieses Kind zu übergeben,
823 755 2034 852 trachten, so aber solches nicht geschechen könte, Sie
818 831 2088 958 deßen von dasiger Obrigkeit Authentische Zeügsamme
816 911 2086 1059 zuruck bringen, da dann in diesem fahl das ferner
825 1000 2074 1121 angeordnet werden solle. Wann nun in folg dieser
821 1074 2036 1206 Erkantnuß ermelte Nußbaum sammt ihrem Kind
804 1155 2010 1294 Lauth beyligenden Attestati dahin sich begeben,
799 1237 2076 1367 den von ihr beklagten Wagner aber daselbsten nicht
819 1315 2063 1441 angetroffen, und deßtwegen von der Oberkeit des
805 1396 2057 1511 Ohrts mit ihrem Kind wieder zuruck gewiesen worden;
802 1473 2058 1615 Als glaubten Minery frommen Herren einmaßgeblich, daß, weilen
812 1562 2076 1699 diese Nußbaum ihrerseits alle Diligenz gemacht, dem
796 1643 2026 1776 angegebenen Vatter dieses ihr Kind zu übergeben;
810 1708 2089 1856 Hierzu aber nicht hat gelangen können, dieses Kind ihra
807 1802 2045 1929 der Mutter als unehelich zugesprochen, deren Namen
806 1879 2059 2002 tragen ihr Heimatth haben, und unvermöglichen fahls
809 1937 2018 2096 von ihrer Gemeind erhalten werden solte. Es wirt aber
803 2008 2078 2169 alles eure gnädigen Herren Hochweisen Verordnung Respectuose an¬
785 2114 1197 2234 heim gestellt.
777 2206 1933 2387 Vortrag Hochwohlgebohrne etc.
829 2342 2048 2500 Durch beyligendes Verbale von dem Chorgricht zu
810 2426 2051 2552 Lucens sindt Minery frommen Herren berichtet worden, was maßen
812 2490 2080 2612 der David Freymond von St. Cierge die Marie Magde¬
824 2571 2042 2682 laine Corthesy von Sarzens beschlaffen zuhaben, sich be¬
808 2639 2030 2750 rühmt, solches aber von ihra gelaugnet worden und
803 2701 2111 2824 selbige wieder den Freymond eine angemeßen Satisfaction
2213 2012 2417 2126 Pierri.
2203 2077 2410 2216 Jacob
2177 2193 2480 2315 Ander Egg
2178 2276 2463 2401 Christina
3612 267 3687 353 29
2520 235 3718 410 begehrt, Endtlichen auch der selbe ihra die begehrte Satis¬
2515 320 3716 491 faction zu geben, und die dißöhrtigen Kösten zu bezah¬
2534 409 3704 557 len sich anerbotten, auch würcklichen alles dasjenige,
2544 475 3684 606 so er calumnioses wider die Corthesy geredt, wiederum
2533 548 3718 673 zuruckgenommen; Und daß solches faul und faltsch und
2541 629 3709 743 boßhaffter Weis von ihme erdichtet worden seye, decla¬
2536 699 3687 803 riert habe etc. Wann aber in der Chorgrichts Satzung
2533 773 3681 876 fol. 66. Art: 15 enthalten, daß so jemand sich deß
2547 835 3710 952 anderen berühmte, der selbe nach euer gnädigen Herren, Erkantnuß
2537 909 3712 1021 abgestrafft werden solle, diesere Straff allso zu dictieren
2533 964 3740 1096 Minery frommen Herren Competenz übersteiget; So haben wohlermelt
2525 1053 3704 1194 Minery frommen Herren solches eurer Gnädigen Herren hiemit vortragen, Zugleich
2531 1125 3712 1268 aber beyfürgen wollen, daß Minery frommen Herren mit Ihren un¬
2528 1201 3721 1310 maßgeblichen Gedancken glaubten, daß dieser Frey¬
2531 1270 3704 1381 mond gar wohl verdienet hätte, wann selbiger nebst der
2522 1358 3713 1469 Reparation vor Chorgricht und Abtrag aller diß ohrts
2537 1412 3733 1545 ergangenes Kösten annoch zu Acht Tägiger Gefangenschaffts¬
2514 1488 3735 1621 straff gehalten werden wurde. Es wirt aber alles eurer gnädigen Herren
2534 1560 3674 1698 Hochweisen Ermeßen Ehrerbietigst anheim gestellt.
2629 1679 3632 1852 Vortrag. Hochwohlgebohrne etc.
3116 1793 3306 1883 zu Oberwyl
2516 1799 3646 1969 Sowohl von dem Chorgricht im Obersimmenth als
2540 1897 3733 2037 aber dem zu Oberhaasle sindt Minery frommen Herren berichtet wor¬
2536 1972 3726 2113 den, wie daß der Jacob Pieri von gedeütem Ober¬
2521 2041 3728 2201 wyl, welcher schon vor etlichen Jahren wegen von ihme
2548 2116 3709 2276 begangenen Ehebruchs von seinem Eheweib gescheiden
2539 2180 3735 2343 worden, die Christina Ander Egg von Oberhaasli ge¬
2531 2255 3715 2413 schwängeret und ihra auch die Ehe versprochen, Er der
2534 2346 3721 2506 Pierri dann deß Eidt und anderen geständig gewe¬
2524 2415 3745 2556 sen, und nicht nur das von ihr den 2ten January letst¬
2524 2487 3675 2632 hin zur Welt gebohrne Mägdtlin als das seinige
2530 2554 3726 2696 anzunemmen sich erklährt, sonderen auch die Ander Egg
2536 2628 3708 2788 zu ehelichen noch immerhin begehrt habe; Weilen aber
