4000 3000
596 149 705 267 32.
512 293 750 415 Wanner
526 405 725 488 Maria
533 468 767 562 Berchtold
512 535 785 670 Herr Niclaus
466 2142 748 2244 Wächler
480 2227 698 2313 Ursula
458 2302 685 2390 Lehner
457 2352 738 2486 Heinerich.
832 155 2085 306 Meßen. Past. Weilen Wir auß einem von
850 267 2090 408 dem Herren Pfarrherr Unserem Secretario zugesand¬
844 355 2075 473 ten Schreiben ersehen, daß die Maria Wanner von
849 433 2099 582 Etzelckofen, deß Herren Pfarrherren Gemeinds An¬
835 510 2098 656 gehörige den Herr Niclaus Berchtold den Spitthal Chi¬
841 593 2055 719 rurgum und Burgeren von Allhier der Schwängerung
844 666 2066 815 halb angeklagt, Selbige auch in ihrer den 21ten May.
855 738 2063 868 letsthin wiederfahrnen Genißt unter formlicher
841 828 2094 952 Examination auf ihme Herr Berchtold als Vatter ihres
846 901 2075 1016 zur Welt gebohrnen Kinds verharret seye, dieser
845 969 2050 1102 dann sich schrifftlich erklährt habe, daß er dieses
835 1038 2029 1169 Kind als das seinige erkennen und annehmmen,
843 1124 2081 1249 und ohne der Wanner Gemeind Entgelt verpflegen
844 1184 2096 1285 wolle; So haben wir auff dieses hin ihme Herr Berch¬
829 1253 2077 1384 told dieses der Wanner Kind Richterlich als unehelich
841 1341 2084 1460 zugesprochen, deßen Erhaltung dem selben ein halb
836 1400 2085 1524 jahr nach der Geburth auffallen, er aber ihro dann zu¬
835 1475 2072 1595 mahlen den in dem Gesatz bestimten Ammenlohn der
843 1552 2070 1674 3. Batzen bezahlen, Anstadt der Abbüeßung dann der
825 1627 2078 1754 Selbe die in dem Gesatz davor dictierte Gelt Buß
835 1722 2071 1829 außrichten, die Wanner hingegen zu Außstehung
822 1772 2077 1892 ihrer abbüeßung allher gehalten werden solle. Deßen
821 1848 2098 1984 Wir den Herren Pfarrherr hierdurch berichten wollen
804 1946 1097 2027 Anbey etc.
805 1948 2104 2199 Rein. Nachdemm Wir von Eüch den Bericht erhiel¬
825 2149 2046 2281 ten, daß die Ursula Wächter von Remigen sich
833 2219 2064 2321 schwangeren Leibs befinde, und zum Vatter ihres
842 2283 2076 2410 tragenden Leibesfrucht angegeben habe den Heinerich
837 2359 2066 2480 Lehner von Stilli beydes Eüwere Angehörige, welches
814 2420 2065 2559 sie im Martio letsthin nach vorhero ihra gethanes Ehe¬
821 2516 2027 2628 versprechung beschlaaffen und geschwängeret habe
820 2583 2043 2674 Dieser Lehner aber dißmahlen abwesend, und dem
826 2655 2085 2782 Verlauts nach in Piemontesischen Diensten sich befinde,
2183 1439 2387 1542 Geyen
2186 1515 2377 1606 Adam
2185 1586 2349 1683 Eichen
2183 1645 2411 1736 Ullrich.
2170 2118 2359 2240 Hänni
2173 2198 2371 2294 Steffan
2167 2264 2388 2345 Schwaab
2176 2329 2352 2421 Stefan
2184 2394 2345 2462 Hänni
2182 2436 2375 2515 Niclaus
2170 2497 2343 2583 Schlup
2175 2546 2461 2665 Samuel und
2185 2629 2349 2708 Anna
3563 255 3664 322 33.
2480 232 3665 407 allso hierüber nicht habe zur Verantwortung gezogen,
2547 308 3685 462 werden können; Haben Wir in denen Recrues Rödlen
2538 399 3671 530 nachschlagen laßen, da dann es sich erfunden, daß
2522 456 3677 612 dieser Lehner in dem Piemontesischen Schwitzer Regi¬
2520 523 3700 684 ment Roy in der Compagnie Herren Tscharners sich be¬
2516 604 3685 734 finde, derowegen Wir auch den Befelch an dieses
2527 686 3711 797 Regiment ergehen laßen, ihne Lehner daselbsten über
2524 747 3725 840 die von der Wächten wieder ihne geführte Klag ernst¬
2510 817 3711 934 lich zu examinieren, und seine Verantwortung an
2527 881 3714 989 Uns zu berichten; Deßen nun haben Wir Eüch hier¬
2524 948 3720 1063 durch berichten, und zugleich aufftragen wollen, zu¬
2520 1014 3718 1118 veranstalten, daß die Wächter in ihrer bevorstehen¬
2515 1093 3702 1206 den Genißt nach Vorschrifft deß gesatzes scharpff
2527 1148 3721 1277 examiniert, und Wir nachwerts deß heraußkommenden
2531 1233 2947 1354 berichtet verdint
2518 1313 3691 1479 Büren Pfto. Wir haben dem Herren Schultheißen
2525 1421 3675 1536 in Antwort auf sein Schreiben und darin gethane
2522 1489 3716 1614 Frag, wer die auß Anlaß deß zwüschen dem Adam
2528 1559 3698 1687 Geyen von Meyenried und dem Ullrich Eicher dem
2522 1627 3694 1745 Wihrten zu Vingeltz gewalteten Handels von dem
2501 1693 3703 1840 Herren Schultheißen verlegte Kösten und unter Chor¬
2513 1760 3709 1910 grichtliche Scripturen bezahlen solle? Hierdurch verdeü¬
2525 1825 3711 1941 ten wollen, daß Wir den Geyen vor dieser Kösten
2524 1900 3717 2030 hiemit verfällt, und vor die selben er belanget werden
2528 2018 2636 2087 solle.
2476 2023 3723 2175 Ansehend dann die jenigen Scripturen und Emolument,
2525 2101 3709 2255 so das Chorgricht zu Arch wegen deß Stefan Hännis
2522 2149 3718 2304 von Leütigen vor Uns gewalteten Handels sollicitiert,
2526 2234 3686 2377 So haben Wir hiemit erkennt; daß der Stefan Schwaab
2517 2299 3692 2442 von Arch, der Niclaus Hänni, der Samuel Schlup und
2514 2366 3678 2534 die Anna Schlup vor so thane Kösten verfällt seye sollen,
2519 2445 3730 2597 da Wir auch denen Selben die hiesigen Cammer Emdument
2521 2505 3708 2640 mit 80. Batzen abforderen, und solche unserem Secretario zu¬
2511 2565 3722 2713 senden zu laßen den Herren Schultheißen hierdurch fründtlich
2528 2646 3216 2792 ersucht haben wollen. Anbey etc.
