4000 3000
586 161 685 247 34.
474 241 732 387 Schaad
500 354 701 486 Joseph
486 461 661 544 Mönch
475 518 806 630 Elisabeth ein geb:
681 568 788 636 Bart
826 150 2058 308 Bipp Pfto. Da vor 14 Tagen der Joseph Schaad
834 240 2087 383 von OberBipp deß Herren Landvogts Amts Ange¬
838 318 2009 452 höriger und die Elisabeth Mönch eine gebohrne
842 386 2039 533 Bart, daß Heinerich Mömhen deß Schloßers von
838 457 2057 589 Horgen auß dem Zürich Gebieth Eheweib vor Uns
853 544 2050 651 sich gestellt, und sich mit einander verehelichen
844 612 2059 711 zu können umb Bewilligung angehalten, zu dem end
840 679 2054 783 seinen Schein von dem Herren Pfarrherren Keller von
833 754 2045 865 gedachtem Horgen vorgewiesen durch welchen Atte¬
833 817 2036 931 stiert worden, daß ermelter Mönch als der Bart
834 891 2078 1011 Ehemann schon in Ao. 1744 verstorben seye; Haben
844 964 2078 1100 Wir diesen Schein dem loblichen Chorgricht zu Zürich zugeschickt,
832 1038 2050 1164 und Selbiges ersucht, Sich zu erkundigen, ob dieser
828 1115 2053 1247 Schein realich seye oder nicht? Das heraußkommende
831 1207 2075 1288 dann an Uns berichten zu laßen; Da nun gedeütes
830 1272 2062 1397 Loblichen Ehegricht dermahlen an Uns berichtet, daß
822 1346 2053 1478 dieser Questione* Schein allerdings faltsch sich be¬
823 1423 2071 1525 finde, von jemand Anders als dem Herren Pfarr¬
808 1485 2050 1589 herren von Horgen geschrieben, deßen Pettschafft dann
831 1561 2074 1663 von einem von diesem Herren Pfarrherren der Bart ge¬
810 1643 2022 1768 schriebenen Brieffen abgerißen und künstlich auf
829 1699 2042 1843 diesen Schein gekleibet worden; So haben Wir diesen
816 1784 2002 1902 Casum als mit Criminale lauffend Unseren gnädigen Herren den
816 1861 1996 1985 Rähten vortragen laßen, inzwüschen aber den
807 1931 2035 2060 Herren Landvogt deßen hierdurch berichten, und
829 2007 2020 2123 zugleich fründtlich ersuchen wollen, auf ermelte
829 2073 2073 2181 Bart und Schaad in seinem Ammt achten, betretten¬
811 2159 2026 2282 den fahls dieselben einsetzen, und Ihres Verhaffts
822 2248 2053 2323 Uns berichten zulaßen, diesem nach dann die Selben
828 2296 2068 2420 ernstlich zubefragen, wer der jenige seye, so Ihnen
820 2394 2068 2477 diesen Schein geschrieben, und so der selbe auch in deß
817 2438 2065 2560 Herren Landvogts Ammt sich befinden solte, ihne gleich¬
814 2515 2011 2637 fahls einsetzen, sonsten aber, wer und woher Er seye
834 2579 2054 2682 und wo derselbe dermahlen sich befinde, Uns den be¬
824 2650 1760 2763 richt zusenden zulaßen. Wormit etc.
2181 311 2493 462 Harscher Herr
2170 365 2513 517 Von Frankforth
2182 484 2351 588 Philip
2185 529 2475 667 Jörg Adam
2182 612 2495 724 Sigenthaller
2166 706 2370 813 Susanna
2163 1566 2511 1713 Heimberg die
2178 1660 2424 1764 Gemeind
2168 1728 2398 1822 Gruber
2187 1807 2394 1885 Barbara
2161 1876 2371 1969 Gaßer
2192 1958 2429 2049 Bendicht
3591 246 3676 316 35.
2517 214 3688 405 Trub. Auß beyligender Verantwortung des Herrn
2531 317 3677 453 Harschers von Franckforth und mitkommender form¬
2540 391 3699 536 licher Declaration seines Knechts deß Jörg Adam
2539 476 3708 605 Philips von Wertheim werdet in in mehrerem zu¬
2533 541 3701 675 versehen haben, wie daß gedeüter Herren Harsches wegen
2547 609 3680 745 von der Susanna Sigenthaller Eüwerer Angehörigen
2541 685 3672 813 wieder ihne geklagter Schwängerung noch allezeit
2534 759 3708 878 auf seiner Negativ verharret, deßen Knecht hin¬
2504 824 3714 956 gegen diese Sigenthaler mehrmallen beschlaaffen zu¬
2521 898 3688 1031 haben bekennt habe, diesere Schrifften nun haben Wir
2527 985 3686 1097 Eüch darinn zusenden wollen, damit auß denen
2527 1041 3676 1175 selben Ihr die Behörigen Interrogata ziehen und zu
2527 1112 3667 1238 seiner Zeit die Sigenthaler in ihrer Genißt desto
2521 1184 3650 1319 schärffer examinieren könnet; So bald nun Ihr
2527 1263 3699 1388 diese Interrogata werdet extrahiert haben, werdet
2514 1338 3682 1473 Ihr Uns diese Schrifften wiederum zuruck zusenden
2525 1412 3000 1532 hierdurch befelchert.
2551 1516 3650 1649 Steffißburg. Nachdemme Wir den Casum der
2527 1624 3706 1759 Barbara Bruber deß auf zehen Jahr lang banni¬
2526 1696 3664 1826 sierten Bendicht Gaßers von Heineberg Eheweibs,
2508 1772 3663 1900 Eüweres Angehörigen, Und ob das von der selben
2519 1840 3665 1994 ihrem Vorgeben nach mit diesem Gaßer erzeügete
2519 1911 3670 2061 zweyte Kind der Gemeind Heineberg gleich dem
2516 1982 3705 2142 Ersteren zugesprochen werden solle oder nicht etc. Unseren gnädigen Herren
2523 2039 3710 2180 den Rähten vortragen laßen; Haben Hoch die Selben
2534 2120 3688 2273 unteren 27ten July letsthin hierüber erkennt, daß
2517 2183 3689 2331 die Gemeind Heineberg in Ihrer dißöhrtigen Reni¬
2511 2280 3657 2423 tenz dieses Kind als das Ihrige zu erkennen, gantz
2529 2335 3703 2474 am Ungrund seye, Mithin diese Gemeind die Gruber
2521 2406 3654 2601 und ihr zweytes Kind gleich dem Ersteren auch als
2520 2487 3676 2639 die Ihrigen erkennen solle; Deßen Wir Eüch hierdurch
2527 2607 2910 2749 berichten wollen.
