4000 3000
571 187 695 270 50.
447 240 745 385 Megroz Sr..
451 346 661 438 Samuel
465 387 793 492 Delliant Dm.
459 462 601 533 Rose
461 508 730 625 Montmeja
473 588 625 663 Pierre
443 606 809 729 DesRuines Dm.
459 698 764 830 Marguerithe
470 1060 733 1210 Obidem
494 1410 726 1530 Wäber
482 1518 671 1607 Kurt
497 1584 734 1681 Steiner
505 1667 668 1752 Anna
834 202 2057 368 Verners dem Sr. Samuel Megroz mit der Dm.
845 317 1802 453 Rose Delliant beyde von Lutry, und
828 418 2057 582 Endtlichen dem Pierre Mortmeja auf abgestatte¬
829 490 2065 646 tem bericht, daß Minery frommen Herren Seckelmeister Capelhofer
852 587 2025 709 dem selben das Burgerrecht zu Chardonne ertheillen
856 669 2026 794 werde, so bald er die Naturalisation von Minery gnädigen Herren
838 745 2025 854 werde erhalten haben, mit der Dm. Marquerithe
828 803 2042 939 Des Ruines von Losanne offentlich Kirchenrecht
833 881 2044 1011 halten zu können bewilliget, und deßen die ge¬
822 955 1496 1092 wohnten scheinen ertheilt.
832 1047 2065 1205 Wegen H. Ludwig Einan: Zehnder und Mr. Heimman
818 1142 2039 1290 Zedul an Minery frommen Herren der Burgercammer, sie wegen
843 1242 1654 1368 dem einzug gelt zu avisieren.
840 1347 2071 1519 Utzenstorff. da der Kurt wäber der Gricht¬
827 1457 2011 1595 säß von Zielibach Eüwer Angehöriger und die
842 1544 2052 1683 Anna Steiner auch Eüwere Angehörige auff
836 1627 2040 1769 heüte vor Uns erschiennen, hatte zwar die Steiner
847 1717 2037 1837 wegen von dem Wäber bißhero erzeigten Renitenz
827 1796 2068 1929 sie zu ehelichen, und dannenhero von ihro beförchte¬
833 1884 2009 2008 ten bösen Ehe auch Ihrerseits dißmahlen den
829 1944 2042 2084 Wäber zu ehelichen sich geweigeret, und hingegen
832 2041 2055 2167 begehrt, daß sie der Ehe halb von ihme ledig ge¬
819 2106 2038 2245 sprochen, nichts desto weniger aber das von ihnen
842 2179 2035 2321 mit einander erzeügete Kind als ehelich erkennt,
846 2268 2004 2406 werden möchte; Weilen aber der Wäber in
844 2355 2045 2474 diesem fahl wieder die Ehelichkeit dieses Kinds
839 2415 2016 2539 protestiert, und endtlichen die Steiner lieber
834 2488 2067 2637 den Wäber ehelichen als aber ihr Kind unehelich
840 2575 2000 2716 verklähren laßen wollen, so haben Wir ihme
844 2660 2052 2787 Wäber die Steiner und ihr kind Richterlich als
2196 1609 2524 1737 Ropraz die
2203 1719 2460 1847 Gemeind
2208 1791 2474 1896 Comte der
2217 1888 2517 1999 Brunnmeister
2174 2487 2487 2607 Sandmeyer
2192 2573 2398 2647 Verena
2191 2618 2438 2720 Schaffner
2182 2688 2369 2789 Jacob.
3595 284 3683 346 51.
2544 258 3674 419 ehelich und ehrlich zugesprochen, anbey den Wäber
2549 354 3684 495 vor alle dieses handels halb ergangene kösten und
2542 449 3711 554 Emolument auf Moderation hin verfället und zugleich
2556 511 3664 599 erkennt; daß dieser Wäber wegen seines bißhero
2560 576 3709 665 gegen Eüch bezeigten Spörrigkeit und Ungehorsamms
2520 648 3685 767 vor Eüch sich stellen, und deßwegen Eüch gebührend
2544 712 3685 842 umb Verzeichung bitten, wie auch von Eüwerem
2532 771 3715 904 Herren Ammtsmann scharpff censuriert werden solle;
2542 854 3677 985 und damit nicht wiederum frücher Dingen wieder
2548 923 3706 1037 die Vollzeüchung dieser Ehe einiche hinter muß ein¬
2543 985 3716 1105 gestreüwet werde, so haben Wir die anstalt vor¬
2521 1059 3697 1161 behren laßen, daß diese beyde in dem heütigen
2543 1119 3716 1279 nachmittags Gebätt allhier in der Großen Kirchen
2553 1191 3703 1332 miteinander Ehelich eingesegnet werden, welches
2540 1271 3706 1407 auch geschechen, und Wir Eüch deßen hierdurch bei
2536 1386 2878 1490 erichten wollen
2532 1422 3724 1596 Lucens. Pfto. Weilen Wir auß einem von dem
2543 1541 3665 1696 Herren Amts Statthalter Unserem Secretario
2555 1624 3679 1746 zugesandten schreiben ersehen, daß die Gemeind
2543 1692 3739 1830 Ropraz von Ihren wieder deß Brunnmeisters conte
2551 1770 3739 1910 von daselbsten mit einer Persohn von Lutry vorha¬
2548 1846 3722 1970 benden den Heüwracht gemachten Oppositionen diß¬
2541 1912 3700 2060 mahlen abgestanden seÿe; So haben Wir es auch
2552 1976 3709 2128 hierbey bewenden laßen, den Herren Amts Statt¬
2537 2046 3650 2207 halter aber hierdurch fründtlich ersuchen wollen,
2555 2090 3704 2274 ermelter Gemeind die hiesigen Cammer Emolument
2550 2196 3724 2337 mit 100. bz abforderen und solche unseren Secre¬
2538 2275 3598 2409 tario zusenden zu laßen, wormit etc. etc.
2527 2385 2976 2518 Bräuichen.
2579 2449 3727 2590 Da die Verena Landmeyer von Egliswyl Kirchhö¬
2549 2535 3697 2654 ern seinigen und der Jacob Schaffers Eüwer Ange¬
2541 2616 3714 2743 höriger als beklagte vatter ihres ohnlängst zur
