4000 3000
538 159 648 245 22.
467 644 725 781 Meley
477 731 754 852 Elisabeth
467 830 703 976 Sulger
461 936 813 1087 Hans Jacob
456 1704 722 1837 Reviol Sr.
468 1797 750 1887 Chattelain
456 1868 729 1970 Blanc Sr.
457 1945 700 2045 Justicier
465 1990 755 2130 Gervaix Sr.
460 2087 728 2211 Assesseur.
844 176 2027 331 und ob innert Jahrs Frist der Nicollet sich umb
822 282 2057 424 ein Heimatth beworben, mithin auf dieses hin die
819 358 2090 508 Copulation mit der Nicolas ihren Fortgang gehabt
829 442 2103 598 habe, oder nicht? Uns zu seiner Zeit berichten zu laßen.
821 575 2103 696 Es hat zwar die verwittibte Elisabeth Meley von allhier
828 669 2114 795 Minery frommen Herren anhalten laßen ihro einen Schein zuertheil¬
825 738 2074 881 len, daß selbige sich mit dem Hans Jacob Sulger
831 832 2019 913 einem Burger von Basel copulieren laßen könne,
840 886 2035 992 Weilen aber Minery frommen Herren nicht wüßen mögen, ob ein
835 972 2104 1074 Lobliches Chorgricht zu Basel dieses Heüwrahts zu frieden,
816 1060 2087 1174 So haben Minery frommen Herren die Selbe vor dißmahlen dieses ihres
823 1134 2063 1273 begehrens ab, und dahin gewiesen, daß selbige, Wir
823 1203 2057 1326 die Verträg beyder Löblichen Cantonen es erforderen
823 1272 2099 1392 vor allen dingen Uns die Einwilligung von dem Loblichen
825 1347 2048 1480 Chorgricht zu Basel zu diesem Heüwraht auffweise,
818 1423 2108 1559 dann zumahlen dann ihro in ihrem begehren willfahret
817 1529 1163 1624 werden solle.
809 1591 2095 1760 Reüws Pfto. Weilen die jenige von dem Herren
810 1695 2092 1817 Landvogt auß Anlaß deß Sr. Chattelain Reviol,
811 1784 2088 1921 Sr. Justicier Blanc, und Sr. Assesseur Gervaix von
814 1860 2073 2000 Begnins Uns letstermahlen zugesandte Procedur
819 1935 2096 2060 samt dem von dem Herren Landvogt beygefüegten
830 2013 2060 2166 Berichtschreiben während dem, daß dieses Paquet
827 2106 2045 2228 unter Uns circuliert, verlohren gegangen, Wir
834 2177 2114 2304 dann nicht zweiflen, daß der Herr Landvogt von allem
825 2254 2090 2381 Copiam werde behalten haben; So haben Wir, damit
830 2327 2057 2451 über diesem Casum geurtheillet werden könne, den
840 2401 2084 2531 Herren Landvogt hierdurch fründtlich ersuchen wollen,
835 2480 2084 2609 von dieser Procedur und Schreiben Uns eine Copiam
832 2559 2082 2694 expedieren, und selbige so bald möglich Uns zusenden
828 2636 1425 2742 zu laßen. Wormit etc.
2203 299 2499 449 Bierre das
2215 396 2501 559 Chorgricht
2211 510 2354 613 Gros
2213 545 2447 653 Gabriel
2227 630 2488 728 Maublanc
2213 694 2539 806 Pierre Michel
2192 1890 2491 2054 ObIdem
2191 2089 2397 2215 Sime
2205 2198 2418 2281 Verena
2198 2266 2365 2394 Frey
2181 2357 2473 2494 Heinerich
3589 268 3701 341 23
2523 261 3739 433 Morsel Pfto. Weilen das Chorgricht zu Bierre
2562 360 3701 491 bey Uns klagend einkommen, daß Selbiges vor die
2556 451 3701 571 jenigen Cösten, vor welche der Gabriel Gros und
2544 517 3710 631 Pierre Michel Maublanc von daselbsten unterem
2556 617 3717 712 9ten Aprilis letsthin verfüllt worden, biß dahin noch
2571 668 3737 785 nicht bezalt worden seye, und Selbige hierzu noch al¬
2545 737 3730 865 lezeit sich renitent erzeigen, obgleich Wir selbsten
2538 808 3735 923 auch finden, daß die desthalb Uns eingefendte und
2548 876 3753 995 hier mit kommende Costens Verzeichnuß allerdings Mo¬
2547 958 3685 1057 derat seye; So haben Wir den Herren Landvogt
2544 1021 3714 1129 hierdurch ersuchen wollen, beyden diesen Partheyen
2545 1093 3736 1188 und zwar mit möglichster befürderung zur Mode¬
2535 1187 3751 1249 ration dieser Costens Verzeichnuß einen peremptori¬
2533 1238 3709 1355 schen Tag anzusetzen, diesem nach dann der Gros und
2556 1303 3748 1406 Maublanc mögen auf den dißohrts angesetzten tag
2557 1362 3705 1459 erscheinen oder nicht. Mit der Moderation dieser
2546 1445 3699 1567 Kösten fortzufahren, und nachwerts beyde diese
2537 1483 3739 1646 Gros und Maublanc zu fürderlicher Bezahlung dieser
2540 1586 3714 1713 Kösten, wie auch der Ihnen zu Handen der Armen
2553 1657 3709 1798 Ihrer Gemeind dictierten Buß, Und wegen Ihre
2538 1741 3727 1862 Renitenz zu einer angemeßenen Straff anhalten
2546 1809 3118 1932 zulaßen. Wormit etc.
2559 1891 3175 2026 Bierre ut Supra.
2543 2008 3763 2176 Schintznacht. Wir haben zwar auß Eüweren
2543 2111 3709 2263 Uns zugesandten Schreiben ersehen, wie daß der
2545 2182 3707 2336 Verena Sime Eüwere Angehörige der Heinerich
2535 2256 3737 2414 Frey einen Ehemann von Unterentfelden, welcher
2547 2343 3724 2513 auch den mit ihra begangenen Fehler bekennt, wegen
2537 2444 3721 2562 annemmung deß Kindts aber sich auf ihre Genißt
2531 2505 3709 2637 beruffen, und darüber hin die Sime den 16ten Curr.
2540 2578 3748 2732 seines Mägtlins genesen, und in ihres Genißt auff
