4000 3000
586 190 692 262 38.
825 200 2020 357 anzunemmen sich geweigeret, und dieser anklag sich
843 301 2021 437 Eydtlich entschütten wollen, Weilen aber der selben,
838 389 2059 522 Da es umb eine so wichtige sach zu thun ware, bey sei¬
835 465 2011 600 ner heütigen Erscheinung so betruncken gewesen,
845 534 2072 693 daß er käümerlich hat reden können, hierdurch allso
847 636 2068 761 derselbe genugsamm gezeiget, was vor ein leichter
828 702 2060 845 Gesell er seye, neben demme, daß er sehr schlechten
832 797 2031 937 Leümbdens zu seyn beschrieben worden; So haben
832 885 2093 1018 Wir ihne zu dem Purgations Eydt nicht admittie¬
824 963 2072 1085 ren können, sonderen denselben deßen abgewiesen,
826 1036 2030 1185 Mithin ihme dieses der Hafner Kind Richterlich
846 1128 2063 1249 als unehelich zugesprochen, Deßen Erhaltung den
835 1204 2045 1348 selben Ein halb jahr nach der Geburth auffallen,
823 1284 2069 1416 Er aber ihra dann zumahlen den in dem Gesatz be¬
813 1360 2035 1498 stimten Ammenlohn der 3. Batzen bezahlen, beyde zu
826 1443 2083 1586 der gewohnten Abbüeßung, solche hinter Eüch auß¬
824 1522 2058 1666 zustehen, in Specie aber der Jaun gegen die Haf¬
823 1609 2048 1738 ers vor alle dieses Handels halb ergangene Kösten
834 1687 2042 1833 auf Moderation hin verfällt seyn solle, Da Wir
834 1795 2071 1912 übrigens ihne Jaun wegen seines Heütigen Ärr¬
821 1865 2041 1992 gerlichen Auffüehrung für 2. Mahl 24 stund allhier
831 1937 2059 2060 ein Chorgrichtlichen Verhafft setzen laßen, ohne daß
832 2033 2069 2164 ihme solches an seiner Abbüeßung abgerechnet werden
834 2110 2057 2234 solle, Deßen dann Eüch hierdurch berichten, und die
826 2178 2053 2280 diesen beyden dictierte Abbüeßung an denen Selben
838 2251 2050 2378 exequieren zu laßen hiemit anbefehlen, zugleich
834 2312 2039 2462 dann verdeüten wollen, daß vor dißmahlen Wir
840 2407 2071 2540 Uns an Eüweres Uns eingesendten Entschuldigung
837 2492 2036 2632 ersättiget, in Hoffnung, daß fürhin Ihr der Eüch
842 2576 2057 2707 nunmehro gegebenen Instruction nachgehen werdet.
2185 295 2336 486 Gris
2185 416 2426 531 Claudine
2177 512 2380 614 Duran
2180 593 2323 691 Jean
2169 1275 2481 1397 Rychardt
2186 1371 2393 1472 Verena
2188 1463 2432 1560 Wymann
2199 1543 2409 1639 Ullrich.
3605 275 3693 369 39.
2537 217 3683 436 Wivis Nachdemme Wir den Casum der Claudine
2537 360 3700 524 Gris deß Samuel Raisins sel Eüwers Angehörigen
2541 441 3727 593 Wittib, welche zum Vatter ihrer ohnlängst zu Welt
2542 523 3695 637 gebohrnen zweyen Kinderen den Jean Duran auß
2541 598 3687 720 den Lanquedoc angegeben, Unsere gnädigen Herren den Rähten
2538 665 3728 792 vortragen laßen, Haben Hoch die Selben unteren
2526 735 3720 861 30ten July letsthin hierüber erkennt; Daß sie die
2539 804 3726 920 Gris samt ihren zweyen Kinderen dem angeklag¬
2546 872 3642 1010 ten frömbden Vatter nachgehendt werden solle;
2535 942 3726 1064 Deßen Wir Eüch hierdurch berichten, und dieser Er¬
2520 1010 3701 1138 kantnuß in behörige Execution jetzen zu laßen
2524 1089 3248 1196 hiermit anbefehlen wollen.
2514 1183 3673 1356 Heimißwyl. Wir haben den von Eüch Uns
2539 1294 3734 1437 überschriebenen Casum der Verena Rychardt Eü¬
2523 1386 3746 1505 werer Angehörigen, welche zum Vatter ihres ohnlängst
2521 1458 3673 1587 zur Welt gebohrnen Mägtlins den im ferndrigen
2523 1524 3700 1664 Jahr wegen Ehebruchs bannisierten Ullrich Wymann
2534 1604 3691 1729 von Lützelflüch angegeben, Unsere gnädigen Herren den Rähten
2509 1678 3644 1811 vortragen laßen, Hoch die Selben nun haben
2518 1761 3719 1864 Unterem 30ten July erkennt; Daß weilen der be¬
2513 1852 3707 1962 klagte biß dahin nicht habe zur Verantwortung gezo¬
2514 1908 3687 2039 gen werden können, ihro der Rychardt biß dahin
2519 1985 3710 2130 dieses Ihr Kind samt deßen Erhaltung eintzig über¬
2510 2055 3703 2172 laßen, Die selbe aber über die Ordinari Abbüeßung
2536 2118 3698 2274 auß auch zu zweymahl 24 stündiger Gefangenschafft
2517 2194 3687 2338 gehalten werden solle; deßen Ihr hierdurch berichtet,
2521 2270 3730 2421 und diesere Straaff an ihra zu exequieren befelchert
2520 2379 2705 2500 werdet.
