4000 3000
511 74 615 152 4.
372 1228 621 1340 Marti
375 1317 662 1429 Catharina
368 1410 577 1513 Hügli
376 1480 652 1596 Rudolff
346 2320 695 2441 Horlacher
362 2421 634 2520 Barbara
349 2501 578 2607 Wüest
372 2561 721 2681 Hans Joggeli
751 137 2076 301 ermahnt, weilen wir aber gewahret, daß deß
771 221 2029 387 Kläffigers ungestürmes betragen wahren theils
779 309 2083 462 aus einem verstockten Sinn und filleicht anhafften¬
766 407 2076 568 der hirnmühtigkeit herrühret, So habend wir eüch
764 480 2072 604 hierdurch aufftragen wollen, auf ihne Kläffiger ein
780 552 2063 682 wachsammes aug zuhaben, und wo fern keiner beße¬
764 639 2091 767 erung von ihme zuhoffen wäre, durch anwendende Cur
774 705 2088 852 ein Tentamen zu thun: zudem es dann bey Eüweren
751 783 2079 915 herren ammtsmann nachzuwerben, daß er Kläffiger
773 866 2033 998 auf seine oder der gemeind unkösten hin für eine
756 946 2048 1073 zeitlang von Minery gnädigen Herren den Rähten etwann in ein
756 1017 2094 1158 Closter oder ander gewahrsamliches ohrt biß zu an¬
750 1097 2061 1232 scheinender beßerung auffgenommen werden möchte
765 1185 2045 1360 Herren Balm, Catharina Marti von Wattenwyl
772 1315 2061 1432 so vor geraumer zeit ihrem vorgeben nach, mit Ru¬
747 1390 2075 1521 dolff Hügli von Seedorff einen unehelichen Sohn erzeü¬
750 1478 2069 1602 get, hat bey uns angehalten, daß gedachter Hügli
760 1549 2042 1678 welcher gefallenem bericht zu folg dermahlen zu
759 1626 2082 1757 Ryzenbach sich auffhalten soll, der Paternitat dieses
744 1709 2091 1837 Kindts halb vor Uns zu red gestoßen werden möchte etc.
733 1788 2047 1921 Wir wollend eüch allso hierdurch auffgetragen haben
746 1858 2065 2005 bemeltem Hügli von heüt über acht tag als den 27 ten
730 1923 2087 2095 Curr, vor uns zu erscheinen die formliche Citation an¬
725 2028 2048 2176 legen, und der ihme angelegten Citation uns berich¬
732 2142 1088 2254 ten zulaßen.
769 2213 2082 2383 Birr. Auf Eüwer an uns abgesendtes berichtschei¬
736 2329 2060 2465 ben, ansehend wie daß die Barbara Horlacher Eüwere
741 2411 2066 2546 angehörige, deren ehemann Hans Joggeli Wüest von
742 2493 2015 2635 Lupffig sie schon vor 10 jahren verlaßen und sich in
730 2567 2066 2699 Kriegs diensten begeben, ja endtlich gar die Catholische
725 2626 2025 2776 religion angenommen, vor uns demühtig einkehre,
2152 762 2339 882 Schaad
2158 851 2331 962 Joseph
2164 926 2291 1031 Bart
2163 991 2373 1126 Elisabeth
2137 2024 2380 2194 Ob Idem
2420 128 3605 347 daß ihme wieder sothanen ihren außgetrettenen
3524 235 3590 303 5.
2468 229 3600 436 außgetrettenen ehemann ein Ruffbrieff möcht er¬
2466 325 3642 527 theilt werden, in welchem wir ihra auch willfahret,
2484 413 3634 589 und sothanen Ruffbrieff eüch hier eingeschloßen zusen¬
2451 489 3610 653 den, mit befelch solchen gewohnter form nach maßen
2464 572 3043 686 publicieren zu laßen
2394 689 3617 877 Zürich. Tit. Zwüschen Joseph Schaad unseren an¬
2459 807 3603 963 gehörigen vor Ober Bipp. und Elisabeth Bart hei¬
2448 894 3636 1033 nerich mönchs eüwers: Tit: angehörigen von Horgen
2463 976 3577 1109 hinterlaßenen wittib waltet eine eheverlobniß
2469 1046 3634 1161 welche diese beyde Christlichem Gebrauch nach einsegnen
2467 1117 3622 1250 und durch den offentlichen kirchgang bestätigen zu¬
2452 1191 3627 1291 laßen vorhabens sindt, Weilen aber der Realitet
2461 1256 3624 1384 deß von der Bart zu dem und eingelegten uns hier
2461 1325 3645 1421 mit kommenden TodtenScheins wir mit durch auß ver¬
2452 1400 3598 1501 sicheret, maßen die Schrifft und das Rüfschafft deß
2451 1470 3619 1597 herren pfarrherren Kellers, der solchen außgeferti¬
2445 1541 3613 1661 get uns gantz unbekant, So habend ehr und bevor
2469 1612 3625 1736 wir in die vollzeichnung dieserer ehe einwilligen können,
2461 1686 3628 1828 Eüch Tit. hierdurch fründtlich ersuchen wollen, uns der
2465 1757 3590 1898 eigentlichen bericht zuertheillen, ob und wann der
2455 1830 3636 1945 Mönch verstorben seye? Da in der gleichen und anderi
2448 1893 3617 2055 begebenheiten ein vollständiges Reciprocum zuleisten
2457 2000 3180 2115 wir nit ermanglen werden.
2447 2034 3615 2208 Ober Bipp. Sie deßen berichten, anbey aber habend
2451 2127 3590 2316 Wir eüch aufftragen wollen, dem Schaad eüwerem
2454 2203 3622 2394 angehörigen zu verdeüten, daß er sich mit behöriger
2459 2289 3609 2436 montur ober- und unter gewehr versehen thüe, dann
2459 2339 3612 2527 ohne dieses erstattet zu haben, ihme der Heüwraht
2458 2419 3619 2589 mit seiner braut niemahlen wurde zugelaßen
2447 2588 2630 2681 werden
