4000 3000
542 145 641 254 8.
424 318 704 472 Cristener
407 437 671 538 Anna.
394 1481 701 1664 ObIm
405 1821 702 1959 Schneitter
392 1944 598 2072 Hatis
412 2014 718 2146 Käffliger
427 2097 650 2192 Anna.
385 2604 725 2753 Ob Idem
748 207 2073 375 Wohlen. Über eüwer uns zugesandtes Berichtschreiben
807 319 2054 458 Ansehend die Anna Christener von Höchstetten, welche
810 399 2046 536 seith der auffarth schwanger zu seyn vor euch bekennt,
813 473 2070 599 und zum vatter ihrer tragenden leibes frucht angege¬
799 546 2016 651 ben einen unbekanten schusters gesell auß dem
803 627 2082 764 zweybrückischen, wollend wir euch hierdurch in ant¬
788 706 2090 846 wort verdeütet haben gedachte Christenes in ihr hei¬
795 770 2021 899 rath zu weisen, alldorten kindts zuligen, damit
806 853 2068 988 selbige in ihrer genißt behöriger maßen estaminiert
801 922 2045 1070 werden könne, anbey aber werdet ihr der Christener
805 1006 2067 1142 auch befellen, deß eigentlichen Namens dieses Kerls
798 1082 2081 1217 sich zu erkundigen, auf daß sie solchen ihrer gemeind
795 1162 2066 1287 anzeigen und wir deßen zu seines zeit nebst denen
783 1246 2089 1365 ferneren ummständen ihrer genißt halb berichtet wer¬
773 1317 2019 1448 den können, biß dahin wir unßeren außspruch
785 1393 1608 1537 über diesen handel auff gehoben
1780 1502 1850 1613 .
784 1508 1785 1658 Großhochstetten, die deßen berichten
777 1667 2034 1816 Ober Balm auß eüweren uns zu gesandten
794 1770 2033 1918 Berichtschreiben haben wir zu ersehen gehabt, daß
773 1847 2102 2014 Hans Schneidter eüwer angehöriger und die Anna Käffli¬
784 1932 2064 2075 ger von Sellhofen aus gethanen zuspruch hin von der
785 1998 2081 2148 einander zugesagten ehe verlobnuß obwohlen selbige
785 2091 2043 2209 zu Belg schon einmahl verkündet worden, gut willig
787 2164 2069 2306 abgestanden, und begehrt, daß solche annulliert werd¬
765 2243 2079 2391 den möchte, habend wir in betrachtung kein beyschlaff
785 2319 2077 2468 vorgegangen seyn soll, diesere ehe versprechung wieder¬
782 2403 2056 2539 um richterlich außgehoben und obige beyde wiederum
786 2473 2026 2603 in hievorige freyheit gesetzt. Deßen ihr hierdurch
788 2560 1663 2654 antwortlich verständiget werdet.
799 2628 1490 2749 Belp. Sie deßen berichten
2146 290 2398 428 Mange
2159 381 2410 498 Francoide
2152 463 2407 579 Duboulet
2150 548 2382 655 Nicolat
2147 1323 2396 1513 Flaction
2142 1495 2333 1574 Anne
2142 1566 2315 1663 Janin
2145 1643 2479 1770 Jaques Henry
2126 2445 2367 2555 Coderey
2134 2506 2497 2632 Jeane Marguerithe
2139 2598 2311 2680 Corbos.
2118 2667 2317 2773 Henry
2508 156 3659 359 Trelex. Auß eüwerer uns zugesandten Procedur
2510 290 3641 450 haben wir zwar zu ersehen gehabt, was maßen die
2507 370 3671 514 Francoide Mange nunmehro kindts genesen und in
2506 466 3672 582 ihrer genist und in ihrer geißt unter formlicher Ex¬
2508 530 3679 664 amination auf dem vorhero von ihro beklagten Nicolas
2498 608 3659 744 Duboulet beydes eüwere angehörige als vatter ihres
2508 667 3690 796 zur welt gebohrnen mägtlins verharret seye etc. Wei¬
2487 745 3696 866 len aber auß der procedur erzählet, daß der Duboulet
2514 823 3674 935 niemahlen persöhnlich citiert worden, so haben wir
2489 888 3650 1003 der Mange dieses ihr kind so lang überlaßen wollen,
2499 959 3677 1080 biß der von ihro angegebene vatter anheimisch seyn und
2500 1022 3653 1132 hierüber auch wirt verhört werden können. Deßen Jhr
2508 1091 3677 1198 hiemit antwortlich verständiget anbey befelchnet
2502 1145 3661 1256 werdet dem auffenthalt des Duboulets nachforschen,
2509 1207 3701 1333 und entdeckenden fahls uns deßen berichten zu laßen,
2484 1295 3695 1433 Ballaigues Auß Eüwerer uns zugesandten Pro¬
2482 1372 3683 1514 cedur und deren ein verleibetem Brief von der Anne
2492 1469 3665 1569 Flaction haben wir vernommen, auß was gründen
2501 1536 3692 1675 gemelte Flaction eüwere angehörige sich bedenckens
2507 1600 3686 1752 gemacht, dem Jagues Henry Janin de la Cote des fees
2494 1699 3687 1821 in das Neüwenburgische nach zugehen, und selbige
2508 1746 3689 1914 wegen deß von ihrer zur welt gebohrnen und ihme zu¬
2483 1830 3692 2002 geeigneten mägtlis vor dasigem richter zu acti¬
2486 1901 3679 2057 onieren, weilen sie namlich von ihme übel empfangen
2505 1977 3706 2143 zu werden besorget hatte etc. Hierüber nun wollend wir
2493 2047 3715 2234 Eüch auffgetragen habend, jemand von Eüch außzuster¬
2483 2135 3716 2289 ordnen, der selbige dahin begleite und in ihrem anli¬
2480 2203 3722 2371 gen assistieren thüe, da Jhr deß erfolgs uns berich¬
2489 2328 2737 2438 ten werdet
2511 2300 3662 2523 Aclens, da wir auß eüwerer uns zugesemdten
2496 2435 3698 2604 Procedur zuersehen gehabt, daß die Jeanne Marguerithe
2481 2522 3681 2656 oderey nunmehro kinds gewesen, und auf dem vorhero
2482 2578 3711 2751 von ihro beklagten Henry Corbos beydes eüwer angehöriger
