4000 3000
526 183 658 302 52.
463 1966 763 2133 Obidem
466 2269 793 2375 Nußbaum
485 2345 704 2477 Elßbeth
490 2445 745 2528 Wagner
502 2509 755 2605 Johannes
814 209 2040 367 Welt gebohrnen Kinds auf heüte vor Uns er¬
811 315 2048 471 schiennen, hatte der Schaffner die Sandmeyer bei¬
798 424 2041 558 schlaffen zu haben noch allezeit gelaügnet, mithin
819 501 2028 657 dieses ihr Kind als das seinige anzunemmen sich
835 579 2044 701 geweigeret, und der Paternitat deßelben sich
831 654 1984 785 Eydtlich entschütten wollen; Weilen aber die
836 751 2041 887 Sandmeyer, da der Schaffner auch allen Umb¬
811 826 2074 975 gang mit ihro gelaugnet, wieder ihne zu bewei¬
821 908 2010 1053 en über sich genommen, daß Er öffterens Umb¬
801 987 2043 1121 gang mit ihro gepflogen habe, so haben Wir den
821 1063 2050 1208 Ab, fruch hierüber biß auf den 31ten Curr: verscho¬
820 1154 2052 1294 ben, und denen Partheyen anbefohlen, dann zu¬
819 1230 2076 1365 mahlen wiederum vor Uns zuerscheinen, Sach wäre
824 1308 2086 1454 dann, daß der Schaffner biß dahin sich eines beße¬
832 1387 2053 1489 ren bedencken, und dieses kind als das seinige
843 1477 2050 1619 anzunehmmen sich erklähren wurde, welchen fahls
831 1544 2078 1688 Ihr Uns dessen berichten, sonsten aber in dieser
842 1636 2072 1793 zwischen zeit die Sandmeyer in ihrem diß öhrti¬
825 1718 2080 1869 gen beweißthumm zuvernemmen, und das herauß¬
814 1803 2044 1932 kommende an Uns biß dahin berichten zu laßen
825 1888 1561 2031 hierdurch befelchnet werdet.
823 1986 1716 2151 Seengen sie deßen berichten.
833 2109 2016 2278 Birrwyl. Nachdemme wir Unsere gnädigen Herren den
834 2224 1992 2363 Rähten widermahlen vortragen laßen, wir
832 2296 2065 2441 daß in folg dero Erkantniß sich ins Wirte¬
831 2370 2083 2532 bergischen nach Ballingen begeben Elßbeth Nuß¬
840 2463 2056 2601 baum und alldorten den Johannes Wagner den
853 2536 2043 2666 Beckerknechten von daselbsten als beklagten
858 2617 2063 2750 Vatter ihres ohnlängst zur welt gebohrnen kinds
849 2692 2070 2839 Rechtlichen zubejagen, die selbe aber ihne all¬
2169 1157 2459 1263 Rognon Sr.
2179 1244 2410 1331 Francois
2192 1309 2493 1413 Kauffmann
2180 1393 2452 1518 Catharina
3547 271 3645 344 53.
2473 269 3673 450 dorten nicht antreffen, mithin hierüber nicht habe
2522 371 3702 534 abgesprochen werden können; Als haben hochgedacht
2525 458 3699 575 Ihr Gudl. nunmehro unterem 3 tag Curr: hierü¬
2526 525 3662 666 ber erkennt; daß dieses Kind ihro der mutter
2526 617 3634 748 zugesprochen bleiben, ihren namen tragen, ihr
2533 684 3650 813 Heimatth haben, und ohnvermöglichen fahls von
2531 752 3699 915 ihro der Gemeind biß zu entdeckung deß Vat¬
2546 831 3652 965 ters erhalten werden solle; deßen nun haben
2542 901 3398 1056 Wir Eüch hierdurch berichten wollen.
2519 1015 3701 1192 Coppigen wir hatten auf Eüwerer gemeind Wi¬
2537 1110 3728 1263 derhohltes begehren hin dem Sr. Francois Rognon
2537 1184 3707 1321 von Neüwenburg anbefehlen laßen, daß derselbe
2540 1266 3689 1414 längstens biß den 8ten diß Monats das von ihme
2547 1344 3704 1475 mit der Catharina Kauffmann von Hellsauw vor
2550 1410 3731 1564 par jahren erzeügete uneheliche kind auß Eü¬
2535 1487 3710 1610 werer Gemeind wegnehmmen solle; wann nun des
2552 1561 3703 1692 selbe diesem Unßerem befelch und erkantnuß
2554 1640 3721 1742 ein genügen leisten, und dieses Kind in verbwi¬
2540 1711 3709 1854 ichenem Monath abhohlen laßen wollen, der selbe
2552 1776 3636 1921 aber dißmahlen bey Uns klagend einkommen.
2551 1858 3691 1987 daß der jenige, so Er zu diesem End in Eüwere
2552 1936 3690 2067 Gemeind geschickt, vergebens dahin gegangen,
2516 1994 3664 2153 Diedes Kind und seine Mutter daselbsten nicht
2552 2096 3652 2236 angetroffen, und niemand ihme einen ihrer
2555 2147 3676 2262 bericht geben wollen, wo das Einte oder andere
2559 2211 3715 2380 sich befinde, er derowegen alle ursach zu glauben
2554 2293 3680 2441 habe, daß es seye von seithen Eüwere Gemeind
2561 2371 3745 2512 oder der Kauffmann oder der ihrigen ihme vorsetz¬
2534 2446 3710 2584 licher weis diß ohrts einiche verdrießlichkeiten
2559 2526 3688 2650 und unnöhtige kösten verursachet werden wolle;
2554 2596 3723 2726 So haben Wir, damit diesem vorgebogen, und zu¬
