<?xml version="1.0" encoding="UTF-8" standalone="yes"?>
<PcGts xmlns="http://schema.primaresearch.org/PAGE/gts/pagecontent/2013-07-15" xmlns:xsi="http://www.w3.org/2001/XMLSchema-instance" xsi:schemaLocation="http://schema.primaresearch.org/PAGE/gts/pagecontent/2013-07-15 http://schema.primaresearch.org/PAGE/gts/pagecontent/2013-07-15/pagecontent.xsd">
    <Metadata>
        <Creator>prov=University of Rostock/Institute of Mathematics/CITlab|PLANET AI GmbH/Gundram Leifert/gundram.leifert@planet-ai.de:name=German_Kurrent_XVI-XVIII_M1(htr_id=19584)::::v=2.6.7
prov=University of Rostock/Institute of Mathematics/CITlab|PLANET AI GmbH/Tobias Gruening/tobias.gruening@planet-ai.de:name=de.uros.citlab.module.baseline2polygon.B2PSeamMultiOriented:v=2.6.7
prov=University of Rostock/Institute of Mathematics/CITlab|PLANET AI GmbH/Tobias Gruening/tobias.gruening@planet-ai.de:name=/net_tf/LA73_249_0mod360.pb:de.uros.citlab.segmentation.CITlab_LA_ML:v=2.6.7
prov=University of Rostock/Institute of Mathematics/CITlab|PLANET AI GmbH/Tobias Gruening/tobias.gruening@planet-ai.de:name=/net_tf/LA73_249_0mod360.pb:de.uros.citlab.segmentation.CITlab_LA_ML:v=2.6.7
Transkribus</Creator>
        <Created>2021-10-04T20:30:24.852+02:00</Created>
        <LastChange>2021-11-14T20:35:37.287+01:00</LastChange>
        <TranskribusMetadata docId="796158" pageId="29963604" pageNr="31" tsid="68028478" status="GT" userId="100828" imgUrl="https://files.transkribus.eu/Get?id=DHGOFSBBGGMJDJXMWSMAXLRN&amp;fileType=view" xmlUrl="https://files.transkribus.eu/Get?id=OTRMHGAQEIWKNNMWWGSIDKOY" imageId="23522763"/>
    </Metadata>
    <Page imageFilename="IMG_20211004_092958.jpg" imageWidth="4000" imageHeight="3000">
        <ReadingOrder>
            <OrderedGroup id="ro_1687514813889" caption="Regions reading order">
                <RegionRefIndexed index="0" regionRef="r1"/>
                <RegionRefIndexed index="1" regionRef="r2"/>
                <RegionRefIndexed index="2" regionRef="r3"/>
                <RegionRefIndexed index="3" regionRef="r4"/>
            </OrderedGroup>
        </ReadingOrder>
        <TextRegion orientation="0.0" id="r1" custom="readingOrder {index:0;}">
            <Coords points="452,179 452,2795 741,2795 741,179"/>
            <TextLine id="r1l1" custom="readingOrder {index:0;}">
                <Coords points="553,243 610,238 627,250 688,214 683,147 663,148 642,157 631,169 611,169 590,177 564,203 550,201"/>
                <Baseline points="560,230 590,224 620,221 650,219 681,222"/>
                <TextEquiv>
                    <Unicode>56.</Unicode>
                </TextEquiv>
            </TextLine>
            <TextLine id="r1l2" custom="readingOrder {index:1;} person {offset:0; length:8; continued:true;}">
                <Coords points="460,472 498,481 509,469 530,477 556,468 604,478 641,506 680,463 695,471 738,450 734,409 700,410 635,369 594,397 527,367 486,407 456,418"/>
                <Baseline points="468,471 494,469 520,465 546,462 573,459 599,456 625,454 652,452 678,451 704,450 731,452"/>
                <TextEquiv>
                    <Unicode>Holliger</Unicode>
                </TextEquiv>
            </TextLine>
            <TextLine id="r1l3" custom="readingOrder {index:2;} person {offset:0; length:5; continued:true;}">
                <Coords points="476,591 492,590 524,562 560,557 589,570 627,544 662,554 697,543 693,496 672,508 658,500 638,506 619,492 607,499 569,486 550,496 511,469 498,481 488,474 468,479"/>
                <Baseline points="482,557 507,554 533,551 559,547 585,545 611,543 637,542 663,542 689,543"/>
                <TextEquiv>
                    <Unicode>Jacob.</Unicode>
                </TextEquiv>
            </TextLine>
            <TextLine id="r1l4" custom="readingOrder {index:3;} person {offset:0; length:5; continued:true;}">
                <Coords points="474,1364 487,1363 509,1378 519,1373 535,1380 553,1379 582,1369 596,1371 621,1344 634,1344 632,1304 605,1308 563,1272 548,1270 522,1285 502,1278 487,1291 472,1291"/>
                <Baseline points="482,1364 510,1362 539,1361 568,1361 597,1359 626,1358"/>
                <TextEquiv>
                    <Unicode>Pieri</Unicode>
                </TextEquiv>
            </TextLine>
            <TextLine id="r1l5" custom="readingOrder {index:4;} person {offset:0; length:5; continued:true;}">
                <Coords points="468,1489 477,1489 504,1463 520,1469 539,1456 550,1460 561,1452 604,1448 625,1457 640,1449 639,1418 624,1418 616,1411 585,1418 574,1408 548,1408 499,1369 474,1394 464,1395"/>
                <Baseline points="474,1449 500,1447 526,1446 553,1445 579,1445 605,1443 632,1442"/>
                <TextEquiv>
                    <Unicode>Jacob</Unicode>
                </TextEquiv>
            </TextLine>
            <TextLine id="r1l6" custom="readingOrder {index:5;} person {offset:0; length:8; continued:true;}">
                <Coords points="444,1542 623,1545 669,1581 749,1570 750,1488 730,1488 703,1466 654,1494 596,1464 543,1504 446,1465"/>
                <Baseline points="452,1539 478,1538 504,1538 530,1538 557,1536 583,1536 609,1536 635,1536 662,1538 688,1540 714,1542 741,1545"/>
                <TextEquiv>
                    <Unicode>Anderegg</Unicode>
                </TextEquiv>
            </TextLine>
            <TextLine id="r1l7" custom="readingOrder {index:6;} person {offset:0; length:9; continued:true;}">
                <Coords points="455,1653 515,1656 538,1672 592,1655 628,1622 675,1642 729,1625 726,1556 678,1584 624,1546 588,1567 566,1566 536,1542 452,1585"/>
                <Baseline points="462,1632 488,1628 514,1626 540,1624 566,1623 592,1622 618,1622 644,1620 670,1619 696,1617 722,1616"/>
                <TextEquiv>
                    <Unicode>Christina</Unicode>
                </TextEquiv>
            </TextLine>
            <TextLine id="r1l8" custom="readingOrder {index:7;}">
                <Coords points="477,2779 500,2786 525,2774 558,2801 582,2787 626,2791 673,2778 726,2785 729,2652 712,2661 635,2634 598,2645 532,2631 479,2658"/>
                <Baseline points="485,2772 511,2771 537,2769 563,2769 589,2769 615,2771 641,2772 667,2772 693,2774 719,2775"/>
                <TextEquiv>
                    <Unicode>Obidem</Unicode>
                </TextEquiv>
            </TextLine>
            <TextEquiv>
                <Unicode>56.&#13;
Holliger&#13;
Jacob.&#13;
Pieri&#13;
Jacob&#13;
Anderegg&#13;
Christina&#13;
Obidem</Unicode>
            </TextEquiv>
        </TextRegion>
        <TextRegion orientation="0.0" id="r2" custom="readingOrder {index:1;}">
            <Coords points="806,237 806,2805 2063,2805 2063,237"/>
            <TextLine id="r2l1" custom="readingOrder {index:0;} place {offset:0; length:6;}">
                <Coords points="818,294 1037,324 1274,274 1450,325 1832,293 1932,354 2044,316 2045,279 1938,223 1876,250 1668,201 1596,237 1179,170 1064,233 978,189 863,257 819,226"/>
                <Baseline points="825,282 885,282 946,282 1006,281 1067,279 1128,279 1188,278 1249,278 1309,276 1370,276 1431,276 1491,277 1552,278 1612,280 1673,282 1734,286 1794,289 1855,295 1915,301 1976,307 2037,317"/>
                <TextEquiv>
                    <Unicode>Lütwyl. Wir haben auch in Antwort auf Eüwer</Unicode>
                </TextEquiv>
            </TextLine>
            <TextLine id="r2l2" custom="readingOrder {index:1;}">
                <Coords points="826,384 878,421 933,386 1388,376 1455,423 1585,377 1743,441 1808,391 2036,398 1984,323 1876,357 1760,299 1390,344 1240,295 1089,348 827,301"/>
                <Baseline points="834,377 893,377 953,376 1013,375 1072,374 1132,374 1192,372 1251,372 1311,371 1371,371 1431,371 1490,371 1550,372 1610,373 1669,374 1729,378 1789,380 1848,383 1908,387 1968,393 2028,399"/>
                <TextEquiv>
                    <Unicode>Schreiben, und darinn enthaltene begehren deß</Unicode>
                </TextEquiv>
            </TextLine>
            <TextLine id="r2l4" custom="readingOrder {index:2;} person {offset:0; length:15;} place {offset:20; length:10;}">
                <Coords points="835,508 1362,458 1437,507 1774,475 1824,515 2057,531 2058,465 1934,419 1873,449 1532,401 1356,441 1299,395 1100,381 836,442"/>
                <Baseline points="843,467 903,467 963,467 1023,467 1084,465 1144,465 1204,464 1265,462 1325,462 1385,462 1446,462 1506,462 1566,464 1626,465 1687,467 1747,470 1807,473 1868,478 1928,483 1988,490 2049,497"/>
                <TextEquiv>
                    <Unicode>Jacob Holligers von Bonischwyl Eüwers Angehörigen,</Unicode>
                </TextEquiv>
            </TextLine>
            <TextLine id="r2l5" custom="readingOrder {index:3;}">
                <Coords points="829,586 904,610 1181,554 1329,608 1384,556 1509,542 2060,601 2023,518 1860,502 1795,533 1508,486 1240,531 1054,490 829,511"/>
                <Baseline points="837,558 897,557 958,557 1019,555 1080,554 1140,552 1201,551 1262,549 1323,549 1383,548 1444,548 1505,546 1566,547 1626,548 1687,549 1748,551 1809,552 1869,556 1930,561 1991,565 2052,572"/>
                <TextEquiv>
                    <Unicode>welcher von seinem Eheweib verrüefft und gescheiden</Unicode>
                </TextEquiv>
            </TextLine>
            <TextLine id="r2l6" custom="readingOrder {index:4;}">
                <Coords points="829,654 1289,635 1329,675 1389,639 1743,631 2063,673 2063,607 1825,612 1771,562 1714,599 1372,579 1301,611 1209,565 971,612 829,559"/>
                <Baseline points="837,638 897,638 958,636 1019,636 1080,635 1141,633 1202,632 1263,630 1324,629 1385,627 1446,626 1506,626 1567,626 1628,626 1689,628 1750,630 1811,633 1872,638 1933,644 1994,650 2055,659"/>
                <TextEquiv>
                    <Unicode>worden, und dißmahlen wiederum die Landesöff¬</Unicode>
                </TextEquiv>
            </TextLine>
            <TextLine id="r2l7" custom="readingOrder {index:5;}">
                <Coords points="821,745 1133,724 1216,758 1432,702 2044,738 2044,669 1961,656 1881,687 1647,640 1429,640 1336,685 1287,651 1113,684 1032,647 947,683 821,658"/>
                <Baseline points="828,717 888,716 948,716 1009,714 1069,714 1130,711 1190,711 1251,708 1311,708 1372,707 1432,705 1492,705 1553,705 1613,705 1674,707 1734,709 1795,712 1855,715 1916,720 1976,725 2037,732"/>
                <TextEquiv>
                    <Unicode>nung begehrt, hiemit verdeüten wollen, daß</Unicode>
                </TextEquiv>
            </TextLine>
            <TextLine id="r2l8" custom="readingOrder {index:6;}">
                <Coords points="813,834 899,797 1181,847 1365,791 1441,828 1542,790 1825,831 2045,808 1992,762 1741,730 1621,756 1476,719 1321,764 1167,736 1076,773 813,749"/>
                <Baseline points="821,795 881,795 942,794 1003,794 1064,792 1125,791 1185,791 1246,789 1307,788 1368,786 1429,786 1489,786 1550,786 1611,786 1672,786 1733,788 1793,789 1854,793 1915,797 1976,801 2037,806"/>
                <TextEquiv>
                    <Unicode>diesere Gnad ihme zuertheillen weder unßren</Unicode>
                </TextEquiv>
            </TextLine>
            <TextLine id="r2l9" custom="readingOrder {index:7;}">
                <Coords points="831,902 1024,911 1093,869 1173,911 1554,867 2030,896 2030,861 1870,807 1020,845 900,795 831,836"/>
                <Baseline points="839,876 898,875 957,875 1016,873 1075,872 1134,872 1193,870 1253,869 1312,867 1371,866 1430,866 1489,864 1548,864 1607,864 1667,864 1726,864 1785,866 1844,867 1903,870 1962,873 2022,876"/>
                <TextEquiv>
                    <Unicode>Fori noch Competenz, sonderen Er deßtwegen</Unicode>
                </TextEquiv>
            </TextLine>
            <TextLine id="r2l10" custom="readingOrder {index:8;} organization {offset:36; length:6;}">
                <Coords points="820,1001 1108,957 1174,1011 1315,952 1471,994 1606,962 1662,1005 1751,952 2056,973 2055,902 1615,932 1457,874 1386,915 1330,882 1164,915 1115,877 820,930"/>
                <Baseline points="828,960 889,960 950,960 1011,960 1072,959 1133,957 1194,956 1255,956 1316,954 1377,953 1438,951 1499,951 1560,950 1621,950 1682,951 1743,951 1804,953 1865,955 1926,958 1987,962 2048,966"/>
                <TextEquiv>
                    <Unicode>sich bey Unsere gnädigen Herren den Rähten anzumelden haben</Unicode>
                </TextEquiv>
            </TextLine>
            <TextLine id="r2l11" custom="readingOrder {index:9;}">
                <Coords points="826,1053 1076,1082 1151,1044 1243,1093 1623,1034 1771,1082 1906,1043 1977,1073 2023,1056 2023,992 1918,964 1858,1006 1661,1005 1401,965 1330,1000 826,1004"/>
                <Baseline points="833,1044 892,1043 951,1041 1010,1040 1069,1038 1128,1038 1187,1037 1246,1035 1305,1034 1364,1034 1424,1032 1483,1032 1542,1031 1601,1031 1660,1031 1719,1031 1778,1032 1837,1032 1896,1034 1955,1035 2015,1037"/>
                <TextEquiv>
                    <Unicode>solle; welches ihr ihme zuseiner wegweisung</Unicode>
                </TextEquiv>
            </TextLine>
            <TextLine id="r2l12" custom="readingOrder {index:10;}">
                <Coords points="836,1156 1000,1124 1360,1167 1451,1121 1653,1175 1747,1135 2011,1130 2011,1077 1879,1097 1684,1050 1474,1094 1427,1061 1334,1096 836,1071"/>
                <Baseline points="843,1119 901,1119 959,1118 1017,1118 1075,1118 1133,1118 1191,1118 1249,1118 1307,1118 1365,1118 1423,1118 1481,1118 1539,1118 1597,1118 1655,1119 1713,1119 1771,1121 1829,1121 1887,1122 1945,1124 2004,1125"/>
                <TextEquiv>
                    <Unicode>verdeüten zulaßen hiermit befelchert werdet.</Unicode>
                </TextEquiv>
            </TextLine>
            <TextLine id="r2l13" custom="readingOrder {index:11;} place {offset:0; length:10;}">
                <Coords points="815,1295 915,1276 1021,1325 1172,1269 1251,1326 1392,1271 1431,1300 1478,1266 2001,1268 1901,1169 1846,1212 1621,1168 1529,1209 1339,1174 1164,1210 971,1145 815,1163"/>
                <Baseline points="822,1271 880,1269 939,1268 997,1266 1056,1265 1115,1265 1173,1263 1232,1263 1290,1262 1349,1262 1408,1262 1466,1262 1525,1262 1583,1262 1642,1262 1701,1263 1759,1263 1818,1263 1876,1263 1935,1263 1994,1265"/>
                <TextEquiv>
                    <Unicode>Oberhaasli. Nachdemme Wir den Casum</Unicode>
                </TextEquiv>
            </TextLine>
            <TextLine id="r2l14" custom="readingOrder {index:12;} person {offset:4; length:12;} place {offset:21; length:7;} place {offset:32; length:10;}">
                <Coords points="836,1403 946,1414 1031,1366 1148,1409 1457,1359 1650,1396 1716,1363 1916,1402 2045,1375 2045,1295 1934,1323 1862,1280 1256,1337 1165,1282 1057,1334 836,1291"/>
                <Baseline points="843,1361 902,1361 962,1362 1022,1362 1081,1362 1141,1362 1201,1362 1260,1362 1320,1362 1380,1361 1440,1361 1499,1361 1559,1361 1619,1361 1678,1361 1738,1361 1798,1361 1857,1361 1917,1362 1977,1362 2037,1364"/>
                <TextEquiv>
                    <Unicode>deß Jacob Pieris von Oberwyl im Simmenthal,</Unicode>
                </TextEquiv>
            </TextLine>
            <TextLine id="r2l15" custom="readingOrder {index:13;}">
                <Coords points="820,1495 1023,1448 1370,1492 1610,1450 1934,1483 2035,1452 2035,1413 1953,1381 1861,1424 1687,1368 1443,1426 1367,1386 1115,1426 819,1369"/>
                <Baseline points="827,1449 887,1449 947,1449 1007,1449 1067,1449 1127,1448 1187,1448 1247,1448 1307,1446 1367,1446 1427,1446 1487,1445 1547,1445 1607,1445 1667,1445 1727,1445 1787,1445 1847,1446 1907,1447 1967,1448 2027,1449"/>
                <TextEquiv>
                    <Unicode>welches Unßere seeligmachende Religion abge¬</Unicode>
                </TextEquiv>
            </TextLine>
            <TextLine id="r2l16" custom="readingOrder {index:14;} person {offset:29; length:16; continued:true;}">
                <Coords points="830,1591 1065,1535 1272,1582 1584,1529 1676,1578 1870,1529 1993,1547 2041,1476 1835,1506 1613,1449 1555,1497 1392,1503 1301,1457 830,1514"/>
                <Baseline points="837,1535 896,1533 956,1532 1016,1531 1076,1530 1136,1530 1196,1529 1255,1529 1315,1527 1375,1527 1435,1527 1495,1527 1555,1527 1615,1527 1674,1527 1734,1527 1794,1527 1854,1529 1914,1529 1974,1530 2034,1530"/>
                <TextEquiv>
                    <Unicode>schwohren, und dißmahlen die Christina Ander¬</Unicode>
                </TextEquiv>
            </TextLine>
            <TextLine id="r2l17" custom="readingOrder {index:15;} person {offset:0; length:3; continued:true;}">
                <Coords points="798,1645 958,1662 1039,1621 1252,1665 1476,1607 1557,1654 1635,1610 1754,1660 1810,1618 2029,1628 2028,1545 1875,1588 1662,1581 1617,1540 1524,1584 1333,1550 1258,1591 979,1563 797,1594"/>
                <Baseline points="806,1622 866,1620 927,1620 988,1619 1049,1617 1109,1616 1170,1614 1231,1614 1292,1613 1352,1613 1413,1611 1474,1611 1535,1610 1595,1610 1656,1610 1717,1610 1778,1610 1838,1610 1899,1610 1960,1610 2021,1610"/>
                <TextEquiv>
                    <Unicode>egg Eüwere Angehörige, welche er geschwängeret,</Unicode>
                </TextEquiv>
            </TextLine>
            <TextLine id="r2l18" custom="readingOrder {index:16;} organization {offset:52; length:6;}">
                <Coords points="831,1773 1133,1705 1222,1764 1399,1708 1545,1750 1679,1698 1879,1735 2010,1705 2010,1671 1941,1632 1777,1663 1641,1616 1555,1654 1347,1629 1245,1681 1095,1642 829,1669"/>
                <Baseline points="837,1710 895,1710 953,1710 1011,1709 1070,1709 1128,1707 1186,1707 1245,1704 1303,1704 1361,1701 1420,1700 1478,1698 1536,1697 1594,1695 1653,1694 1711,1692 1769,1692 1828,1691 1886,1691 1944,1691 2003,1691"/>
                <TextEquiv>
                    <Unicode>zuehelichen begehrt etc. Unsere gnädigen Herren den Rähten</Unicode>
                </TextEquiv>
            </TextLine>
            <TextLine id="r2l19" custom="readingOrder {index:17;}">
                <Coords points="825,1808 1955,1782 2071,1819 2070,1752 1969,1714 1874,1753 1772,1698 1553,1700 1486,1747 1390,1718 1285,1771 1167,1722 1050,1773 950,1729 825,1774"/>
                <Baseline points="833,1797 894,1797 956,1796 1017,1794 1079,1794 1140,1793 1202,1791 1263,1790 1325,1788 1386,1787 1448,1785 1509,1784 1571,1784 1632,1782 1694,1782 1755,1781 1817,1779 1878,1779 1940,1779 2001,1779 2063,1779"/>
                <TextEquiv>
                    <Unicode>vortragen laßen, haben halb die selben unteren</Unicode>
                </TextEquiv>
            </TextLine>
            <TextLine id="r2l20" custom="readingOrder {index:18;} date {offset:4; length:5;}">
                <Coords points="829,1882 1065,1924 1135,1880 1303,1874 1578,1873 1639,1908 1761,1869 1888,1906 2017,1873 2016,1807 1485,1830 1432,1791 1356,1852 1294,1796 1182,1838 976,1799 828,1846"/>
                <Baseline points="836,1884 894,1883 953,1881 1011,1880 1070,1879 1129,1878 1187,1877 1246,1875 1305,1874 1363,1874 1422,1872 1481,1871 1539,1871 1598,1869 1657,1869 1715,1869 1774,1868 1833,1868 1891,1868 1950,1866 2009,1866"/>
                <TextEquiv>
                    <Unicode>6ten Curr hierüber erkennt; daß obgleich Ihr</Unicode>
                </TextEquiv>
            </TextLine>
            <TextLine id="r2l21" custom="readingOrder {index:19;} person {offset:23; length:5;}">
                <Coords points="833,1988 1006,2014 1082,1962 1308,1969 1383,2014 1448,1966 1667,1994 2054,1921 1817,1911 1765,1870 1631,1933 1484,1884 1414,1926 1298,1889 1206,1928 1013,1889 832,1911"/>
                <Baseline points="840,1970 900,1966 960,1964 1020,1962 1081,1961 1141,1959 1201,1958 1262,1956 1322,1955 1382,1955 1443,1953 1503,1953 1563,1953 1623,1952 1684,1952 1744,1950 1804,1949 1865,1949 1925,1947 1985,1946 2046,1944"/>
                <TextEquiv>
                    <Unicode>Gnädigen Herren diesen Pieri alt einen frömbden an¬</Unicode>
                </TextEquiv>
            </TextLine>
            <TextLine id="r2l22" custom="readingOrder {index:20;}">
                <Coords points="821,2111 927,2055 1187,2051 1293,2092 1355,2044 1507,2084 1735,2036 1882,2072 2020,2053 2019,2007 1623,1971 1379,2015 1098,1960 968,2022 818,1983"/>
                <Baseline points="827,2054 886,2051 945,2050 1004,2048 1064,2047 1123,2046 1182,2045 1241,2043 1301,2042 1360,2040 1419,2040 1478,2039 1538,2037 1597,2036 1656,2034 1715,2033 1775,2033 1834,2031 1893,2030 1952,2028 2012,2027"/>
                <TextEquiv>
                    <Unicode>sehen, sie dennoch zwar wohl zugeben mögen,</Unicode>
                </TextEquiv>
            </TextLine>
            <TextLine id="r2l23" custom="readingOrder {index:21;} person {offset:16; length:8;}">
                <Coords points="818,2193 918,2147 981,2187 1097,2146 1168,2185 1270,2134 1455,2129 1573,2183 1798,2123 1934,2150 2062,2120 2061,2052 1956,2100 1688,2049 1562,2108 1420,2058 1289,2095 1182,2055 1102,2116 815,2111"/>
                <Baseline points="824,2150 885,2146 947,2144 1008,2141 1070,2138 1131,2136 1193,2135 1254,2133 1316,2132 1377,2130 1439,2129 1500,2127 1562,2126 1623,2124 1685,2123 1746,2121 1808,2120 1869,2118 1931,2117 1992,2114 2054,2111"/>
                <TextEquiv>
                    <Unicode>daß er gedachte Anderegg ehelichen möge, al¬</Unicode>
                </TextEquiv>
            </TextLine>
            <TextLine id="r2l24" custom="readingOrder {index:22;}">
                <Coords points="820,2233 1771,2233 2014,2214 2045,2147 1760,2138 1492,2198 1404,2141 1348,2186 1255,2137 1149,2205 1018,2164 820,2212"/>
                <Baseline points="828,2232 888,2231 949,2229 1009,2228 1070,2226 1130,2225 1191,2223 1251,2222 1312,2220 1372,2217 1433,2216 1494,2215 1554,2213 1615,2211 1675,2210 1736,2207 1796,2205 1857,2204 1917,2201 1978,2199 2039,2198"/>
                <TextEquiv>
                    <Unicode>les aber in dem verstand, daß allsobald da¬</Unicode>
                </TextEquiv>
            </TextLine>
            <TextLine id="r2l25" custom="readingOrder {index:23;}">
                <Coords points="822,2313 901,2351 1142,2301 1320,2341 1388,2300 1772,2292 1824,2331 1920,2285 2008,2302 2007,2259 1743,2211 1574,2276 1482,2232 1412,2274 1169,2228 1055,2277 986,2246 821,2269"/>
                <Baseline points="830,2309 888,2307 947,2304 1005,2303 1064,2301 1122,2300 1181,2300 1239,2298 1298,2298 1356,2297 1415,2296 1473,2295 1532,2294 1590,2293 1649,2291 1707,2290 1766,2288 1824,2286 1883,2283 1941,2280 2000,2276"/>
                <TextEquiv>
                    <Unicode>raufhin der Vatter samt dem Kind fürth und</Unicode>
                </TextEquiv>
            </TextLine>
            <TextLine id="r2l26" custom="readingOrder {index:24;}">
                <Coords points="836,2422 1965,2359 2013,2392 2045,2276 1826,2333 1773,2291 1637,2332 1577,2298 1499,2352 1402,2308 1347,2356 1151,2302 1054,2358 987,2319 922,2353 833,2329"/>
                <Baseline points="843,2390 902,2387 962,2385 1022,2384 1082,2382 1142,2381 1201,2379 1261,2378 1321,2376 1381,2375 1441,2373 1500,2372 1560,2370 1620,2369 1680,2367 1740,2364 1799,2362 1859,2360 1919,2357 1979,2355 2039,2351"/>
                <TextEquiv>
                    <Unicode>auß dem Land gewiesen werden, und in dem einten</Unicode>
                </TextEquiv>
            </TextLine>
            <TextLine id="r2l27" custom="readingOrder {index:25;}">
                <Coords points="835,2475 1346,2460 1395,2491 1589,2446 1630,2483 1692,2444 2006,2438 2058,2415 2057,2367 1800,2367 1758,2409 1403,2383 1257,2434 1210,2405 1088,2435 1030,2388 886,2445 833,2421"/>
                <Baseline points="842,2465 902,2463 962,2462 1023,2460 1083,2459 1144,2457 1204,2456 1265,2454 1325,2453 1386,2450 1446,2448 1506,2446 1567,2444 1627,2441 1688,2438 1748,2435 1809,2432 1869,2429 1930,2424 1990,2421 2051,2417"/>
                <TextEquiv>
                    <Unicode>wir in dem anderen fahl von Eüch getrachtet werden,</Unicode>
                </TextEquiv>
            </TextLine>
            <TextLine id="r2l28" custom="readingOrder {index:26;}">
                <Coords points="834,2548 1107,2542 1182,2581 1373,2530 1441,2575 1488,2535 1899,2549 2059,2507 1981,2441 1902,2476 1830,2443 1630,2483 1531,2453 1415,2498 1344,2460 1167,2510 1075,2475 1015,2516 833,2500"/>
                <Baseline points="842,2543 902,2541 962,2538 1023,2537 1083,2535 1144,2532 1204,2531 1265,2529 1325,2527 1386,2525 1446,2523 1506,2520 1567,2518 1627,2516 1688,2513 1748,2511 1809,2508 1869,2505 1930,2501 1990,2499 2051,2495"/>
                <TextEquiv>
                    <Unicode>solle, er heüwrahte oder nicht, daß er das erzeüge¬</Unicode>
                </TextEquiv>
            </TextLine>
            <TextLine id="r2l29" custom="readingOrder {index:27;}">
                <Coords points="832,2618 1422,2595 1515,2651 1596,2597 2060,2595 2069,2513 1637,2569 1575,2527 1440,2576 829,2550"/>
                <Baseline points="840,2616 901,2615 962,2613 1023,2612 1084,2611 1145,2610 1206,2609 1268,2606 1329,2604 1390,2603 1451,2600 1512,2598 1573,2595 1634,2593 1696,2589 1757,2586 1818,2582 1879,2578 1940,2573 2001,2568 2063,2562"/>
                <TextEquiv>
                    <Unicode>te Kind übernehmme und verpflege; deßen nun haben,</Unicode>
                </TextEquiv>
            </TextLine>
            <TextLine id="r2l30" custom="readingOrder {index:28;}">
                <Coords points="844,2738 984,2735 1095,2678 1212,2722 1278,2665 1390,2704 1769,2653 1602,2598 1502,2643 1419,2595 1374,2626 1199,2605 933,2657 882,2623 840,2651"/>
                <Baseline points="849,2685 894,2684 940,2681 985,2679 1031,2677 1077,2675 1122,2673 1168,2670 1213,2669 1259,2667 1305,2666 1350,2663 1396,2661 1441,2660 1487,2658 1533,2657 1578,2657 1624,2655 1669,2654 1715,2653 1761,2652"/>
                <TextEquiv>
                    <Unicode>Wir Eüch hierdurch berichten wollen.</Unicode>
                </TextEquiv>
            </TextLine>
            <TextLine id="r2l31" custom="readingOrder {index:29;} place {offset:0; length:7;} place {offset:11; length:10;}">
                <Coords points="836,2825 935,2789 1070,2844 1295,2782 1431,2826 1583,2787 1670,2830 1732,2781 1881,2828 2070,2731 1871,2685 1773,2735 1599,2673 1406,2738 1303,2672 1220,2737 1153,2702 1100,2746 833,2688"/>
                <Baseline points="843,2786 904,2786 965,2786 1026,2786 1087,2786 1148,2784 1209,2784 1270,2784 1331,2783 1392,2781 1453,2781 1514,2779 1575,2777 1636,2775 1697,2774 1758,2772 1819,2768 1880,2766 1941,2763 2002,2760 2063,2756"/>
                <TextEquiv>
                    <Unicode>Oberwyl im Simmenthal sie deßen berichten</Unicode>
                </TextEquiv>
            </TextLine>
            <TextEquiv>
                <Unicode>Lütwyl. Wir haben auch in Antwort auf Eüwer
Schreiben, und darinn enthaltene begehren deß
Jacob Holligers von Bonischwyl Eüwers Angehörigen,
welcher von seinem Eheweib verrüefft und gescheiden
worden, und dißmahlen wiederum die Landesöff¬
nung begehrt, hiemit verdeüten wollen, daß
diesere Gnad ihme zuertheillen weder unßren
Fori noch Competenz, sonderen Er deßtwegen
sich bey Unsere gnädigen Herren den Rähten anzumelden haben
solle; welches ihr ihme zuseiner wegweisung
verdeüten zulaßen hiermit befelchert werdet.
Oberhaasli. Nachdemme Wir den Casum
deß Jacob Pieris von Oberwyl im Simmenthal,
welches Unßere seeligmachende Religion abge¬
schwohren, und dißmahlen die Christina Ander¬
egg Eüwere Angehörige, welche er geschwängeret,
zuehelichen begehrt etc. Unsere gnädigen Herren den Rähten
vortragen laßen, haben halb die selben unteren
6ten Curr hierüber erkennt; daß obgleich Ihr
Gnädigen Herren diesen Pieri alt einen frömbden an¬
sehen, sie dennoch zwar wohl zugeben mögen,
daß er gedachte Anderegg ehelichen möge, al¬
les aber in dem verstand, daß allsobald da¬
raufhin der Vatter samt dem Kind fürth und
auß dem Land gewiesen werden, und in dem einten
wir in dem anderen fahl von Eüch getrachtet werden,
solle, er heüwrahte oder nicht, daß er das erzeüge¬
te Kind übernehmme und verpflege; deßen nun haben,
Wir Eüch hierdurch berichten wollen.
Oberwyl im Simmenthal sie deßen berichten</Unicode>
            </TextEquiv>
        </TextRegion>
        <TextRegion orientation="0.0" id="r3" custom="readingOrder {index:2;}">
            <Coords points="2189,407 2189,1869 2517,1869 2517,407"/>
            <TextLine id="r3l1" custom="readingOrder {index:0;} person {offset:0; length:9; continued:true;}">
                <Coords points="2185,499 2279,472 2322,496 2336,480 2361,489 2413,447 2472,449 2463,372 2433,381 2392,349 2368,349 2347,374 2320,381 2283,374 2257,354 2172,401"/>
                <Baseline points="2190,477 2215,474 2240,469 2265,464 2290,461 2315,457 2340,452 2365,449 2390,446 2415,444 2440,443 2465,443"/>
                <TextEquiv>
                    <Unicode>Schaffner</Unicode>
                </TextEquiv>
            </TextLine>
            <TextLine id="r3l2" custom="readingOrder {index:1;} person {offset:0; length:9; continued:true;}">
                <Coords points="2193,585 2220,558 2250,545 2277,557 2354,530 2439,528 2426,446 2401,453 2359,492 2335,482 2320,495 2287,474 2275,487 2241,478 2225,482 2202,512 2182,516"/>
                <Baseline points="2195,551 2221,547 2247,544 2273,540 2299,535 2325,531 2351,527 2377,523 2403,518 2429,515"/>
                <TextEquiv>
                    <Unicode>Elisabeth</Unicode>
                </TextEquiv>
            </TextLine>
            <TextLine id="r3l3" custom="readingOrder {index:2;} person {offset:0; length:9; continued:true;}">
                <Coords points="2184,675 2220,648 2245,650 2286,672 2342,637 2399,629 2420,638 2437,628 2430,565 2350,529 2298,573 2257,545 2243,557 2225,556 2176,604"/>
                <Baseline points="2189,647 2215,643 2242,638 2269,635 2295,631 2322,627 2349,626 2375,623 2402,621 2429,620"/>
                <TextEquiv>
                    <Unicode>Schaffner</Unicode>
                </TextEquiv>
            </TextLine>
            <TextLine id="r3l4" custom="readingOrder {index:3;} person {offset:0; length:5; continued:true;}">
                <Coords points="2196,749 2208,748 2243,721 2277,730 2299,711 2358,710 2347,616 2333,622 2290,671 2267,675 2215,652 2186,673"/>
                <Baseline points="2199,717 2224,716 2249,713 2274,708 2299,705 2324,702 2349,702"/>
                <TextEquiv>
                    <Unicode>Jacob</Unicode>
                </TextEquiv>
            </TextLine>
            <TextLine id="r3l5" custom="readingOrder {index:4;} place {offset:0; length:9;}">
                <Coords points="2188,1467 2388,1452 2410,1462 2467,1443 2522,1454 2516,1352 2493,1361 2458,1348 2401,1374 2330,1361 2309,1383 2284,1373 2265,1382 2237,1358 2182,1361"/>
                <Baseline points="2196,1458 2222,1456 2248,1453 2275,1451 2301,1449 2328,1448 2354,1446 2380,1445 2407,1444 2433,1442 2460,1440 2486,1438 2513,1436"/>
                <TextEquiv>
                    <Unicode>Melchnaur</Unicode>
                </TextEquiv>
            </TextLine>
            <TextLine id="r3l6" custom="readingOrder {index:5;} organization {offset:4; length:7;}">
                <Coords points="2185,1539 2263,1528 2317,1551 2356,1526 2446,1519 2526,1531 2521,1460 2478,1485 2438,1470 2386,1488 2341,1463 2292,1477 2228,1462 2183,1500"/>
                <Baseline points="2192,1532 2217,1530 2242,1529 2267,1527 2292,1525 2317,1524 2342,1522 2367,1520 2392,1519 2417,1516 2442,1515 2467,1514 2492,1514 2517,1512"/>
                <TextEquiv>
                    <Unicode>die Gemeind</Unicode>
                </TextEquiv>
            </TextLine>
            <TextLine id="r3l7" custom="readingOrder {index:6;} person {offset:0; length:10; continued:true;}">
                <Coords points="2191,1635 2341,1615 2395,1622 2432,1656 2459,1656 2510,1619 2505,1537 2445,1552 2357,1526 2317,1550 2261,1527 2186,1555"/>
                <Baseline points="2198,1622 2223,1619 2248,1617 2274,1614 2299,1612 2324,1611 2350,1610 2375,1608 2400,1607 2426,1606 2451,1605 2476,1604 2502,1602"/>
                <TextEquiv>
                    <Unicode>Schultheiß</Unicode>
                </TextEquiv>
            </TextLine>
            <TextLine id="r3l8" custom="readingOrder {index:7;} person {offset:0; length:5; continued:true;}">
                <Coords points="2200,1741 2246,1701 2263,1707 2295,1688 2310,1696 2322,1689 2333,1696 2375,1692 2367,1617 2342,1631 2336,1627 2305,1657 2291,1647 2280,1653 2254,1632 2234,1626 2192,1663"/>
                <Baseline points="2204,1697 2231,1694 2258,1690 2285,1688 2312,1685 2339,1683 2366,1682"/>
                <TextEquiv>
                    <Unicode>Jacob</Unicode>
                </TextEquiv>
            </TextLine>
            <TextLine id="r3l9" custom="readingOrder {index:8;} person {offset:0; length:10; continued:true;}">
                <Coords points="2221,1786 2261,1772 2287,1785 2324,1773 2404,1783 2427,1769 2469,1786 2490,1772 2519,1776 2518,1685 2468,1702 2401,1692 2387,1680 2333,1730 2303,1707 2243,1702 2219,1718"/>
                <Baseline points="2229,1776 2254,1774 2280,1772 2306,1770 2332,1769 2358,1768 2383,1767 2409,1766 2435,1766 2461,1766 2487,1766 2513,1766"/>
                <TextEquiv>
                    <Unicode>Burckhardt</Unicode>
                </TextEquiv>
            </TextLine>
            <TextLine id="r3l10" custom="readingOrder {index:9;} person {offset:0; length:7; continued:true;}">
                <Coords points="2208,1898 2248,1893 2273,1905 2322,1873 2355,1873 2376,1860 2384,1866 2415,1850 2465,1862 2461,1773 2415,1776 2396,1790 2375,1775 2311,1795 2278,1784 2231,1825 2205,1834"/>
                <Baseline points="2214,1851 2240,1849 2267,1847 2294,1845 2321,1844 2348,1842 2375,1841 2402,1841 2429,1841 2456,1839"/>
                <TextEquiv>
                    <Unicode>Elßbeth.</Unicode>
                </TextEquiv>
            </TextLine>
            <TextEquiv>
                <Unicode>Schaffner&#13;
Elisabeth&#13;
Schaffner&#13;
Jacob&#13;
Melchnaur&#13;
die Gemeind&#13;
Schultheiß&#13;
Jacob&#13;
Burckhardt&#13;
Elßbeth.</Unicode>
            </TextEquiv>
        </TextRegion>
        <TextRegion orientation="0.0" id="r4" custom="readingOrder {index:3;}">
            <Coords points="2529,274 2529,2697 3720,2697 3720,274"/>
            <TextLine id="r4l1" custom="readingOrder {index:0;}">
                <Coords points="3553,358 3568,361 3580,356 3599,338 3613,344 3621,339 3643,336 3645,273 3632,276 3628,271 3606,263 3592,268 3572,286 3555,281"/>
                <Baseline points="3561,314 3586,314 3611,314 3636,317"/>
                <TextEquiv>
                    <Unicode>57.</Unicode>
                </TextEquiv>
            </TextLine>
            <TextLine id="r4l2" custom="readingOrder {index:1;} place {offset:0; length:12;}">
                <Coords points="2539,382 3670,413 3672,353 3625,338 3504,360 3361,308 3247,347 3074,272 2828,319 2666,261 2541,341"/>
                <Baseline points="2547,372 2602,371 2658,371 2714,371 2770,371 2826,372 2881,372 2937,374 2993,375 3049,377 3105,379 3160,381 3216,384 3272,386 3328,388 3384,390 3439,393 3495,395 3551,397 3607,399 3663,401"/>
                <TextEquiv>
                    <Unicode>Schintznacht. Über Eüwer Uns zugesandtes</Unicode>
                </TextEquiv>
            </TextLine>
            <TextLine id="r4l3" custom="readingOrder {index:2;} person {offset:31; length:20;}">
                <Coords points="2549,464 2697,466 2738,508 2808,456 2947,447 3048,490 3094,455 3245,456 3294,499 3393,460 3446,493 3688,484 3689,437 3606,403 3268,435 3104,386 2933,432 2881,386 2825,415 2695,380 2550,423"/>
                <Baseline points="2558,458 2614,456 2670,455 2726,452 2782,452 2838,450 2894,450 2950,450 3006,450 3062,450 3119,452 3175,452 3231,453 3287,455 3343,456 3399,458 3455,459 3511,462 3567,464 3623,465 3680,468"/>
                <TextEquiv>
                    <Unicode>bericht schreiben ansehend die Elisabeth Schaffners,</Unicode>
                </TextEquiv>
            </TextLine>
            <TextLine id="r4l4" custom="readingOrder {index:3;} person {offset:17; length:15;}">
                <Coords points="2534,547 2618,576 2771,529 2920,564 3009,525 3116,586 3265,535 3329,575 3382,542 3506,580 3557,532 3652,536 3652,492 3471,509 3397,460 3294,498 3249,457 3095,456 3040,497 2872,457 2737,506 2646,458 2533,498"/>
                <Baseline points="2541,537 2596,534 2651,531 2706,528 2761,527 2816,525 2871,525 2927,524 2982,524 3037,524 3092,524 3147,524 3202,524 3257,524 3313,525 3368,525 3423,525 3478,527 3533,527 3588,527 3644,527"/>
                <TextEquiv>
                    <Unicode>welche wider den Jacob Schaffner ihren Ehemann</Unicode>
                </TextEquiv>
            </TextLine>
            <TextLine id="r4l5" custom="readingOrder {index:4;}">
                <Coords points="2542,638 3079,602 3187,643 3256,608 3302,646 3359,601 3533,641 3574,605 3660,620 3660,541 3542,578 3392,547 3185,581 2541,570"/>
                <Baseline points="2550,612 2605,611 2660,608 2715,606 2770,604 2825,603 2880,601 2936,600 2991,599 3046,597 3101,597 3156,597 3211,596 3266,596 3322,597 3377,597 3432,597 3487,599 3542,600 3597,602 3653,603"/>
                <TextEquiv>
                    <Unicode>Eüweren Angehörigen die scheidigung begehrt,</Unicode>
                </TextEquiv>
            </TextLine>
            <TextLine id="r4l6" custom="readingOrder {index:5;}">
                <Coords points="2530,701 2744,676 2909,729 2990,674 3350,670 3391,706 3503,676 3592,707 3690,648 3593,607 3527,653 3366,610 3302,646 3263,616 3222,652 3114,616 2914,646 2819,605 2530,652"/>
                <Baseline points="2538,692 2595,689 2652,686 2709,683 2767,681 2824,678 2881,676 2938,674 2996,673 3053,672 3110,671 3167,671 3225,669 3282,669 3339,671 3396,671 3454,672 3511,674 3568,675 3625,677 3683,680"/>
                <TextEquiv>
                    <Unicode>wollend Wir Eüch wider antwortlichen auffge¬</Unicode>
                </TextEquiv>
            </TextLine>
            <TextLine id="r4l7" custom="readingOrder {index:6;}">
                <Coords points="2544,771 2959,747 3226,802 3335,741 3582,776 3667,752 3666,701 3471,722 3350,670 3112,681 2987,730 2876,732 2823,690 2680,738 2598,696 2543,722"/>
                <Baseline points="2552,762 2607,760 2662,758 2718,756 2773,753 2828,752 2884,750 2939,749 2994,747 3050,746 3105,744 3160,743 3216,743 3271,741 3326,741 3382,740 3437,740 3492,740 3548,740 3603,741 3659,741"/>
                <TextEquiv>
                    <Unicode>tragen haben, diese beyde Eheleüth nochmahls</Unicode>
                </TextEquiv>
            </TextLine>
            <TextLine id="r4l8" custom="readingOrder {index:7;}">
                <Coords points="2527,843 2685,888 2740,847 2865,878 3035,819 3335,855 3670,822 3669,752 3234,801 2972,763 2776,760 2636,806 2526,780"/>
                <Baseline points="2534,836 2590,833 2646,831 2703,828 2759,827 2816,824 2872,822 2928,821 2985,819 3041,818 3098,816 3154,815 3210,815 3267,813 3323,813 3380,812 3436,812 3492,812 3549,813 3605,813 3662,815"/>
                <TextEquiv>
                    <Unicode>vor Eüch zubescheiden, und zutrachten, die wider</Unicode>
                </TextEquiv>
            </TextLine>
            <TextLine id="r4l9" custom="readingOrder {index:8;}">
                <Coords points="2543,933 2643,954 2715,899 2772,928 2872,900 2958,956 3120,881 3532,926 3703,893 3703,846 3190,831 3102,862 3017,822 2871,877 2541,869"/>
                <Baseline points="2550,911 2607,908 2664,905 2721,902 2779,898 2836,895 2893,893 2951,890 3008,888 3065,887 3123,885 3180,884 3237,882 3294,882 3352,881 3409,881 3466,882 3524,882 3581,884 3638,884 3696,887"/>
                <TextEquiv>
                    <Unicode>versöhnung unter ihnen harzustellen, ohnerhebli¬</Unicode>
                </TextEquiv>
            </TextLine>
            <TextLine id="r4l10" custom="readingOrder {index:9;} date {offset:42; length:3; continued:true;}">
                <Coords points="2523,1042 2794,975 2858,1001 3252,953 3352,1001 3400,960 3691,955 3689,904 3635,889 3534,925 3404,890 3357,929 3280,894 3233,928 3119,883 3048,939 2967,900 2821,941 2715,899 2650,958 2592,930 2521,965"/>
                <Baseline points="2529,984 2586,983 2644,981 2702,977 2759,975 2817,972 2875,970 2932,967 2990,965 3048,963 3106,960 3163,959 3221,957 3279,956 3336,954 3394,954 3452,953 3509,954 3567,954 3625,956 3683,957"/>
                <TextEquiv>
                    <Unicode>chenfahls aber denen selben von heüt über 14.</Unicode>
                </TextEquiv>
            </TextLine>
            <TextLine id="r4l11" custom="readingOrder {index:10;} date {offset:0; length:21; continued:true;}">
                <Coords points="2534,1115 2647,1061 2878,1083 2980,1042 3193,1078 3462,1039 3589,1078 3697,1038 3696,996 3580,1005 3522,965 3161,1005 3034,965 2532,1043"/>
                <Baseline points="2541,1062 2598,1059 2655,1058 2713,1055 2770,1053 2828,1050 2885,1049 2942,1047 3000,1045 3057,1043 3115,1041 3172,1040 3229,1038 3287,1038 3344,1037 3402,1035 3459,1035 3516,1035 3574,1034 3631,1034 3689,1034"/>
                <TextEquiv>
                    <Unicode>Tag als den 24tenCurr: allhier vor uns zu erschei¬</Unicode>
                </TextEquiv>
            </TextLine>
            <TextLine id="r4l12" custom="readingOrder {index:11;}">
                <Coords points="2539,1150 2851,1133 2929,1171 2989,1127 3201,1117 3704,1147 3702,1080 3640,1051 3590,1079 3326,1051 3256,1096 3072,1045 2879,1083 2819,1052 2538,1112"/>
                <Baseline points="2546,1145 2603,1142 2660,1138 2718,1135 2775,1133 2833,1130 2890,1128 2948,1125 3005,1124 3063,1122 3120,1120 3177,1119 3235,1118 3292,1116 3350,1115 3407,1115 3465,1115 3522,1113 3580,1113 3637,1113 3695,1115"/>
                <TextEquiv>
                    <Unicode>nen die förmliche Citation anlegen, und der ihnen</Unicode>
                </TextEquiv>
            </TextLine>
            <TextLine id="r4l13" custom="readingOrder {index:12;}">
                <Coords points="2533,1236 2661,1223 2725,1270 2787,1218 3253,1197 3306,1232 3697,1193 3316,1119 3065,1171 2798,1144 2755,1186 2706,1158 2532,1207"/>
                <Baseline points="2540,1224 2597,1223 2654,1219 2712,1217 2769,1214 2827,1211 2884,1209 2942,1206 2999,1203 3057,1200 3114,1199 3171,1197 3229,1195 3286,1193 3344,1191 3401,1190 3459,1190 3516,1190 3574,1190 3631,1190 3689,1190"/>
                <TextEquiv>
                    <Unicode>angelegten Citation Uns berichten zu laßen.</Unicode>
                </TextEquiv>
            </TextLine>
            <TextLine id="r4l14" custom="readingOrder {index:13;} place {offset:0; length:9;}">
                <Coords points="2546,1383 3661,1313 3658,1264 3567,1244 3306,1293 3046,1218 2925,1288 2729,1309 2605,1241 2539,1249"/>
                <Baseline points="2552,1364 2607,1361 2662,1358 2717,1356 2772,1353 2827,1350 2882,1347 2937,1344 2992,1341 3047,1338 3102,1335 3157,1332 3212,1329 3267,1326 3322,1323 3377,1321 3432,1318 3487,1316 3542,1313 3597,1311 3653,1308"/>
                <TextEquiv>
                    <Unicode>Sumiswald. Wir haben von außdem</Unicode>
                </TextEquiv>
            </TextLine>
            <TextLine id="r4l15" custom="readingOrder {index:14;}">
                <Coords points="2555,1469 2649,1497 2763,1438 2883,1465 3107,1421 3217,1469 3266,1419 3398,1407 3578,1440 3707,1402 3703,1318 3401,1356 3153,1330 3066,1394 2836,1359 2761,1403 2551,1391"/>
                <Baseline points="2561,1445 2617,1443 2674,1439 2731,1436 2788,1433 2845,1430 2902,1427 2958,1424 3015,1420 3072,1417 3129,1415 3186,1412 3243,1408 3300,1406 3356,1403 3413,1400 3470,1398 3527,1395 3584,1392 3641,1390 3698,1388"/>
                <TextEquiv>
                    <Unicode>von Eüch Uns zugesendten Schreiben und beygele¬</Unicode>
                </TextEquiv>
            </TextLine>
            <TextLine id="r4l16" custom="readingOrder {index:15;}">
                <Coords points="2544,1564 2613,1525 2868,1543 3078,1503 3144,1549 3203,1493 3296,1486 3458,1535 3629,1482 3626,1426 3403,1411 3149,1475 3088,1429 3027,1469 2825,1434 2713,1502 2540,1498"/>
                <Baseline points="2550,1527 2603,1524 2657,1521 2710,1517 2764,1515 2817,1511 2871,1508 2924,1505 2978,1502 3031,1499 3085,1496 3138,1494 3192,1490 3245,1487 3299,1484 3352,1481 3406,1479 3459,1476 3513,1473 3566,1470 3620,1467"/>
                <TextEquiv>
                    <Unicode>genem Bericht von dem Herren PfarrHerren. zu</Unicode>
                </TextEquiv>
            </TextLine>
            <TextLine id="r4l17" custom="readingOrder {index:16;} place {offset:0; length:9;} organization {offset:31; length:14; continued:true;} place {offset:39; length:6; continued:true;}">
                <Coords points="2546,1647 2820,1588 2899,1626 2949,1583 3188,1604 3345,1555 3590,1544 3651,1583 3709,1558 3705,1484 3457,1535 3388,1494 3261,1524 3202,1493 3142,1548 2944,1517 2859,1559 2541,1562"/>
                <Baseline points="2552,1604 2609,1601 2666,1596 2724,1592 2781,1589 2839,1586 2896,1583 2954,1580 3011,1576 3069,1573 3126,1570 3183,1567 3241,1564 3298,1561 3356,1557 3413,1554 3471,1553 3528,1548 3586,1546 3643,1542 3701,1539"/>
                <TextEquiv>
                    <Unicode>Melchnaus ersehen, wie daß die Gemeind Melch¬</Unicode>
                </TextEquiv>
            </TextLine>
            <TextLine id="r4l18" custom="readingOrder {index:17;} place {offset:0; length:3; continued:true;} organization {offset:0; length:3; continued:true;} person {offset:21; length:5;}">
                <Coords points="2550,1701 3013,1649 3271,1646 3322,1679 3389,1637 3423,1666 3654,1637 3653,1602 3355,1557 3203,1614 3056,1586 2547,1647"/>
                <Baseline points="2556,1674 2610,1671 2665,1670 2719,1668 2774,1664 2828,1662 2883,1658 2937,1656 2992,1652 3046,1650 3101,1646 3156,1644 3210,1641 3265,1638 3319,1635 3374,1634 3428,1632 3483,1631 3537,1629 3592,1629 3647,1629"/>
                <TextEquiv>
                    <Unicode>nau sich des von dem Jacob Schultheiß von</Unicode>
                </TextEquiv>
            </TextLine>
            <TextLine id="r4l19" custom="readingOrder {index:18;} person {offset:19; length:18;}">
                <Coords points="2573,1765 3110,1726 3183,1771 3292,1720 3366,1769 3461,1709 3531,1758 3692,1712 3690,1677 3508,1642 3444,1677 3393,1640 3317,1702 3188,1647 3078,1685 3014,1648 2846,1715 2570,1691"/>
                <Baseline points="2580,1752 2635,1749 2690,1745 2745,1742 2800,1740 2855,1737 2910,1733 2966,1731 3021,1728 3076,1725 3131,1722 3186,1720 3241,1718 3296,1716 3352,1713 3407,1712 3462,1709 3517,1707 3572,1706 3627,1703 3683,1701"/>
                <TextEquiv>
                    <Unicode>daselbsten mit der Elßbeth Burckhardt Eüwere</Unicode>
                </TextEquiv>
            </TextLine>
            <TextLine id="r4l20" custom="readingOrder {index:19;}">
                <Coords points="2555,1845 2631,1823 2687,1864 2734,1819 2783,1848 2867,1809 2952,1854 3044,1799 3440,1820 3673,1768 3671,1739 3532,1756 3434,1715 3215,1772 3056,1729 2837,1786 2778,1758 2553,1798"/>
                <Baseline points="2562,1829 2617,1823 2672,1818 2727,1815 2782,1810 2837,1807 2892,1803 2948,1800 3003,1797 3058,1794 3113,1791 3168,1788 3223,1786 3278,1784 3334,1781 3389,1779 3444,1776 3499,1773 3554,1771 3609,1767 3665,1764"/>
                <TextEquiv>
                    <Unicode>Angehorigen vorhabenden und würcklich zum</Unicode>
                </TextEquiv>
            </TextLine>
            <TextLine id="r4l21" custom="readingOrder {index:20;}">
                <Coords points="2556,1910 2782,1892 2824,1922 2883,1882 3134,1872 3246,1901 3493,1852 3620,1885 3694,1852 3658,1796 3562,1832 2996,1805 2951,1854 2885,1823 2795,1867 2649,1848 2555,1882"/>
                <Baseline points="2564,1904 2620,1900 2676,1895 2732,1892 2788,1887 2844,1884 2900,1880 2956,1876 3012,1873 3068,1869 3125,1865 3181,1863 3237,1860 3293,1857 3349,1856 3405,1853 3461,1852 3517,1851 3573,1850 3629,1850 3686,1850"/>
                <TextEquiv>
                    <Unicode>drittenmahl verkündeten Ehe opponiere, auß</Unicode>
                </TextEquiv>
            </TextLine>
            <TextLine id="r4l22" custom="readingOrder {index:21;}">
                <Coords points="2549,2022 2642,1975 2715,2004 2956,1957 3021,1998 3082,1958 3116,1987 3181,1939 3673,1947 3670,1886 3569,1903 3518,1861 3429,1896 3372,1859 3283,1916 3055,1875 2545,1931"/>
                <Baseline points="2555,1976 2610,1973 2666,1968 2721,1965 2777,1961 2832,1958 2888,1954 2943,1949 2999,1947 3054,1943 3110,1939 3165,1936 3221,1933 3276,1931 3332,1929 3387,1927 3443,1926 3498,1925 3554,1925 3609,1925 3665,1926"/>
                <TextEquiv>
                    <Unicode>grund, daß dieser Schultheiß in dem Allmosen</Unicode>
                </TextEquiv>
            </TextLine>
            <TextLine id="r4l23" custom="readingOrder {index:22;}">
                <Coords points="2556,2105 2727,2040 3054,2012 3605,2032 3710,2014 3708,1965 3184,1941 3116,1987 2907,1965 2552,2022"/>
                <Baseline points="2561,2048 2618,2043 2675,2040 2732,2036 2789,2031 2846,2028 2903,2024 2960,2019 3017,2015 3074,2012 3131,2009 3188,2004 3245,2003 3302,2000 3359,1998 3416,1997 3473,1995 3530,1995 3587,1996 3644,1998 3701,2000"/>
                <TextEquiv>
                    <Unicode>erzogen worden; weilen wir aber nicht wüsten</Unicode>
                </TextEquiv>
            </TextLine>
            <TextLine id="r4l24" custom="readingOrder {index:23;}">
                <Coords points="2553,2174 2849,2106 2927,2135 3371,2084 3449,2122 3594,2073 3659,2117 3706,2097 3703,2021 3645,2005 3571,2061 3256,2014 2930,2066 2884,2038 2774,2090 2550,2109"/>
                <Baseline points="2559,2124 2618,2121 2678,2118 2738,2114 2798,2111 2858,2106 2918,2103 2978,2099 3038,2096 3098,2093 3158,2089 3218,2087 3278,2084 3338,2081 3398,2079 3458,2078 3518,2076 3578,2076 3638,2076 3698,2078"/>
                <TextEquiv>
                    <Unicode>mögen, ob der selbe das allmosen noch würcklich</Unicode>
                </TextEquiv>
            </TextLine>
            <TextLine id="r4l25" custom="readingOrder {index:24;}">
                <Coords points="2558,2226 3012,2173 3132,2205 3384,2157 3447,2199 3493,2149 3658,2161 3655,2095 3601,2133 3382,2092 3273,2138 3103,2121 3054,2155 2981,2119 2556,2174"/>
                <Baseline points="2564,2201 2618,2197 2672,2194 2726,2190 2781,2186 2835,2182 2889,2180 2944,2175 2998,2172 3052,2170 3107,2167 3161,2165 3215,2162 3269,2160 3324,2158 3378,2156 3432,2154 3487,2153 3541,2151 3595,2151 3650,2150"/>
                <TextEquiv>
                    <Unicode>gewieße, und ob er annoch minderjährig seye, so</Unicode>
                </TextEquiv>
            </TextLine>
            <TextLine id="r4l26" custom="readingOrder {index:25;}">
                <Coords points="2565,2303 3438,2225 3612,2224 3654,2262 3725,2238 3721,2164 3352,2152 3313,2193 3213,2171 3148,2226 3073,2177 2562,2248"/>
                <Baseline points="2571,2280 2628,2276 2685,2273 2742,2267 2800,2264 2857,2259 2914,2256 2971,2253 3029,2249 3086,2245 3143,2241 3200,2238 3258,2235 3315,2233 3372,2231 3429,2229 3487,2228 3544,2226 3601,2226 3658,2226 3716,2226"/>
                <TextEquiv>
                    <Unicode>haben Wir den befelch an die er Ehebahrkeit zu Melch¬</Unicode>
                </TextEquiv>
            </TextLine>
            <TextLine id="r4l27" custom="readingOrder {index:26;}">
                <Coords points="2543,2365 2910,2338 2950,2366 3258,2313 3343,2347 3515,2297 3641,2322 3691,2305 3686,2228 3258,2234 3134,2249 3060,2306 2857,2288 2541,2338"/>
                <Baseline points="2550,2358 2606,2355 2663,2353 2719,2349 2776,2346 2833,2342 2889,2337 2946,2333 3003,2329 3059,2324 3116,2321 3173,2316 3229,2312 3286,2310 3343,2306 3399,2304 3456,2303 3513,2301 3569,2301 3626,2301 3683,2303"/>
                <TextEquiv>
                    <Unicode>manns ergehen laßen, die Vollzüchung dieser Ehe,</Unicode>
                </TextEquiv>
            </TextLine>
            <TextLine id="r4l28" custom="readingOrder {index:27;}">
                <Coords points="2548,2501 2643,2438 2771,2427 2816,2466 2858,2427 2914,2457 3108,2403 3341,2455 3517,2384 3674,2381 3669,2312 3610,2301 3475,2307 3401,2367 3307,2311 3058,2376 2748,2352 2702,2395 2541,2389"/>
                <Baseline points="2552,2441 2607,2439 2663,2435 2719,2432 2774,2427 2830,2424 2886,2418 2941,2415 2997,2410 3053,2405 3109,2401 3164,2396 3220,2393 3276,2389 3331,2386 3387,2384 3443,2382 3498,2381 3554,2381 3610,2381 3666,2384"/>
                <TextEquiv>
                    <Unicode>falls der Schultheiß das Gesetzmäßige alter</Unicode>
                </TextEquiv>
            </TextLine>
            <TextLine id="r4l29" custom="readingOrder {index:28;}">
                <Coords points="2554,2523 2677,2556 2766,2511 3180,2476 3491,2531 3597,2466 3687,2480 3682,2398 3325,2457 3286,2422 3182,2462 2863,2436 2552,2498"/>
                <Baseline points="2562,2523 2617,2520 2673,2515 2729,2511 2785,2507 2841,2502 2896,2498 2952,2493 3008,2489 3064,2484 3120,2481 3175,2477 3231,2475 3287,2471 3343,2469 3399,2468 3454,2466 3510,2466 3566,2466 3622,2468 3678,2469"/>
                <TextEquiv>
                    <Unicode>erreichet, das allmusen nicht mehr geweßet,</Unicode>
                </TextEquiv>
            </TextLine>
            <TextLine id="r4l30" custom="readingOrder {index:29;}">
                <Coords points="2548,2600 2622,2633 2705,2590 3115,2552 3263,2593 3379,2545 3592,2615 3728,2558 3724,2467 3517,2525 3184,2485 2925,2557 2811,2517 2673,2557 2545,2538"/>
                <Baseline points="2556,2597 2614,2594 2672,2590 2730,2586 2788,2582 2847,2577 2905,2573 2963,2570 3021,2565 3079,2561 3138,2556 3196,2553 3254,2550 3312,2548 3370,2546 3429,2544 3487,2544 3545,2544 3603,2546 3661,2548 3720,2550"/>
                <TextEquiv>
                    <Unicode>und so bald er mit der behörigen Kriegs Montur</Unicode>
                </TextEquiv>
            </TextLine>
            <TextLine id="r4l31" custom="readingOrder {index:30;}">
                <Coords points="2553,2711 2830,2715 2969,2651 3222,2690 3346,2641 3730,2681 3724,2565 3676,2562 3607,2607 3022,2581 2962,2632 2549,2631"/>
                <Baseline points="2558,2678 2616,2675 2674,2672 2732,2667 2790,2663 2848,2660 2906,2655 2964,2651 3022,2648 3080,2643 3138,2640 3196,2637 3254,2634 3312,2631 3370,2629 3428,2628 3486,2627 3544,2627 3602,2627 3660,2628 3719,2630"/>
                <TextEquiv>
                    <Unicode>versehen seyn wirdt, vor sich gehen, sonsten aber</Unicode>
                </TextEquiv>
            </TextLine>
            <TextEquiv>
                <Unicode>57.
Schintznacht. Über Eüwer Uns zugesandtes
bericht schreiben ansehend die Elisabeth Schaffners,
welche wider den Jacob Schaffner ihren Ehemann
Eüweren Angehörigen die scheidigung begehrt,
wollend Wir Eüch wider antwortlichen auffge¬
tragen haben, diese beyde Eheleüth nochmahls
vor Eüch zubescheiden, und zutrachten, die wider
versöhnung unter ihnen harzustellen, ohnerhebli¬
chenfahls aber denen selben von heüt über 14.
Tag als den 24tenCurr: allhier vor uns zu erschei¬
nen die förmliche Citation anlegen, und der ihnen
angelegten Citation Uns berichten zu laßen.
Sumiswald. Wir haben von außdem
von Eüch Uns zugesendten Schreiben und beygele¬
genem Bericht von dem Herren PfarrHerren. zu
Melchnaus ersehen, wie daß die Gemeind Melch¬
nau sich des von dem Jacob Schultheiß von
daselbsten mit der Elßbeth Burckhardt Eüwere
Angehorigen vorhabenden und würcklich zum
drittenmahl verkündeten Ehe opponiere, auß
grund, daß dieser Schultheiß in dem Allmosen
erzogen worden; weilen wir aber nicht wüsten
mögen, ob der selbe das allmosen noch würcklich
gewieße, und ob er annoch minderjährig seye, so
haben Wir den befelch an die er Ehebahrkeit zu Melch¬
manns ergehen laßen, die Vollzüchung dieser Ehe,
falls der Schultheiß das Gesetzmäßige alter
erreichet, das allmusen nicht mehr geweßet,
und so bald er mit der behörigen Kriegs Montur
versehen seyn wirdt, vor sich gehen, sonsten aber</Unicode>
            </TextEquiv>
        </TextRegion>
    </Page>
</PcGts>
