4000 3000
576 143 706 227 24.
506 1080 749 1188 Oulevay
481 1164 815 1276 Jean Simon
493 1271 738 1362 Hiersin
476 1347 797 1432 Rose Marie
450 2312 712 2422 Wäber
467 2409 643 2496 Durs
470 2474 703 2569 Steiner
485 2562 637 2640 Anna
846 184 2100 332 Ihme als Vatter desselben verharret seye, weilen
843 270 2098 437 aber in Eüwerem Schreiben nicht vermeldet worden,
834 371 2108 506 ob der Frey dieses Kind nunmehrs annehmmen wolle,
855 453 2113 591 oder nicht; So haben Wir Eüch hierdurch austragen
853 547 2081 681 wollen, ihne Frey hierüber zu befragen und das
852 625 2096 745 heraußkommende an Uns berichten zu laßen; da
853 728 2111 842 Wir dann so wohl über die Paternitat dieses Kindts
840 797 2057 932 als aber ihre beyd zeitige Straff das Behörige
856 888 1255 983 erkennen werden.
808 1017 2057 1164 Lahsera. Auß Eüwerer Uns zugesendten
859 1118 2098 1249 Procedur haben Wir zu ersehen gehabt, daß der
859 1205 2036 1331 Jean Simeon Oulevay Eüwer Angehöriger, die
856 1283 2087 1405 Rose Marie Hiersin von Rougemont beschlaffen,
846 1375 2074 1491 geschwängeret, und ihra Schrifftlich und vor Zeügen
838 1442 2066 1577 die Ehe versprochen, dißmahlen aber Selbige zu¬
835 1513 2017 1644 ehelichen sich weigere, und nur ihr Kind als das
847 1594 2054 1702 seinige anzunemmen sich erklährt habe; Hierüber
838 1673 2098 1810 nun wollend Wir Eüch wider antwortlichen auff¬
810 1753 2057 1877 getragen haben, diesen beyden Partheyem Fahls
822 1824 2067 1957 der Oulevay die Hiersin zu ehelichen nach allezeit
814 1915 2083 2044 sich weigeren wurde, auf Montag den 17ten Augusti
831 1998 2023 2121 nächstkünfftig allhier vor Uns zu erscheinen die
832 2090 2084 2219 formliche Citation anlegen, und der Ihnen angeleg¬
814 2158 1801 2302 ten Citation Uns berichten zu laßen.
820 2260 2074 2422 Utzenstorff. Weilen Wir von Eüch den Bericht
837 2379 2044 2516 erhalten, daß der Durs Wäber der Grichtsäß
825 2456 2077 2588 zu Zihlibach Eüwer Angehöriger ohngeacht drey¬
842 2524 2072 2664 mahliger Citation, und darüber hin von ihme ge¬
826 2612 2107 2738 thanen Versprechen, daß Er sich mit der Anna Steiner
2187 1322 2454 1437 Monoud
2180 1417 2413 1507 Susanne
2174 1483 2503 1597 Monoud Sr.
2187 1572 2369 1691 David
3597 269 3697 338 25.
2542 276 3708 403 auch Eüwer Angehörigen seiner ehelich versprochenen
2559 377 3732 480 sünderlich copulieren laßen wolle, dennoch solches nicht
2556 431 3708 564 gethan, sonderen noch über dieses auß sich zimmlich
2572 493 3726 610 impertinent auffgeführt habe und deßtwegen
2560 573 3737 693 die Steiner und ihre Mutter vor Uns zu erscheinen
2569 648 3724 771 begehren; So haben Wir Eüch hierdurch aufftragen
2565 718 3714 819 wollen, bedeütem Wäber und der Steiner wie auch
2547 807 3694 905 der letsteren Mütter von Heüt über 14 Tag als
2569 862 3739 1002 den 10ten Augusti nächstkünfftig allhier vor Uns zu¬
2550 951 3733 1049 erscheinen die formliche Citation anlegen und der
2568 1029 3709 1150 Ihnen angelegten Citation Uns berichten zu¬
2557 1115 2824 1231 laßen.
2547 1182 3745 1357 Äblen Pfto. Über die von dem Herren Guber¬
2556 1300 3710 1421 natoren Uns zugefendte Procedur ansehend die
2554 1372 3670 1489 Susanne Monoud, welche den Sr. David Monoud
2568 1459 3757 1598 beyde von Ormont dessous deß Beyschlaffs und Schwän¬
2557 1526 3699 1674 gerung halb angeklagt, Selbige aber dem ahlen
2562 1613 3703 1741 nicht mehr schwanger seye, sonderen allem Anschein
2550 1675 3741 1803 nach eine fausse Couche gehabt, der Monoud dann
2556 1747 3749 1875 der Umbständen halb so viel bekennt habe, daß der
2529 1808 3755 1946 von ihme mit der Klägerin gepflogene Beyschlaff
2562 1904 3736 2030 mit keiner Gestalt der Wahrheit verleugnet wer¬
2547 1969 3714 2095 den könne etc. wollen Wir dem Herren Gubernatoren
2549 2042 3736 2172 in Antwort verdeütet haben, daß Wir diese beyde
2537 2099 3732 2235 als vor einen ledigen fehler zu der gewohnten Ab¬
2549 2172 3759 2319 büeßung verfüllet, alles übrige aber dahingestelt,
2543 2252 3743 2389 und die zwüschen Ihnen ergangen Kösten zu beyden
2550 2328 3736 2458 seithen wettgeschlagen, welche Straff an deren
2543 2414 3736 2534 Selben seines Ohrts exequieren zu laßen, der Herr
2546 2477 3665 2614 Gubernator fründtlich ersucht wirt. Anbey etc.
