4000 3000
532 111 610 199 6.
432 305 687 453 Hähner
438 413 618 520 Hans
441 477 775 608 Geißbüehler
433 572 710 659 Madlena
385 2266 734 2385 Stirnemann
396 2372 652 2496 Elßbeth.
404 2450 667 2594 Haßler
427 2539 634 2665 Caspar
777 128 2099 339 Basel Tit. Bereits unterem 29ten january letst¬
773 253 2080 409 hin haben wir die ehre gehabt, eüch: Tit: zu berichten,
793 333 2076 480 Was maßen Hans Hähner einer angehöriger von
803 418 2090 558 Brettswyl von Magdalena Geißbüeler unserer an¬
795 502 2052 645 gehörigen von Rüederswyl vor uns der Ehe, bey¬
777 571 2073 711 schlaaffs und darauf erfolgter schwängerung beklagt
799 651 2072 777 worden seye, sub 14ten february ist die antwort einge¬
786 732 2075 857 loffen, daß der Hähner von Eüweren gnädigen Herren
793 806 2016 906 und Oberen auß eüweren landen bannisiert und
786 865 2062 994 würcklich zu Sollothurn wegen dort begangenen verbre¬
765 944 2019 1073 echens in dem Schallenwerck sich befinden thüe, allso
790 1016 2080 1140 über der geißbüehler klag nicht zu red gestoßen wer¬
763 1091 2061 1208 den könne. Da aber der Geißbüelerin vatter auf
778 1180 2061 1298 heüte wiedermahlen vor uns sich gestellt, und durch
775 1238 2063 1369 zwey von dem Hähner selbst eigenhändig geschribener
770 1313 2053 1417 Brieffen des 5ten Aprilis 21sten Juny jüngsthin bescheinlich
774 1390 2019 1501 gemacht, wir der Hähner dermahlen wiederum in
785 1467 2060 1577 seinem Heimatth sich auffhalte, So haben wir ihme
765 1531 2066 1664 die Wegweisung ertheilt, sich mit seiner tochter vor Eüch
767 1611 2053 1726 Tit: anzumelden, umb die Vollzeüchung deß von dem
760 1692 2067 1826 Hähner dieser Geisbüehlerin gethanen ehelichen Ver¬
768 1759 2017 1899 sprechens zu begehren, nicht zweifflende, Ihr Tit:¬
779 1842 2039 1959 werdet in dieser sach nach kundtbahrer Aequitet kurtz
767 1917 2017 2041 und schleünig Recht der Geißbüehlerin angedeyen
758 1984 2082 2097 laßen, als worzu wir selbige hierdurch bestens recom¬
756 2047 2090 2156 mendieren, benebens dann ni allen dergleichen begeben¬
758 2126 2089 2246 heiten das Reciprocum anerbiethen wollen, wormit etc.
767 2216 2053 2356 Gränichen. Auß eüwerem uns zugehendten
779 2304 2056 2445 Gerichtschreiben haben wir zu ersehen gehabt, wie daß
786 2398 2007 2528 Elßbeth Stirnemann eüwere angehörige, so wegen
773 2468 1974 2586 zweyfachen ehebruchs von ihrem ersten ehemann
775 2524 2027 2655 Samuel Müller gescheiden worden, vor außlauff ihrer
771 2595 2011 2732 Warthzeit von Caspar Müller Wihrts sohn von
773 2670 2041 2799 Otthmasingen sich schwängeren laßen und den 26sten
2149 971 2422 1130 Obidem
2137 1208 2482 1344 Neüwenschwan¬
2358 1292 2456 1352 der
2138 1321 2328 1407 Ullrich
2127 1387 2310 1486 Schilt
2135 1475 2291 1549 Anna
2140 2479 2393 2636 ob Idem
3593 236 3648 307 7.
2418 226 3667 378 Aprilis letsthin eines Mägdtlins genesen, da unter
2525 293 3684 450 formlicher Examination sie auff ihrer anklaag gegen
2521 382 3702 523 den Haßler, dieser aber allezeit auf der negatio ver¬
2502 448 3699 577 harret seye, hierüber nun wollend wir eüch in ant¬
2502 519 3679 662 wort verdeütet haben, die Stirnemann in dem purgati¬
2498 596 3684 714 ons eyd durch eüweren herren Pfarrherren in wohl und grundtlich
2510 650 3690 771 unterrichten zu laßen, und nachwerts selbige samt dem
2501 722 3690 841 Bericht der empfangenen eydts Instruction und habenden
2496 785 3657 911 leümbden auff montag den 31. augusti allhar vor uns
2507 858 3690 984 zuweisen, auf welchen tag der Haßler, gegen welchen
2515 926 3707 1035 ein gleiches zu veranstalten der ehebahrkeit zu Amrißwyl
2562 994 3375 1060 ist aufgetragen worden, auch erscheinen wirth
2489 1021 3658 1150 Amerswyl ratione deß Haßlers ut supra.
2495 1138 3692 1293 Eggiwyl von der ehrbahrkeit im Tschangnouw sint
2507 1245 3661 1360 wir berichtet worden, daß Ullrich Neüwenschwander
2505 1306 3683 1440 eüwer angehöriger den mit Anna Schilt von daselbst
2510 1378 3674 1500 begangenen fehler vor ihnen bekennt und das von
2497 1454 3697 1571 der Schilt im Majo letsthin zur welt gebohrne knäb¬
2492 1524 3637 1635 lin als das seinige anzunemmen sich erklährt habe.
2496 1596 3704 1708 die Schilt aber zu ehelichen außgeschlagen. voraufhin
2511 1646 3688 1765 Wir ihme Neüwenschwander dieses kind richterlich als
2495 1716 3667 1838 unehelich zugesprochen, deßen erhaltung ihme ein
2499 1782 3691 1900 halb jahr nach der geburth auffallen, er aber ihra dannzu¬
2486 1841 3695 1972 mahl den in dem Gesatz bestimmten Ammenlohn der 3. Pfund
2492 1925 3669 2024 bezahlen soll, der ehe halb aber erkennt, weilen die
2499 1980 3701 2115 Schilt diß ohrts nichts gesatzmäßiges auffweisen können.
2486 2042 3656 2186 als solle selbige hiemit auffgehoben, und sie beyde
2498 2106 3648 2258 sich anderwertig verehelichen zu können in hirvorige
2511 2179 3675 2325 freyheit gesetzt seyn, anbey habend wir der ehe¬
2485 2246 3659 2417 bahrkeit zu Tschangnauw auch auffgetragen, obige
2487 2310 3660 2464 beyde zu der in dem gesatz bestimmten abbüeßung
2512 2369 3677 2560 anzuhalten, deßen ihr hierdurch berichtet werdet
2497 2480 3229 2664 Tschaugnauw ut supra
