4000 3000
615 87 714 201 2.
564 665 776 792 Obsdem
575 1021 758 1145 Haser
579 1127 800 1237 Christina.
580 1205 751 1318 Chuard.
574 1296 814 1385 Jean Pierre
565 1804 804 1926 Uuveser zu
544 1898 845 1997 Raduflües der
549 1973 745 2081 fürst.
547 2173 849 2300 Bumpers
566 2276 805 2369 Müller.
886 76 2098 291 So haben ermelt Minery frommen Herren jedoch nit finden können
890 181 2088 382 das sothaner Heüwaaht dardurch gehindert werden
892 258 2076 465 könne Inithin dem herren Büder bewilliget worden
846 342 2085 546 mit seiner verlobten sich copulieren laßen zu können
882 435 2074 610 deßen Ihr Minery frommen und wisen Herren hierdurch ruckantwortlich ver¬
861 509 1376 671 ständiget werdet
874 623 2039 788 Zedul an Minery frommen Herren der Bürger Cammer Sie wegen
2049 708 2103 798 des
889 709 1509 847 Einzug Gelts avisiert
859 842 2080 1052 Wislisburg Pfto. aus beyligenden ver
883 977 2103 1133 ehrbahrkeit zu Langnauw uns zugasendtem Tauff¬
881 1063 2097 1225 Schein wirt der Herr landvogt zu ersehen haben, das
871 1165 2091 1307 Christina Blaser von Allda Ihr dem Jean Pierre Chuard
889 1239 2075 1376 zugeeignetes Kind den 30sten Novembris 1749. zur
878 1328 2093 1449 Heil: Tauff bringen laßen, und daß solches Männ¬
874 1397 2080 1533 lichen nicht aber weiblichen geschlechts seye, allso
861 1477 2080 1602 dieses Knäblin der Blaser abgenommen, und von
879 1542 2080 1674 dem Chuard oder nicht vermögenden fahls von seinem
870 1628 2052 1775 gemeind besorget werden soll. vor mit etc.
882 1739 2065 1904 Trachselswald Pfto. von der ehrbahrkeit zu
889 1816 2084 1980 Rüederßwyl seit Wir berichtet worden, daß son¬
886 1920 2078 2096 tags den 21sten juny letsthin zu Rafuflüeh in dem
880 2022 2095 2172 Wihrtshaus mit tantzen, fluchen und schwehren und
860 2085 2091 2269 sehr üppiges und gottloses unwesen verführt worden
881 2176 2078 2349 da nun die fehlbahren von gedachter Ehrbahkeit in
879 2241 2063 2438 verantwortung gezogen werden wollen, Selbige aber
876 2314 2075 2527 vor Ihnen zu erscheinen sich geweigeret, worzu sie in
863 2370 2072 2586 sonderheit von einem gewüßen Gungers Müller
870 2486 2066 2688 auff gewiesen worden seyn sollen etc. So haben wir den
876 2555 2068 2759 Herren Landvogt hierdurch freundtlich ersuchen wollen
867 2610 2074 2865 diesen Leüth ins gesammt zur gebühr zu halten da¬
870 2719 2048 2944 mit selbige ihres ruchlosen lebwesens halb von geduht
2128 458 2345 623 Gfeller
2149 568 2297 680 Peter
2147 662 2276 776 Geßer
2125 717 2325 864 Elsbeth
2140 825 2313 941 Jausi
2132 876 2354 1038 christina
2118 1797 2377 1946 Obsdem
2136 2232 2404 2367 Kläffiger
2146 2337 2274 2408 Ulli
2147 2394 2400 2523 Spychiger
2134 2471 2347 2597 Anna
3563 218 3630 291 3
2447 122 3609 366 ehrbahrkeit sich verantworten, und nach vorhandenen
2470 248 3639 453 satz und ordnungen darum abgestrafft werden können.
2460 333 3631 575 Thun. Da auf heüte vor uns sich gestelt Peter
2473 464 3601 635 Gfeller auß dem Tuchholtz eüwer angehöriger und
2476 556 3653 703 sein eheweib Elßbeth Heßer, der Gfeller dann bekannt¬
2452 654 3656 803 lich seyn müßen, sich mit Christina Jausi von Wat¬
2463 712 3615 871 lenwyl in ehebruch vertrabet zuhaben, haben wir
2448 807 3648 950 das zwüschen obigen eheleüthen gehafftete eheliche Band
2463 868 3663 1008 und pflicht nach dem begehren der Heßer auffgehoben,
2473 947 3671 1090 und selbige von einander gescheiden, zugleich aber dem
2460 1019 3672 1172 Gfeller der Jaußi Kind Richterlich als unehlich zu be¬
2460 1093 3641 1234 kennt, allso daß deßen erhaltung Jhne oder nicht
2470 1173 3644 1305 vermögenden fahls seiner gemeind ein halb jahr nach
2452 1252 3661 1377 der geburth auffallen, er aber dannzumahlen der Jaußi
2462 1328 3674 1448 den bestimmten Ammenlohn der 3 pfund bezahlen, und umb
2453 1407 3640 1498 alle kösten so wohl gegen sein nunmehr abgescheidenes
2451 1479 3595 1614 eheweib als gegen der Jaußi verfällt seyn soll,
2427 1544 3642 1689 Anbey wirt euch hierdurch auffgetragen den Gfeller zu
2448 1631 3635 1771 der im Gsatz fol. 43 bestimmten ehebruchs straaff und
2441 1727 3109 1851 Deprecation anzuhalten
2452 1807 3670 1972 Wattenwyl, sie deßen berichten, zugleich ihnen an¬
2457 1896 3686 2061 befohlen die Jaußi, so dem verlauten nach dermahlen abwe¬
2442 1959 3663 2119 send ist, auf betretten, zu der in dem gesatz bestimten
2465 2075 3135 2202 abbüeßung halten zu laßen.
2468 2070 3671 2281 Langenthal demnach und aus der munndtlichen ver¬
2459 2206 3668 2411 hör zwüschen Ulli kläffiger eüwerem angehörigen
2462 2284 3643 2447 und seinem eheweib Anna Spychiger, wir der be¬
2452 2337 3654 2565 gründtniß deß eheweibs wieder ihren ehemann sich¬
2445 2444 3637 2622 renden klägten wegen übelen Tractaments sattsam
2456 2505 3683 2677 überzeüget worden, habend wir den kläffiger unter
2467 2593 3663 2768 betrohung angemeßene straaff zu beßerer auffüh
2451 2648 3656 2874 rung gegen seinem eheweib und kinderen kräfftigst
