4000 3000
580 178 726 292 46.
505 952 750 1057 Kramer
503 1044 660 1149 Peter
491 1116 684 1220 Hurni
506 1184 740 1267 Barbara
501 1250 687 1356 Schori
500 1329 710 1407 Maria
487 1851 735 1968 Niclaus
501 1940 685 2023 Anna
482 2006 680 2109 Arn
494 2078 737 2172 Samuel
841 213 2066 362 auf ihre Genißt beruffe, Ihre aber die Ehe ver¬
815 298 2055 454 sprochen zuhaben gäntzlich gelaugnet, und selbige
847 383 2046 522 zuehelichen außgeschlagen habe, ist ad Acta zu¬
840 468 2058 613 legen anbefohlen worden, biß der Bericht wegen
834 543 2049 664 der Geistlichen Examination und Außaag der
827 621 2020 762 Tschabold MngHrn. abgestattet werden wirdt.
792 752 2003 900 Gleichermaßen ist das von dem Piemontesischen
840 835 2073 976 Regiment Roy Minery gnädigen Herren eingesendte Schreiben und
846 913 2049 1043 darinn enthaltene Bericht, daß der daselbst sich be¬
833 998 2032 1105 findtliche Peter Kramer deß in Ao. 1746. mit
844 1056 2071 1201 Der Barbara Hurni von Frächelten begangenen Ehebruche
840 1136 2062 1247 bekantlich gewesen, der selbe aber anhalten thür, daß
843 1204 2068 1346 mit Ertheillung der von seinem Eheweib der Maria
830 1293 2054 1403 Schori deßtwegen begehrendes Scheidigung inngehalten
839 1340 2033 1470 werden möchte, biß Er allhar ins Land kommen könne,
843 1420 2026 1532 welches mit nächstem geschechen werde etc. ad Acta
843 1482 2056 1611 zulegen anbefohlen worden, biß die Schori sich wie¬
829 1561 1741 1687 derum vor Minery gnädigen Herren anmelden wirt.
843 1685 2002 1833 Von der Ehrbahrkeit zu Bürglen wurde von
834 1751 2080 1929 Minery gnädigen Herren zu wüßen begehrt, was vor eine Erkant¬
831 1846 2063 1990 niß wegen der Anna Niclaus von Oberworben
834 1931 2068 2063 und ihres dem Samuel Arn von Lyß zugeeigne¬
827 2002 2066 2134 ten Kindts unteren 21ten May letsthin außge¬
831 2080 2019 2194 fällt worden seye, anstatt einer Antwort nun
832 2144 2058 2270 ist dieser Ehrbahrkeit das vor die Niclaus ex¬
824 2214 2066 2357 pedierte doppel der unter obigem Dato außgeg¬
828 2289 2063 2423 gfällten, und von dem Arn vor Minery gnädigen Herren die Räht
849 2370 2069 2507 recurrierten Erkantnuß samt denen darzu gehö¬
834 2448 2007 2588 rigen Schrifften zuzuschicken anbefohlen, welches
843 2533 1584 2663 auch so gleich effectuiert worden.
2158 361 2386 474 Mäder
2164 419 2467 540 Margritha
2172 494 2337 624 Galli
2158 605 2448 728 Christian.
2175 2139 2457 2296 DuCrest
2182 2247 2533 2356 Louise Marquerite
2169 2320 2426 2426 Dubourg
2188 2406 2374 2518 Jaques
3551 273 3653 340 47.
2502 234 3674 418 Schwartzenegg, da die heimatthlose Margetha
2539 359 3702 494 Mäder und der Christian Galli auß dem Teiffenthal
2548 451 3641 561 Eüwer Angehöriger auf heüte vor uns erschiennen
2531 505 3683 638 Die Mäder dann den Galli beklagt, daß er ihre
2533 590 3708 684 die Ehe versprochen, welcher dann deßen nicht in ab¬
2533 646 3715 762 red seyn können, die Mäder aber zuehelichen der¬
2525 719 3704 830 mahlen sich geweigeret, und die Mäder darüberhin
2549 784 3628 901 endtlichen von dieser Eheversprechung wiederum
2532 849 3695 962 freywillig abgestanden, haben wir in folg dieses
2547 911 3664 1037 freywilligen Desistements die zwüschen Obigen
2544 989 3712 1122 beyden gewaltete Eheversprechung wiederum Rich¬
2540 1056 3679 1183 terlich auffgehoben, und derenthalb beyde in ihre
2538 1117 3655 1250 hievorige freyheit gesetzet, zugleich aber erkennt,
2535 1199 3703 1323 daß der Galli gegen die Mäder vor die dieses han¬
2526 1267 3727 1397 dels halb ergangene kösten auf Moderation hin ver¬
2524 1349 3666 1471 fällt, und über die selben auß ihro der Mäder
2537 1412 3667 1548 auch einen Neüwen Louis d'or zubezahlen schuldig
2536 1489 3679 1635 seyn solle, deßen wir Eüch hierdurch berichten
2540 1603 2760 1681 wollen.
2502 1632 3553 1792 Vortrag. Hochwohlgebohrne etc.
2533 1729 3709 1913 Er haben Minery gnädigen Herren in folg deß von Euren gnädigen Herren denen
2546 1823 3697 1980 selben zugeschickten hohen befelhs von 30ten July
2543 1895 3636 2047 letsthin und in Erläüterung deß unteren 20ster
2542 1965 3727 2133 gleichen monats hoch denen selben gethanen vortrawen
2534 2024 3614 2168 die Ehren zu verdeüten, daß lauth mitkommender
2547 2082 3706 2241 Procedur und Beylaagen die Louise Margurithe Du¬
2573 2164 3722 2305 Crest von Chardonne in ihrer Genißt förmlich exa¬
2534 2232 3686 2365 aminiert worden, und unterenderlich auf dem von
2554 2299 3691 2475 ihre angegebenen vor der Genißt aber verstorbe¬
2534 2378 3677 2503 nen Jaques Dubourg als vatter ihre Kindts
2546 2452 3727 2594 —: ob männlichen oder weiblichen Geschlechts ist nicht
2552 2498 3708 2641 vermeldet worden:— verharret, welches dann und daß
2539 2573 3698 2756 dieser Dubourg, da er auf seinem Kranck Betth
