4000 3000
547 135 678 222 20.
483 246 676 408 Lüthi
506 364 622 446 Ulli
483 430 745 533 Mosimann
485 525 626 592 Anna
469 1643 684 1740 Eicher
488 1727 704 1810 Ullrich
465 1796 703 1892 Geyen
456 1874 722 1963 Adam
805 176 2080 336 Rüederswyl. Wir haben zwar auß Eüwerem Uns
834 280 2052 449 zugesendten Schreiben ersehen, daß der Ulli Lüthi
844 358 2069 497 von Wyttenbach eüwer Angehöriger dißmahlen den
842 437 2100 574 mit der in Eüwerer Gemeind wohnenden Anna Mosimann
839 523 2121 648 von Lauperßwyl begangenen fehler bekennet, und nicht
842 585 2085 718 nur das von ihr ohnlängst zur Welt gebohrne Kind
835 668 2086 790 als das seinige anzunemmen sich erklährt, sonderen
840 737 2093 863 auch die Mosimann zuehelichen begehre, weilen aber
832 813 2097 956 die Mosimann ihne zuehelichen sich weigeret, der Lüthi
829 893 2090 1026 hingegen daruff insistiert, und dißohrts es umb
826 969 2096 1115 die Legitimation eines unschuldigen Kindts zuthun
821 1046 2100 1181 ist; So haben Wir für dißmahlen hierüber nichts
826 1117 2069 1254 erkennen, sonderen Eüch hierdurch aufftragen wollen
813 1202 2118 1340 diesen beyden Partheyen zusammt der Mosimann Mut¬
825 1281 2007 1423 ter von Heüt über 14. Tag als den 10ten Augusti
826 1359 2116 1506 nächstkünfftig allhier vor Uns zu erscheinen die form¬
810 1446 2081 1574 liche Citation anlegen, Und der Ihnen angelegten
808 1528 1651 1650 Citation Uns berichten zulaßen.
809 1617 1951 1770 Büren Pfto. Da der Ullrich Eicher von Nider
1987 1632 2067 1778 Öch
810 1718 2066 1851 Ammts Wangen und dißmahliger Wirth zu Pingeltz
820 1811 2081 1937 bey Biel, und der Adam Geyen von Meyenried deß
822 1888 2047 2020 Herren Schultheißen Ammts Angehöriger auf heüte
803 1963 2082 2099 vor Uns erschiennen, wir dann die Selben wegen deßen,
797 2028 2065 2170 so der Eicher wider den Geyen geklagt, und von dem
792 2128 2054 2262 Herren Schultheißen an Uns ist berichtet worden,
817 2202 2066 2333 aller Weitläüfigkeit nach gegeneinander verhört,
823 2278 2060 2416 und so wohl auß dieser Verhör als aber der übrigen
803 2361 2063 2494 Procedur heraußkommen, daß beyde diß ohrts im
816 2444 2037 2578 fehler sich befunden, und zwar der Eicher darinn,
807 2533 2076 2652 daß der selbe durch seine gegen die Barbara Ebehart
807 2596 2061 2734 von gedeütem Meyenried bezeigte Auffüehrung sich
805 2672 2085 2804 allerdings verdächtig gemacht, daß Er mit der selben
2177 1449 2430 1552 Nicollet
2188 1525 2477 1617 Jean Marc
2178 1608 2406 1717 Nicolas
2196 1685 2370 1780 Louise
3613 271 3717 332 21.
2555 235 3743 411 habe Unzucht treiben wollen, der Geyen hingegen, daß
2555 373 3696 493 solches ein von ihme angelegtes spihl gewesen, umb
2553 428 3734 544 diesen Eicher umb eine gute Ürthen zu bringen, dero¬
2545 508 3732 632 wegen Wir auch hierüber erkennt; Daß der Eicher die
2565 558 3738 677 von ihme dem Wihrten zu Meyenried auß diesem An¬
2555 629 3716 724 laß bezahlte Ürthen wohl bezahlt, und deßtwegen
2550 722 3749 827 beden von ihme noch sonsten von jemand anders nichts
2557 771 3713 900 zuruck zu forderen haben, Der Geyen aber zu einen
2559 846 3749 967 Buß von 30. Pfund zuhanden der Armen der Gemeind
2566 909 3728 1031 Meyenried verfällt, die zwüschen Ihnen dieser sach
2572 979 3742 1094 wegen ergangene Kösten hingegen wettgeschlagen seyd
2561 1046 3734 1164 sollen; Da nun der Geyen diesere Buß unßerem
2547 1104 3733 1231 Secretario würcklich bezahlt, und allso solche gegen
2555 1178 3737 1297 ein Certificat von dem Herren Schultheißen von ihme
2547 1253 3768 1381 erhebt werden kan, so haben Wir den Herrn Schultheißen
2563 1321 3730 1457 deßen hierdurch berichten wollen etc. Anbey etc. etc.
2553 1399 3740 1552 Mezieres. Nachdemme Wir den Casum deß Hei¬
2531 1503 2677 1572 Gimel
2540 1512 3740 1630 mathloßen Jean Marc Nicollet, so die Louise Ni¬
2553 1600 3754 1714 colaz Eüwere Angehörige geschwängeret, und sel¬
2544 1669 3697 1792 bige zuehelichen mithin allhier im Land sich ein
2550 1737 3713 1864 heimatth anzuschaffen sich anerbotten Unseren gnädigen Herren
2561 1808 3715 1935 den Rähten vortragen laßen, Haben Hoch die
2547 1881 3667 2005 Selben unterem 23.sten Curr. hierüber erkennt.
2550 1962 3703 2087 daß, wofern dieser Nicollet innert Jahr und Tag
2568 2040 3758 2134 ein Heimath erwärbe, solchen Fahls dieser Heüwraht
2553 2111 3748 2254 ihme gestattet, inzwüschen aber sowohl die Capula¬
2538 2177 3734 2299 tion als die Legitimitat deß Kindt in Suspenso
2558 2257 3725 2395 verbleiben, mithin ihme auffgesetzt seyn solle, daß
2541 2327 3683 2470 wann er obiges nicht erstattete, ohne anders Er
2543 2394 3751 2538 samt dem Kind das Land zu raumen werde angehal¬
2550 2475 3736 2603 ten werden. Deßen nun haben Wir Eüch hierdurch
2555 2545 3741 2668 berichten und zugleich aufftragen wollen, solches zu
2552 2626 3725 2765 beyder Partheyen Verhalt denen Selben eröffnen,
