4000 3000
553 208 683 285 44.
491 1051 689 1167 Favrod
464 1152 815 1244 Jeanne Marqueri¬
631 1214 788 1287 the
476 1273 748 1373 De Martin
471 1356 721 1451 Samuel.
828 208 1951 364 begangenen Ehebruchs begehrende Scheidigung
819 307 1965 439 hierdurch verdeüten und zugleich auftragen
825 383 2033 512 wollen, diese beyde nochmahls vor Eüch zubescheiden
834 450 2043 590 und zu trachten, die wider Versühnung unter Ihnen
822 528 2020 653 zustifften, unerheblichen fahls aber, und da das
821 599 2056 736 Eheweib noch allezeit auf der Scheidigung inhaerieren
824 670 1999 815 wurde, beyden diesen Eheleüthen auff Montag
825 757 2059 896 den 24ten Curr: allhier vor Uns zu erscheinen die Förm¬
810 837 2035 964 liche Citation anlegen, und der Ihnen angelegten
828 920 1659 1032 Citation Uns berichten zu laßen.
823 1011 1999 1170 Äblen Pfto. Über deß herren Gubernatoren
846 1113 2062 1235 Uns zugesandte Schreiben und beygelegene Proce¬
819 1190 1978 1314 dur von dem Chorgricht zu Ollon ansehend die
819 1265 2026 1384 Jeannes Marquerithe Favrod, welche schon vor etlichen
833 1338 2044 1461 jahren einen ledigen fehler begangen, und die diß¬
816 1418 2020 1545 öhrtige Abbüeßung seithero allezeit außgewichen,
830 1481 2038 1622 seithar dann sich mit dem Samuel De Martins beyde
818 1560 2016 1688 von gedachtem Ollon Ehelich versprochen, sich mit
831 1630 2018 1752 einander absentiert, und ohne daß selbige mit
818 1724 2009 1834 einander copuliert worden, dennoch bey einander
830 1786 2006 1924 als Eheleüth leben und wohnen etc., wollen wir
822 1865 2040 1977 dem Herren Gubernatoren in Antwort verdeütet
829 1944 2029 2039 und Ihne zugleich fründtlich ersucht haben, zu veran¬
810 2013 2050 2140 stalten, daß obige beyde auf betredten fürderlich
822 2091 2080 2217 mit einander copuliert, und nachdemme die Copulation
826 2166 2068 2287 vorbey die Favrod so gleich vor ihren vormahls be¬
807 2233 2020 2357 gangenen Fehler zu der gewohnten Abbüeßung
818 2304 1534 2444 gehalten werde. Wormit etc.
807 2400 2066 2566 Von Minery gnädigen Herren den Rähten langete Volgender Zedel ein.
803 2551 2058 2672 Nachdemme Minery gnädigen Herren dess Steffan Schwabs von Arch
839 2599 2042 2729 und mithafften Casum, wegen geforderten S.h:
822 2688 2065 2823 Furen Gelteren durch Eüch Minery frommen Herren untersuchen,
2167 388 2421 516 Schwab
2168 478 2403 595 Steffan
2190 1185 2347 1309 Hein
2191 1275 2410 1360 Niclaus
2186 1347 2371 1465 Schlup
2188 1423 2405 1509 Samuel
2188 1497 2355 1586 Schlup
2187 1555 2371 1647 Anna
2188 1640 2311 1741 Henni
2193 1707 2422 1813 Steffan
2193 1795 2379 1885 Schlup
2195 1850 2404 1950 Elßbeth
2194 1935 2425 2044 Stauffer
2202 2013 2290 2082 etc
2183 2386 2375 2497 Wadli
2199 2472 2369 2551 Jacob
2202 2530 2438 2617 Tschabold
2182 2595 2494 2693 Magdalena
3568 270 3666 331 45.
2517 240 3634 402 Und von Eüch auf Heüte sich bewandtnuß der sach
2528 361 3684 477 hinderbringen laßen, geben Minery gnädigen Herren erkennt, wie
2545 420 3695 547 folget; belangend Steffan Schwab von Arch, wel¬
2544 498 3648 617 cher von selbsten bekennet, von dem Steffan Henni
2530 575 3656 681 S: h: Furen Gelter erpreßet zuhaben, welche aber
2548 642 3646 754 würcklichen zu gunsten der Armen der Gemeind
2531 708 3673 837 Arch confisciert worden etc. So haben Minery gnädigen Herren nicht
2544 788 3703 904 nach aller Strenge mit dem selben verfahren wollen,
2547 853 3697 960 sonderen denselben zu einer dreymahl 24. stündigen,
2544 905 3711 1047 Gefangenschafft auf selbst eigene Unkösten verfäl¬
2538 995 3719 1117 let, anbey dann auch dem selben eine scharpfe Censur
2536 1098 3674 1198 zuerkennt; nicht weniger haben Ihr Gnädigen auch
2544 1150 3680 1293 den Niclaus Henni, den Samuel Schlup und Anna
2540 1226 3688 1368 Schlup, die auch von dieser Machenschafft wüßenschafft
2540 1309 3665 1427 gehabt und mit rath beygestanden, zugleicher
2550 1381 3713 1508 Straff, wie den Steffan Schwab, verfället, in an
2536 1452 3645 1616 sehen aber deß Steffan Hennis haben Minery gnädigen Herren
2544 1539 3716 1680 den selben in erwegung, daß das confiscierte Gelt
2537 1609 3721 1764 Er außecklen müßen, von fernerer Straff befrey¬
2534 1688 3725 1841 et, endtlichen dann auch die Elßbeth Schlup und ihren
2537 1768 3686 1919 Ehemann N: Stauffer, welche an diesem Handel
2539 1836 3691 1992 keinen antheil gehabt, ohnstraffbahr gefunden,
2547 1918 3703 2076 deßen Ihr MgHrn über Eüweren Vortrag berich¬
2531 1995 3710 2149 tet werdet; da zum bericht dienet, daß MngHrn.
2549 2063 3688 2210 die Exemtion dieser Erkantnuß H. schultheiß zu
2541 2131 3646 2298 Büren auffgetragen. Actum den 27ten july 1750
2552 2227 3734 2417 Das jenige von dem Holländischen Regiment Schürler
2545 2354 3712 2485 auß Mastricht eingelangte Schreiben, in welchem
2541 2408 3751 2593 an Minery gnädigen Herren berichtet worden, daß der Jacob Wad¬
2539 2480 3719 2650 li von Braugarten deß mit der Magdalena Tscha¬
2537 2560 3711 2711 bold von Schwartzenegg gepflogenen beyschlaaffs be¬
2545 2631 3704 2785 kantlich, wegen annemmung deß Kinds aber sich
