4000 3000
594 164 712 254 36.
480 333 669 443 Meyer
479 406 835 496 Barbara ihre un¬
504 465 833 554 eheliche Tochter#
481 523 721 630 Schaller
489 618 715 708 Johannes
433 690 743 780 #Tscharner
482 753 709 851 Catton.
468 1660 775 1838 ObIdem
463 1925 707 2094 Hachen
476 2031 718 2147 Rudolff
465 2126 690 2216 Gfeller
462 2204 707 2320 Salome.
850 166 2088 357 Thun Pfto. Weilen die Ehrbahrkeit zu Blumen¬
828 293 2061 414 stein an Uns berichtet, daß der Barbara Meyer
861 367 2067 521 von daselbsten uneheliche Tochter den 7ten July letsthin
860 455 2067 592 eines Knäblins genesen, und in ihrer Genißt unter
843 534 2084 657 förmlicher Examination auf dem vorhero von ihra an¬
834 604 2067 748 gegebenen Johannes Schaller von Buchser dißmahligen
832 673 2058 796 Weyermanns Häuß Wirthen als Vatter deßelben
831 749 2079 887 verharret seye, Dieser Schaller aber noch allezeit auff
831 828 2048 968 seines Negativ verharret; So haben Wir den Herren
835 903 2042 1038 Schultheißen hierdurch fründtlich ersuchen wollen,
829 984 2055 1126 veranstalten zulaßen, daß gedeüte Persohn durch
834 1054 2082 1202 den Herren Pfarrherren zu Blumenstein in dem Purga¬
820 1131 2030 1261 tions Eyd und der Wichtigkeit deßelben wohl und
837 1206 2079 1322 gründtlich unterrichtet, und nachwerts mit dem Be¬
838 1286 2027 1411 richt ihrer empfangenen Eydts Instruction auff
835 1360 2045 1495 Montag den 31ten Curr: vor Uns zum Abspruch allher
836 1444 2024 1557 gehalten werde, Als auf welchen Tag der Schaller,
834 1524 2029 1647 gegen welchen ein gleiches allhier ist veranstaltet
843 1608 2041 1722 worden, auch vor Uns erscheinen soll. Wormit etc.
831 1676 1953 1838 Bümplitz Past: Ratione deß Schallers
852 1784 1123 1914 ut Supra.
836 1878 2059 2018 Worb. Da auf Heüte der Rudolff Hachen von
822 1989 2012 2125 Rüeggisperg und die Salome Gfeller Eüwere
825 2072 2052 2197 Angehörige vor Uns erschienen, hatte der Hachen
838 2157 2034 2280 wieder die Gfeller geklagt, daß selbige ihme
823 2231 2048 2353 die Ehe versprochen, und derowegen begehrt, daß
831 2310 2068 2433 in folg deßen sie ihne ehelichen thüe; Die Gfel¬
817 2397 2061 2506 ler hingegen zwar geständig gewesen, daß sie ihme
825 2452 2051 2588 die Ehe versprochen, zugleich aber verdeütet, daß sie
828 2537 2036 2656 ihres Vatters Willen hierzu vorbehalten, der selbe
833 2609 2036 2727 dann in diesere Ehe nicht ein willigen wolle; Da nun
834 2678 2096 2808 in der That der Gfeller Vatter in diesere Ehe niemahls
2182 962 2475 1124 ObIdem.
2175 1282 2417 1375 Bächlin
2183 1365 2396 1462 Susanna
2176 1444 2473 1559 Rappillard
2176 1518 2471 1632 Nathanael
2180 2272 2404 2394 Pahner
2189 2366 2462 2451 Catharina
2185 2432 2346 2524 Jaun
2195 2503 2389 2602 Peter.
3589 276 3682 341 37
2511 250 3701 439 consentiert, und diese seine Tochter annoch minderjährig,
2531 328 3712 518 selbige auch dißmahlen ihne Hachen nicht mehr zu ehe¬
2536 411 3708 570 lichen begehrt; So haben Wir auch diese unter Ihnen
2546 484 3713 635 gewaltete Ehe Versprechung wiederum Richterlich auff¬
2539 560 3659 690 gehoben, und derenthalb beyde in Ihre hiervorige
2532 637 3690 774 freyheit gesetzet, die Gfeller aber vor die hiesigen
2527 713 3678 828 Cammer Emolument verfället; Die zwüschen diesen
2540 774 3716 911 beyden ergangene Kösten hingegen von Bestens wegend
2516 877 3685 988 wettgeschlagen, und Eüch deßen hierdurch berichten
2542 943 2798 1000 wollen.
2524 969 3499 1144 Rüeggisperg. Sie deßen berichten.
2527 1123 3686 1273 Morsel. Er haben Unseren Gnädigen Herren in die Räht über den von
2541 1221 3715 1361 Uns Hoch denen Selben gethanen Vortrag, ansehend die
2528 1304 3682 1429 Susanna Bächlin deß Johannes Jaggis von Gsteig bey
2523 1382 3679 1481 Saanen verrüfftes und abgescheidenes Eheweib, und
2529 1442 3711 1579 ob der selben das Land wiederum geöffert, und die¬
2529 1516 3691 1645 sen nach mit dem Nathanael Rappillard von Echi¬
2531 1588 3706 1718 Champs, so aber hinter Eüch sich auffhaltet, sich verehe¬
2523 1669 3721 1805 lichen zu können, bewilliget werden sollen etc. Unterem
2532 1737 3667 1866 27ten July letsthin erkennt; Daß dieser Bächlin
2538 1811 3709 1967 Ihr gnädigen Land wiederum in Gnaden geöffnet, und
2532 1885 3663 2034 ihre vorhabende Verehelichung mit dem Rappillard
2544 1959 3713 2103 hiemit gestattet seyn solle; Welches diesen beyden
2536 2032 3728 2177 zu Ihrem Verhalt eröffnen zulaßen Wir Eüch hiemit
2537 2132 3121 2262 anbefohlen haben wollen.
2528 2175 3706 2362 Oberhaasle. Da die Catharina Pahner und der
2548 2288 3679 2443 Peter Jaun beydes Eüwere Angehörige auff Heüte
2538 2362 3710 2543 vor Uns erschiennen, hat zwar der Jaun die Pahner be¬
2518 2432 3711 2604 schlaaffen zuhaben noch allezeit gelaugnet, mithin der
2524 2527 3693 2691 von ihr den 12ten Aprilis letsthin zur Welt gebohrne und
2531 2585 3683 2763 ihme Genißtlich zugeeignete Kind als das seinige
