4000 3000
560 198 699 279 58.
485 519 785 658 Obidem
473 757 694 875 Diday
473 839 772 961 Jean David
456 958 706 1055 Devaux
471 1017 821 1148 Marquerithe
503 2236 738 2383 Hoofer
497 2348 776 2449 Barbara
495 2425 787 2520 Moschard
496 2488 809 2611 Joh: Ludwig
829 202 2053 382 uns Ihre darwider habenden mehreren Oppo¬
820 306 2033 462 sitions Gründen berichten zulaßen, weßen
825 407 1724 561 Wir Eüch hierdurch berichten wollen.
847 485 1873 667 Melchnauh. sie deßen berichten
869 629 2015 781 Sullensweilen lauth Eüwerer Uns zugesandten
857 741 1984 867 Procedur der Jean David Diday ein Ehemann
856 825 2004 934 und die Marquerithe Devaux deß Pierre
843 903 1963 1037 Pocier hinterlaßene Wittib beydes Eüwere
854 972 2055 1099 angehörige ohngeacht Ihnen schon zu verschiedenen
850 1048 2001 1165 mahlen alles fernere umbgang miteinander
856 1122 2000 1243 verbotten worden, dennoch solchen immerhin und
849 1186 2052 1330 zwar auf eine sehr verdächtige weis continuieren,
852 1263 2056 1414 und hierdurch in Eüweres Gemeind viele Äerger¬
837 1343 2050 1473 nuß verursachen; So haben Wir Eüch hierdurch
840 1404 1999 1552 aufftragen wollen, diese beyde würcklich zu
845 1509 2023 1634 der in dem Gesetz dictierten einfachen Ehe¬
844 1587 1996 1720 bruchs straaff halten zulaßen, diesemnach
850 1657 2016 1773 dann denen selben von Unseretwegen allen
851 1733 1981 1881 ferneren umbgang mit einander, unter
857 1791 2003 1930 was für protext es immer seyn möge, aufs
834 1870 1994 2013 früsche zuverbieten, unter der Commination,
843 1947 1974 2090 daß in widerhandlendem fahl die selben
855 2022 2034 2168 noch mit einer härteren straff belegt worden.
856 2142 1027 2243 sollen.
841 2183 2044 2362 Langnauh. Als die Barbara Hoofer Eü¬
858 2276 2006 2424 were angehörige, und der Chirurg: Johann
869 2350 2050 2496 Ludwig Morhard von Burgdorff als beklagter
864 2435 2035 2582 Vatter ihres den 6ten Juny letsthin zur Welt
869 2503 2032 2651 gebohrnen Mägtlins auf heüte vor Uns
869 2589 2045 2721 erschiennen, hat zwar der Moschard dißmahlen
868 2645 2019 2801 die Hoofer beschaaffen zu haben bekennet,
2158 2311 2442 2482 Obidem
3546 254 3629 346 59.
2489 210 3657 400 zugleich aber begehrt, daß, weilen die Genißt
2500 330 3638 477 der Hoofer mit der zeit deß von ihme bekennten
2512 388 3655 549 beyschlaffs bey zweyen Monathen nicht eintref¬
2502 494 3659 628 fen thür, Er wo nicht von der Paternitet dieses
2509 572 3662 689 Kinds volkommen liberiert, dennoch wenigstens die
2506 657 3607 772 Hoofer zum halben theil der Erhaltung dieses
2528 716 3591 839 Kinds verfällt werden möchte; Weilen aber
2521 795 3610 912 nichts ungewohntes, daß Kinder nicht länger
2518 864 3626 1000 als siben monath in mutter leib gelegen, und
2519 952 3631 1081 doch außgetragen sindt, die Hoofer dann lauth
2514 1022 3657 1169 deß von Eüch Uns eingesendten berichts in ihrer
2523 1099 3678 1240 Genißt formlich examiniert worden und deßen
2520 1178 3586 1325 ohngeacht auf ihme Moschard als vatter ihres
2506 1260 3619 1415 Kindts verharret; So haben Wir auf sein daß
2504 1342 3658 1503 ohrts gemachte Exception keine Reflexion gemacht,
2519 1426 3656 1549 noch machen können, sonderen in folg seines gethanen
2521 1509 3593 1631 bekantnuß dem selben dieses der Hoofer Kind
2518 1590 3681 1730 Richterlich als unehelich zugesprochen, deßen er¬
2508 1662 3641 1823 haltung dem selben ein halb jahr nach der Geburth
2528 1750 3664 1888 auffallen, er aber ihro dannzumahlen den in dem
2520 1821 3668 1981 Gesetz bestimmten Ammenlohn der 3. lb. bezahlen,
2530 1893 3679 2037 beyde dann und zwar die Hoofer als vor den Zwey¬
2530 1971 3694 2143 ten fehler in dem Schloß Burgdorff, weilen dieser
2524 2053 3690 2211 Fehler daselbsten begangen worden, zu der ge¬
2517 2129 3637 2297 wohnten abbüeßung gehalten werden sollen,
2531 2199 3664 2384 deßen Eir Eüch hierdurch berichten wollen.
2537 2290 3671 2490 Burgdorff. sie deßen berichten und zugleich
2537 2400 3688 2574 anbefohlen, obige straff an diesen beyden exequie¬
2524 2548 2923 2670 ren zu laßen.
