4000 3000
545 184 653 258 12.
433 243 698 353 Scheürer
443 331 696 402 Madlena
435 381 710 471 von Känel
449 453 658 521 Barbara
440 510 619 593 Riben
438 572 611 638 Madle
452 627 626 698 Schmid
457 685 649 759 Verena.
430 820 620 910 Riben
430 901 595 979 Anna
446 1486 599 1582 Bloch
447 1569 599 1640 Anna
406 2044 629 2145 Dueret
403 2125 601 2210 Louise
422 2195 588 2272 Marie
405 2250 650 2339 Dubourg
422 2321 606 2428 Jagues
793 223 2024 385 Madlena Scheürer von allhier, Barbara von Känel
810 328 2048 453 von heutigen, Madle Riben von der Lengg, Verena
805 412 2065 533 Schmid von Buchs, so sammtlichen nächtlicher weil auff
805 490 2036 607 der gaßen bezogen und in Chorgrichtlichen verhafft
815 545 2065 660 gebracht worden, wurden auf heüte Minery gnädigen Herren vorgestelt
812 624 2039 725 und mit eines kräfftigen vermahnung, sich fürohin eines
809 685 1795 813 beßeren wandels zu befleißen, dimittiert
790 780 2063 906 Anna Riben von der Lengg, deren schon hiebevor wegen
812 869 2063 1009 ihres liederlichen und schlimmen lebwesens von Minery gnädigen Herren
805 949 2023 1068 den rächten die statt verbotten worden, ist auff
811 1019 2069 1155 Befelch Minery gnädigen Herren  auß dem Haus, so sie in diensten stehet,
804 1077 2075 1206 abgeholt, und ihro die Stadt zu raumen früscher di¬
796 1154 2003 1270 gen anbefohlen worden, unter betrohen, wann nach
796 1217 2047 1335 Jacobi nächstkünfftig sie sich ferners allhier aufhalten
806 1305 2061 1422 wurde, selbige alßdann ohne anders Minery gnädigen Herren den rächten
788 1357 1910 1476 zu mehrerer bestraffung verleidet werden solte,
805 1464 1976 1578 Anna Bloch von Schüpffen, so wegen variationen
789 1552 1967 1671 Minery gnädigen Herren  verleidet worden, derenthalb aber noch
795 1625 2007 1738 Dato kein Bericht eingelanget, ward in betrachtung
800 1688 2041 1807 außgestandener 36 tägiger gefangenschafft dis¬
787 1758 1596 1877 mahl auf freyen Fuß gestellt
830 1860 1900 2014 Vortrag. Hochwohlgebohrne etc.
801 1998 2032 2140 Weilen der von Louise Marie Ducret von Chardonne
795 2098 2048 2228 der ehe beyschlaaff und schwängerung halb beklagten
804 2163 1990 2299 Jaques Dubourg von Vinis vor der Ducret gemißt
803 2229 2043 2358 und ehr über diesen handel abgesprochen werden könne,
793 2308 2048 2427 verstorben, so wirdt dieser Casus fr Budl. zu dero
790 2377 1824 2510 gutfindenden verordnung vorgetragen
804 2441 2056 2557 Auß der desthalb eingelangten Procedur von Vinis
804 2521 2053 2639 erhählet, daß die Ducret ratione der ehe verlobnuß
798 2586 2065 2709 nichts gsetzmäßiges erwiesen habe, dero wegen Minery gnädigen Herren
810 2660 2065 2793 einstimmig selbige für ungültig ansehen betreffend
2169 2026 2333 2177 Gris
2178 2124 2414 2216 Glaudine
2162 2204 2387 2285 Durand
2167 2273 2323 2365 Jean
3561 252 3639 316 13.
2490 225 3700 392 aber die Pateritat deß Kindt, so glauben Minery gnädigen Herren
2524 326 3678 458 mit einter Meinung: In Betrachtung die Ducret
2516 400 3678 531 ihre schwangerschafft zu rechter Zeit, da der Dubourg
2514 518 3657 628 sich niemahlen eydtlich entschüttet, auch verschiedene
2515 556 3674 700 umbständ in der procedur wieder ihne allegiert word¬.
2494 644 3704 748 den, so daß er schwärlich zu dem Beneficio deß Pur¬
2503 710 3672 839 gations eydt hätte admittiert werden können, als sey
2526 791 3688 918 der selbe für den wahren vatter dieses kinds anzuthen
2524 880 3681 995 welches ihme allso richterlich als unehrlich zu bekennt,
2523 968 2998 1072 werden solle.
2997 945 3711 1057 Mit anderen gedancken fin¬
2510 1013 3764 1145 det mann, weilen der Dubourg die von der Ducret
2524 1089 3717 1217 wieder ihne geführte klag grad anfänglich durch auß
2507 1155 3658 1267 verneinet habe, und in Articulo mortis auf seiner
2505 1203 3715 1357 negation beharret seye, so könne dieses für eine eydt¬
2510 1306 3727 1437 liche endtschüttung angesehen werden. Mithin die Ducret
2510 1389 3736 1516 ihr kind samt deßen erhaltung oder nicht vermögen¬
2500 1453 3691 1584 den fahls ihrer gemeind solle überlaßen seÿn.
2498 1510 3681 1645 wirdt aber alles fr Gudl. hochweisen ermeßen
2513 1589 3750 1736 an heim gestelt und haben allso Minery gnädigen Herren  dero hohe de¬
2506 1682 3485 1808 cision hierüber respectuose erwarten wollen.
2544 1803 3652 1981 vortrag, Hochwohlgebohrne etc.
2515 1927 3710 2089 Beygebogene Procedur von Vinis hat Minery gnädigen Herren  zu ver¬
2504 2007 3673 2137 meinen gegeben, wie daß Claudine Gris Samuel
2507 2092 3692 2213 Raisin von daselbst hinterlaßen mittis nunmehre
2507 2149 3691 2290 zum anderen mahl kindts genesen und zu Vatter
2506 2220 3712 2363 die von ihre zur welt gebohrnen Kinderen angegeben
2506 2299 3710 2436 haben den Jean Durand auß Languedoe, so ihro die ehe
2513 2382 3721 2509 versprochen, dieses sein versprechen auch wurde erfül¬
2497 2462 3719 2596 let haben, wann er in fr Buch: landen ein burger¬
2488 2514 3668 2648 recht hätte erhalten können. Da aber gemelter
2488 2588 3710 2719 Durand dißmahlen den weiten genomen und vermuhtlich
3720 482 3768 543 b
3720 538 3758 625 .
