4000 3000
2073 1226 2119 1373 .
2145 1208 2469 1335 Büder H.
2152 1307 2485 1432 Frantz Ludwig
2165 1386 2390 1473 Dürr Jfr.
2168 1436 2489 1532 Anna Catharina
2167 1497 2415 1604 Nüeß herr
2162 1570 2480 1658 Johann Heinerich
2157 1627 2465 1720 Bergier jgfr
2173 1672 2367 1753 Marianne
2151 1755 2436 1870 Valier herren
2138 1839 2392 1917 Jean Louis
2149 1881 2493 1997 Deschamp Peter
2141 1967 2494 2039 Jeanne Marie Doro¬
2148 2019 2267 2084 thee.
2126 2408 2396 2507 Büder H.
2125 2481 2439 2607 Frantz Ludwig
2478 366 3769 654 Quod Felix Faustumqs sit
2502 650 3731 830 Reipubliae Patriaeqs Nostrae.
2501 816 3418 978 Montags den 20 Tag July 1750.
2533 934 3562 1099 Proses Minery frommen Herren seckelmeißter Morloth
2511 1050 3175 1220 Assessores Minery frommen Herren Oes.
2520 1199 3688 1351 Ward dem herren frantz Ludwig Bünder Burger von
2524 1301 3690 1424 allhier mit der Jgfr. Anna Caetharina Dürr von
2506 1380 2816 1506 Burgdorff
2538 1468 3690 1607 denne auf eingelegten Ehe Schein von Zürich Herren
2509 1543 3680 1689 Johann Heinrich Wüest Bürger allda mit Jungfrau Ma¬
2514 1639 3188 1767 rianne Bergiers von Losanen
2507 1718 3710 1887 und herrn Jean Louis valier Justicier d'Aubonne mit
2516 1799 3691 1956 Jgfr. Jeanne Marie Dorothee Deschamps Herr Jean Esti¬
2504 1881 3707 2027 enne Croustaz hinterlaßener Wittib, offentlich kirchen¬
2504 1948 3708 2090 recht halten zu können bewilliget und deßen die gewohe¬
2487 2059 2992 2185 ten scheinen ertheilt
2475 2096 3685 2323 Zedul an Minery frommen Herren die vorgesetzten Er. Eidg. Gesell¬
2483 2246 3007 2381 schafft zu Schmiden
2487 2298 3659 2463 Obwohlen Minery frommen Herren deß oberen Chorgrichts eüwere
2490 2403 3677 2552 Minery frommen und wisen Herren gemachte vorstellungen wieder deß Herr
2487 2463 3683 2622 Frantz Ludwig Bruders Eüwert gesellschafft angehörigen
2501 2528 3678 2649 mit Jgfr. Dürr von Burgdorff vorhabenden heüwacht
2487 2594 3640 2770 auß eüwerem eingesendten Bericht zu ersehen gehabt;
