4000 3000
565 162 680 244 54
457 1069 808 1189 Stirneman
470 1176 706 1265 Verena.
466 1264 763 1358 Widmer
479 1348 705 1493 Caspar.
819 193 2067 359 zugleich Unserer Erkantnuß ein behöriges Ge¬
817 310 2053 452 gnüegen geleistet werde, Eüch hierdurch und zwar
835 423 2057 524 alles ernsts anbefehlen wollen, solche anstalten
832 486 2068 633 vorzukehren, daß ermelte Kauffmann samt die¬
811 560 2014 697 isein ihrem Kind von heüt über acht Tag als
828 655 2026 805 Den 17ten Curr: vor Uns allhar gehalten werde
814 737 2051 871 widrigen fahls Eüwere Gemeind sich diß ohrts
824 825 2027 947 verantwortlich machen, und hierdurch sich vieler
823 899 1963 1041 vordrießlichkeiten außgesetzt sehen wirdt.
857 998 2033 1169 Bräuichen, Über Eüwer Uns zugesandtes
847 1104 2053 1249 Berichtschreiben ansehend die Verena Stirnemann,
830 1187 2005 1296 welche dißmahlen eines Knäblins genesen,
822 1272 2060 1407 und in ihrer genißt unter formlicher Examina¬
820 1368 2060 1494 tion auf dem vorhero von ihr der Ehe, beyschlaffs,
834 1437 2032 1560 und Schwängerung halb angeklagten Caspar
815 1519 2047 1613 Widmer beydes Eüwere Angehörige als Vatter
822 1593 2027 1702 deßelben verharret, der Widmers dann dieses
829 1680 2070 1803 Kind als das seinige anzunehmmen sich erklährt,
824 1762 2039 1917 ihro aber die Ehe versprochen zuhaben gelaugnet,
819 1837 2035 1987 und selbige zuehelichen außgeschlagen habe etc.
822 1929 2051 2077 wollen wis Eüch wider antwortlichen auffge¬
826 2008 2066 2173 tragen haben, diesen beyden, fahls die Stirne¬
807 2108 2051 2241 mann auf ihrer Ehe Anspruch verharren wurde,
815 2173 2062 2318 auf donstag den 20sten Curr: allhier vor uns zu¬
814 2268 2028 2423 erscheinen die förmliche Citation anlegen, und
814 2359 2030 2496 der Ihnen angelegten Citation Uns berichten
833 2435 2071 2581 zu laßen, fahls aber die Stirnemann von ihres
834 2536 2015 2687 Ehe Anspruch desistieren wurde, so wollen
826 2617 2025 2762 wir in diesem Fall hiemit erkennt haben,
2195 1329 2370 1502 Frey.
2176 1467 2426 1548 Heinerich
2194 1533 2353 1633 Sime
2200 1620 2400 1705 Verena
2220 2531 2476 2660 Obidem
3564 268 3659 333 55.
2479 255 3681 438 Daß sothane Ehe Anspruch auch wiederum Richterlich
2536 358 3659 490 auffgehoben, derenthalb beyde in Ihre hievorige
2533 438 3688 560 Freyheit gesetzet, dem Widmer aber der Stirne¬
2518 507 3673 619 mann Kind Richterlich als unehelich zugesprochen
2536 582 3689 715 seyn, deßen Erhaltung dem selben ein halb Jahr
2541 655 3652 764 nach der Geburth auffallen, er aber ihro dann zu¬
2523 729 3669 832 mahlen den in dem Gesatz bestimmten Ammenlohn
2526 790 3624 934 der 3. lb. bezahlen, und beyde in dem Schloß
2528 852 3636 986 Lentzburg zu des in dem Ansatz bestimmten ab¬
2518 932 3703 1049 büeßung gehalten, dem Widmer dann die hiesigen
2522 1004 3699 1142 Cammer Emolument von Eüch mit 160 bz abgefor¬
2526 1073 3705 1195 dert, und solche unserem Secretario zugesandt
2537 1144 2863 1267 werden sollen.
2530 1244 3691 1409 Schintznacht. Weilen lauth Eüweren Uns
2538 1357 3661 1490 zugesendten Berichts der Heinerich Frey ein
2537 1442 3718 1599 Ehemann von Unterentfelden das von der Vere¬
2538 1532 3717 1661 na seine Eüwerer Angehörigen den 16ten July letsthin
2537 1620 3715 1745 zur Welt gebohrne und ihme genißtlich zugeeignete
2543 1699 3733 1813 Mägdtlin als das seinige anzunemmen sich erklährt
2546 1757 3751 1898 habe, So haben Wir auf dieses hin ihme frey dieses
2535 1831 3715 1931 des sine Kind Richterlich als unehelich zugesprochen,
2544 1926 3710 2050 deßen Erhaltung dem selben ein halb jahr nach der
2555 1970 3707 2104 Geburt auffallen, Er aber ihro dann zumahlen den
2558 2032 3715 2193 in dem Gesetz bestimmten Ammenlohn der 3 lb. bezah¬
2537 2116 3703 2266 len beyde dann in dem Schloß Castelen zu der in
2540 2200 3721 2353 dem Gesetz bestimmten einfachen Ehebruchs Straff
2554 2303 3715 2436 gehalten werden sollen, deßen Wir Eüch berichten
2559 2376 3721 2515 und zugleich aufftragen wollen, dieser Straff an
2552 2479 3376 2581 obigen beyden exequieren zulaßen.
2536 2540 3413 2693 Entfelden. Sie in den berichten.
