<?xml version="1.0" encoding="UTF-8" standalone="yes"?>
<PcGts xmlns="http://schema.primaresearch.org/PAGE/gts/pagecontent/2013-07-15" xmlns:xsi="http://www.w3.org/2001/XMLSchema-instance" xsi:schemaLocation="http://schema.primaresearch.org/PAGE/gts/pagecontent/2013-07-15 http://schema.primaresearch.org/PAGE/gts/pagecontent/2013-07-15/pagecontent.xsd">
    <Metadata>
        <Creator>prov=University of Rostock/Institute of Mathematics/CITlab|PLANET AI GmbH/Gundram Leifert/gundram.leifert@planet-ai.de:name=German_Kurrent_XVI-XVIII_M1(htr_id=19584)::::v=2.6.7
prov=University of Rostock/Institute of Mathematics/CITlab|PLANET AI GmbH/Tobias Gruening/tobias.gruening@planet-ai.de:name=de.uros.citlab.module.baseline2polygon.B2PSeamMultiOriented:v=2.6.7
prov=University of Rostock/Institute of Mathematics/CITlab|PLANET AI GmbH/Tobias Gruening/tobias.gruening@planet-ai.de:name=/net_tf/LA73_249_0mod360.pb:de.uros.citlab.segmentation.CITlab_LA_ML:v=2.6.7
prov=University of Rostock/Institute of Mathematics/CITlab|PLANET AI GmbH/Tobias Gruening/tobias.gruening@planet-ai.de:name=/net_tf/LA73_249_0mod360.pb:de.uros.citlab.segmentation.CITlab_LA_ML:v=2.6.7
Transkribus</Creator>
        <Created>2021-10-04T20:30:23.847+02:00</Created>
        <LastChange>2021-11-30T11:43:39.986+01:00</LastChange>
        <TranskribusMetadata docId="796158" pageId="29963569" pageNr="16" tsid="68854410" status="GT" userId="100033" imgUrl="https://files.transkribus.eu/Get?id=CDHSAUKMEXGTIITUUHSIWOYL&amp;fileType=view" xmlUrl="https://files.transkribus.eu/Get?id=CCUESQWIQURBGWBDXXLHXFYD" imageId="23522732"/>
    </Metadata>
    <Page imageFilename="IMG_20211004_092856.jpg" imageWidth="4000" imageHeight="3000">
        <ReadingOrder>
            <OrderedGroup id="ro_1687514813806" caption="Regions reading order">
                <RegionRefIndexed index="0" regionRef="r1"/>
                <RegionRefIndexed index="1" regionRef="r2"/>
                <RegionRefIndexed index="2" regionRef="r3"/>
                <RegionRefIndexed index="3" regionRef="r4"/>
            </OrderedGroup>
        </ReadingOrder>
        <TextRegion orientation="0.0" id="r1" custom="readingOrder {index:0;}">
            <Coords points="452,171 452,2714 812,2714 812,171"/>
            <TextLine id="r1l1" custom="readingOrder {index:0;}">
                <Coords points="553,231 589,233 611,217 634,227 643,221 659,225 689,221 683,131 644,141 629,158 605,150 567,190 550,192"/>
                <Baseline points="560,212 590,209 620,206 650,203 680,206"/>
                <TextEquiv>
                    <Unicode>26.</Unicode>
                </TextEquiv>
            </TextLine>
            <TextLine id="r1l2" custom="readingOrder {index:1;} person {offset:0; length:10; continued:true;} NE {offset:0; length:10;}">
                <Coords points="445,494 500,498 532,485 639,504 689,480 770,486 821,474 819,442 795,442 707,393 677,408 633,391 586,401 534,383 476,436 442,433"/>
                <Baseline points="453,486 478,485 504,485 529,483 555,482 581,480 606,479 632,478 658,476 683,475 709,474 735,473 760,471 786,471 812,470"/>
                <TextEquiv>
                    <Unicode>Grundtmann</Unicode>
                </TextEquiv>
            </TextLine>
            <TextLine id="r1l3" custom="readingOrder {index:2;} person {offset:0; length:8; continued:true;} NE {offset:0; length:8;}">
                <Coords points="466,583 547,569 586,582 644,566 690,585 735,575 731,491 656,513 605,490 564,526 519,494 463,516"/>
                <Baseline points="474,570 499,569 524,569 549,567 574,566 600,564 625,563 650,561 675,560 700,560 726,561"/>
                <TextEquiv>
                    <Unicode>Bendicht</Unicode>
                </TextEquiv>
            </TextLine>
            <TextLine id="r1l4" custom="readingOrder {index:3;} NE {offset:0; length:8;} person {offset:0; length:8; continued:true;}">
                <Coords points="476,657 495,652 552,691 568,686 576,693 625,656 640,656 695,608 712,613 710,578 693,588 675,580 650,588 621,570 610,582 580,589 544,570 473,584"/>
                <Baseline points="483,651 510,650 538,649 566,648 594,648 621,647 649,645 677,644 705,642"/>
                <TextEquiv>
                    <Unicode>Santschi.</Unicode>
                </TextEquiv>
            </TextLine>
            <TextLine id="r1l5" custom="readingOrder {index:4;} person {offset:0; length:4; continued:true;} NE {offset:0; length:4;}">
                <Coords points="461,739 569,728 600,740 619,724 641,721 639,677 618,683 599,679 579,691 556,691 513,664 459,688"/>
                <Baseline points="468,726 495,724 522,723 550,722 577,721 604,719 632,716"/>
                <TextEquiv>
                    <Unicode>Anna.</Unicode>
                </TextEquiv>
            </TextLine>
            <TextLine id="r1l7" custom="readingOrder {index:5;} person {offset:0; length:11; continued:true;} NE {offset:4; length:7;}">
                <Coords points="455,1514 482,1520 502,1498 540,1484 627,1497 767,1486 765,1434 735,1435 659,1405 609,1433 581,1432 555,1454 496,1411 452,1438"/>
                <Baseline points="462,1491 488,1488 515,1485 542,1483 569,1482 596,1482 623,1481 650,1481 677,1481 704,1480 731,1479 758,1478"/>
                <TextEquiv>
                    <Unicode>von Ballmos</Unicode>
                </TextEquiv>
            </TextLine>
            <TextLine id="r1l8" custom="readingOrder {index:6;} person {offset:0; length:10; continued:true;} NE {offset:0; length:4;} NE {offset:5; length:5;}">
                <Coords points="445,1579 492,1563 518,1575 545,1562 641,1569 651,1557 768,1571 792,1558 790,1517 709,1521 677,1494 578,1495 539,1513 500,1509 443,1540"/>
                <Baseline points="452,1568 477,1564 502,1561 528,1560 553,1558 579,1557 604,1556 630,1554 655,1554 681,1553 706,1552 732,1551 757,1550 783,1548"/>
                <TextEquiv>
                    <Unicode>Anna Maria</Unicode>
                </TextEquiv>
            </TextLine>
            <TextLine id="r1l9" custom="readingOrder {index:7;} person {offset:0; length:8; continued:true;} NN {offset:0; length:5;}">
                <Coords points="461,1885 533,1866 603,1863 618,1876 667,1864 763,1867 760,1799 737,1802 706,1782 656,1796 624,1771 560,1832 539,1831 503,1799 457,1818"/>
                <Baseline points="468,1863 494,1863 520,1863 546,1863 572,1862 598,1860 624,1859 650,1857 676,1855 702,1853 728,1851 755,1850"/>
                <TextEquiv>
                    <Unicode>Süntz Mr</Unicode>
                </TextEquiv>
            </TextLine>
            <TextLine id="r1l10" custom="readingOrder {index:8;} person {offset:0; length:6; continued:true;} NE {offset:0; length:6;}">
                <Coords points="590,1983 623,1978 639,1991 703,1948 719,1945 737,1954 762,1946 759,1879 729,1866 707,1868 689,1887 667,1871 663,1876 629,1873 594,1897 584,1897"/>
                <Baseline points="596,1943 622,1941 649,1940 675,1938 702,1937 728,1934 755,1931"/>
                <TextEquiv>
                    <Unicode>Profos</Unicode>
                </TextEquiv>
            </TextLine>
            <TextLine id="r1l11" custom="readingOrder {index:9;} person {offset:0; length:6; continued:true;} NE {offset:0; length:6;}">
                <Coords points="448,2526 476,2536 491,2521 502,2525 523,2515 549,2530 579,2516 644,2523 642,2450 590,2439 559,2415 523,2432 469,2479 447,2481"/>
                <Baseline points="456,2511 481,2513 507,2511 533,2511 558,2508 584,2507 610,2507 636,2508"/>
                <TextEquiv>
                    <Unicode>Linder</Unicode>
                </TextEquiv>
            </TextLine>
            <TextLine id="r1l12" custom="readingOrder {index:10;} person {offset:0; length:5; continued:true;} NE {offset:0; length:5;}">
                <Coords points="466,2580 518,2571 554,2586 577,2567 592,2575 609,2568 624,2577 643,2569 641,2521 600,2519 578,2537 549,2530 535,2538 490,2523 473,2540 465,2540"/>
                <Baseline points="473,2567 500,2568 527,2568 554,2567 581,2565 608,2565 635,2564"/>
                <TextEquiv>
                    <Unicode>Maria</Unicode>
                </TextEquiv>
            </TextLine>
            <TextLine id="r1l13" custom="readingOrder {index:11;} person {offset:0; length:8; continued:true;} NE {offset:0; length:8;}">
                <Coords points="462,2670 478,2661 486,2667 509,2642 532,2634 550,2640 562,2631 583,2632 601,2646 614,2634 647,2637 672,2628 670,2572 649,2571 638,2580 606,2567 595,2576 577,2567 539,2601 527,2590 498,2587 459,2604"/>
                <Baseline points="468,2637 496,2635 524,2633 552,2631 580,2631 608,2630 636,2628 665,2627"/>
                <TextEquiv>
                    <Unicode>Gautschi</Unicode>
                </TextEquiv>
            </TextLine>
            <TextLine id="r1l14" custom="readingOrder {index:12;} person {offset:0; length:8; continued:true;} NE {offset:0; length:8;}">
                <Coords points="451,2702 489,2701 542,2718 564,2700 599,2698 633,2718 668,2694 683,2694 680,2611 623,2658 609,2660 563,2631 551,2640 541,2634 517,2641 485,2668 462,2646 449,2647"/>
                <Baseline points="458,2699 485,2696 512,2694 539,2693 566,2691 593,2690 620,2690 647,2690 675,2691"/>
                <TextEquiv>
                    <Unicode>Albrecht.</Unicode>
                </TextEquiv>
            </TextLine>
            <TextEquiv>
                <Unicode>26.&#13;
Grundtmann&#13;
Bendicht&#13;
Santschi.&#13;
Anna.&#13;
von Ballmos&#13;
Anna Maria&#13;
Süntz Mr&#13;
Profos&#13;
Linder&#13;
Maria&#13;
Gautschi&#13;
Albrecht.</Unicode>
            </TextEquiv>
        </TextRegion>
        <TextRegion orientation="0.0" id="r2" custom="readingOrder {index:1;}">
            <Coords points="797,232 797,2732 2100,2732 2100,232"/>
            <TextLine id="r2l1" custom="readingOrder {index:0;} NichtElternschaft {offset:0; length:6;} person {offset:11; length:6;} NE {offset:11; length:6;} AnklaegerIn {offset:11; length:6;} PRON {offset:38; length:6;} ADJ {offset:45; length:7;} NN {offset:53; length:6;}">
                <Coords points="790,292 1044,272 1126,307 1214,270 1362,322 1463,275 1606,327 1734,273 1897,337 2014,317 2014,245 1849,193 1745,240 1639,190 1524,216 1475,173 1283,210 1186,166 1090,202 1046,165 791,193"/>
                <Baseline points="798,275 858,273 918,273 979,272 1039,270 1100,269 1160,269 1221,267 1281,267 1342,266 1402,266 1462,266 1523,267 1583,267 1644,269 1704,271 1765,273 1825,276 1886,280 1946,284 2007,288"/>
                <TextEquiv>
                    <Unicode>Weilen Mr. Frutig der Heüwe gschauwen Minery frommen Herren</Unicode>
                </TextEquiv>
            </TextLine>
            <TextLine id="r2l2" custom="readingOrder {index:1;} VPAR {offset:0; length:9;} PRON {offset:15; length:9;} PRON {offset:29; length:3;} NN {offset:33; length:5;} ADJ {offset:45; length:3; continued:true;}">
                <Coords points="822,389 1332,398 1583,356 2062,417 2062,355 1814,303 1756,333 1688,288 1613,328 1454,284 1213,334 992,282 822,340"/>
                <Baseline points="831,365 892,365 953,365 1014,365 1075,363 1137,362 1198,360 1259,359 1320,357 1381,356 1443,356 1504,354 1565,354 1626,356 1687,356 1749,358 1810,362 1871,365 1932,371 1993,376 2055,384"/>
                <TextEquiv>
                    <Unicode>angezeigt, daß der selbe vor par Tagen einen ge¬</Unicode>
                </TextEquiv>
            </TextLine>
            <TextLine id="r2l3" custom="readingOrder {index:2;} ADJ {offset:0; length:5; continued:true;} person {offset:6; length:19;} AngeklagteR {offset:6; length:19;} NE {offset:6; length:8;} NE {offset:15; length:10;} person {offset:34; length:13;} AngeklagteR {offset:34; length:13;} NE {offset:34; length:4;} NE {offset:39; length:8;}">
                <Coords points="846,476 1087,448 1248,503 1363,444 1568,485 1672,439 1906,454 2030,512 2031,421 1884,377 1653,400 1580,356 1337,423 1293,379 1033,367 847,412"/>
                <Baseline points="855,444 913,446 971,446 1030,446 1088,446 1146,444 1205,443 1263,441 1321,440 1380,438 1438,437 1496,437 1555,435 1613,437 1671,437 1730,438 1788,441 1846,445 1905,451 1963,456 2022,465"/>
                <TextEquiv>
                    <Unicode>wüßen Bendicht Grundtmann bey der Anna Santschi</Unicode>
                </TextEquiv>
            </TextLine>
            <TextLine id="r2l4" custom="readingOrder {index:3;} place {offset:4; length:10;} NE {offset:4; length:10;} NN {offset:21; length:11;} PRON {offset:36; length:5;} NN {offset:42; length:8;}">
                <Coords points="839,543 1784,521 2091,555 2108,488 2053,518 1706,457 1639,493 1461,440 1328,498 1025,498 954,448 839,487"/>
                <Baseline points="846,528 908,527 971,527 1034,525 1096,523 1159,522 1222,521 1284,519 1347,518 1410,516 1473,516 1535,516 1598,516 1661,518 1723,519 1786,521 1849,524 1911,527 1974,532 2037,538 2100,545"/>
                <TextEquiv>
                    <Unicode>von Sigerißwyl einer Kellermagdt in ihrem Logement</Unicode>
                </TextEquiv>
            </TextLine>
            <TextLine id="r2l5" custom="readingOrder {index:4;} NN {offset:4; length:6;} ADJ {offset:11; length:5;} VPAR {offset:17; length:11;} PRON {offset:34; length:2;} PRON {offset:37; length:9;} VFINAUX {offset:47; length:4;}">
                <Coords points="819,608 2078,623 2078,556 1957,533 1630,575 1498,524 1310,568 1087,531 1026,570 819,553"/>
                <Baseline points="827,603 889,602 951,600 1013,599 1075,597 1137,596 1199,593 1262,592 1324,591 1386,590 1448,590 1510,590 1572,590 1634,590 1697,591 1759,593 1821,594 1883,597 1945,601 2007,606 2070,611"/>
                <TextEquiv>
                    <Unicode>deß Nachts spaht angetroffen, und Er daselbste habe</Unicode>
                </TextEquiv>
            </TextLine>
            <TextLine id="r2l6" custom="readingOrder {index:5;} VINFZU {offset:0; length:11;} VINFZU {offset:12; length:6;} VFINAUX {offset:23; length:4;} PRON {offset:28; length:5;} PRON {offset:34; length:5;} ADV {offset:45; length:5;}">
                <Coords points="831,704 1129,671 1381,718 1441,665 1548,699 1610,668 1695,724 1798,669 2036,685 2035,618 1901,596 1807,645 1552,593 1124,647 830,613"/>
                <Baseline points="839,677 898,675 957,672 1017,671 1076,669 1136,668 1195,666 1255,665 1314,664 1374,663 1433,663 1492,663 1552,663 1611,663 1671,663 1730,665 1790,666 1849,668 1909,671 1968,673 2028,675"/>
                <TextEquiv>
                    <Unicode>übernachten wollen, so sint diese beyde auff Heüte</Unicode>
                </TextEquiv>
            </TextLine>
            <TextLine id="r2l7" custom="readingOrder {index:6;} PRON {offset:4; length:6;} ADJ {offset:11; length:7;} NN {offset:19; length:6;} ADJ {offset:26; length:10;} ADV {offset:41; length:8;} VPAR {offset:57; length:8;} VFINAUX {offset:66; length:6;}">
                <Coords points="826,769 930,751 994,795 1100,742 1438,734 1580,738 1646,785 1696,739 2080,755 2080,704 1675,715 1603,668 1381,718 1109,670 826,719"/>
                <Baseline points="834,750 895,747 957,746 1019,743 1081,741 1143,740 1205,737 1267,736 1329,734 1391,734 1453,732 1514,732 1576,732 1638,732 1700,734 1762,735 1824,735 1886,738 1948,741 2010,744 2072,747"/>
                <TextEquiv>
                    <Unicode>vor Minery frommen Herren bescheiden und hierüber zu red gestoßen worden,</Unicode>
                </TextEquiv>
            </TextLine>
            <TextLine id="r2l8" custom="readingOrder {index:7;} PRON {offset:7; length:10;} ADV {offset:23; length:8;} VPAR {offset:32; length:9;} PRON {offset:47; length:10;}">
                <Coords points="831,835 1251,808 1352,842 1399,805 1494,857 1591,813 1627,843 1914,806 2040,857 2079,840 2078,752 1817,773 1773,737 1632,783 1588,741 1308,739 1256,778 1093,748 830,787"/>
                <Baseline points="839,816 900,814 962,812 1023,809 1085,807 1146,804 1208,803 1269,801 1331,800 1392,800 1454,798 1516,798 1577,798 1639,798 1700,798 1762,800 1823,800 1885,801 1946,804 2008,806 2070,809"/>
                <TextEquiv>
                    <Unicode>Weilen die Selben aber scharpff gelaugnet, daß die selben</Unicode>
                </TextEquiv>
            </TextLine>
            <TextLine id="r2l9" custom="readingOrder {index:8;} NN {offset:6; length:14;} ADV {offset:21; length:12;} VFINAUX {offset:34; length:6;}">
                <Coords points="826,897 965,882 1094,929 1284,875 2009,897 2066,892 2066,813 1872,843 1591,813 1489,853 1132,811 1073,851 963,820 826,850"/>
                <Baseline points="834,881 895,879 956,877 1017,876 1078,874 1140,873 1201,872 1262,870 1323,870 1384,869 1446,869 1507,869 1568,869 1629,869 1690,870 1752,870 1813,872 1874,873 1935,875 1996,876 2058,879"/>
                <TextEquiv>
                    <Unicode>etwas ungebührliches mit einander verübt oder etwas</Unicode>
                </TextEquiv>
            </TextLine>
            <TextLine id="r2l10" custom="readingOrder {index:9;} person {offset:4; length:8;} NE {offset:4; length:8;}">
                <Coords points="1767,915 1806,923 1839,907 1854,924 1899,919 1905,913 1922,928 1942,928 1944,877 1926,879 1915,872 1873,880 1842,867 1797,876 1769,869"/>
                <Baseline points="1776,899 1802,900 1829,900 1855,900 1882,901 1908,904 1935,908"/>
                <TextEquiv>
                    <Unicode>die Santschi</Unicode>
                </TextEquiv>
            </TextLine>
            <TextLine id="r2l11" custom="readingOrder {index:10;} PRON {offset:0; length:11;} NN {offset:15; length:4;} VPAR {offset:20; length:6;} ADV {offset:32; length:8;} textStyle {offset:41; length:5;strikethrough:true;} PRON {offset:41; length:5;} NN {offset:47; length:7; continued:true;}">
                <Coords points="829,961 961,993 1045,955 1178,986 1240,949 1665,940 1806,991 1855,952 1967,989 2080,956 2079,907 2030,896 1743,920 1650,876 1530,922 1454,876 1193,930 973,891 828,924"/>
                <Baseline points="836,956 897,955 959,953 1021,951 1083,950 1145,947 1206,946 1268,944 1330,942 1392,941 1454,940 1515,939 1577,938 1639,938 1701,938 1763,939 1824,939 1886,942 1948,944 2010,946 2072,950"/>
                <TextEquiv>
                    <Unicode>dergleichen im sinn gehabt, und übrigens Ihres Verhal¬</Unicode>
                </TextEquiv>
            </TextLine>
            <TextLine id="r2l12" custom="readingOrder {index:11;} NN {offset:0; length:4; continued:true;} ADJ {offset:14; length:5;} NN {offset:20; length:10;} VINFZU {offset:31; length:8;} VPAR {offset:40; length:7;}">
                <Coords points="826,1044 1659,1011 1725,1059 1806,1019 1951,1042 2023,1020 2022,969 1747,993 1671,943 1560,981 1378,949 825,1000"/>
                <Baseline points="834,1028 893,1024 952,1022 1011,1019 1070,1016 1129,1014 1188,1013 1247,1011 1306,1010 1365,1010 1424,1008 1483,1008 1542,1008 1601,1008 1660,1008 1719,1008 1778,1010 1837,1010 1896,1011 1955,1012 2015,1013"/>
                <TextEquiv>
                    <Unicode>tens halb mit guten Attestatis versehen gewesen, so</Unicode>
                </TextEquiv>
            </TextLine>
            <TextLine id="r2l13" custom="readingOrder {index:12;} VFINAUX {offset:0; length:5;} PRON {offset:6; length:6;} ADJ {offset:13; length:7;} NN {offset:21; length:6;} PRON {offset:28; length:10;} NN {offset:49; length:10;}">
                <Coords points="824,1147 924,1104 1107,1136 1481,1079 2063,1118 2101,1052 1710,1057 1659,1011 1407,1059 1292,1011 822,1042"/>
                <Baseline points="831,1103 894,1100 957,1098 1020,1095 1083,1092 1146,1091 1209,1088 1273,1086 1336,1085 1399,1083 1462,1082 1525,1081 1588,1080 1651,1080 1715,1080 1778,1082 1841,1082 1904,1083 1967,1086 2030,1088 2094,1091"/>
                <TextEquiv>
                    <Unicode>Haben Minery frommen Herren die Selben mit einer Vermahnung vor dißmah¬</Unicode>
                </TextEquiv>
            </TextLine>
            <TextLine id="r2l14" custom="readingOrder {index:13;} VPAR {offset:4; length:10;} PRON {offset:16; length:6;} VFINAUX {offset:32; length:5;} NN {offset:38; length:4;}">
                <Coords points="804,1188 2050,1161 2049,1097 1877,1130 1739,1078 1493,1121 1428,1089 1107,1136 1051,1102 803,1121"/>
                <Baseline points="812,1173 873,1170 935,1167 996,1164 1058,1163 1119,1160 1181,1158 1242,1155 1304,1154 1365,1152 1427,1151 1488,1151 1550,1149 1611,1149 1673,1149 1734,1149 1796,1149 1857,1149 1919,1149 1980,1151 2042,1151"/>
                <TextEquiv>
                    <Unicode>len dimittiert, dieses aber auf allen Fahl hin, daß die</Unicode>
                </TextEquiv>
            </TextLine>
            <TextLine id="r2l15" custom="readingOrder {index:14;} person {offset:0; length:8;} NE {offset:0; length:8;} PRON {offset:13; length:4;} person {offset:18; length:10;} NE {offset:18; length:10;} PRON {offset:29; length:4;} ADJ {offset:34; length:9;} VINFZU {offset:44; length:8;} VFINAUX {offset:53; length:6;}">
                <Coords points="814,1283 887,1244 964,1283 1123,1242 1194,1277 1357,1226 1428,1265 1827,1222 2081,1252 2064,1166 2002,1202 1853,1158 1663,1200 1367,1163 1271,1207 813,1188"/>
                <Baseline points="821,1238 883,1236 946,1235 1008,1233 1071,1232 1133,1230 1196,1228 1258,1226 1321,1225 1383,1223 1446,1221 1509,1220 1571,1220 1634,1218 1696,1218 1759,1218 1821,1220 1884,1220 1946,1222 2009,1224 2072,1227"/>
                <TextEquiv>
                    <Unicode>Santschi von ihme Grundtmann sich schwanger befinden möchte,</Unicode>
                </TextEquiv>
            </TextLine>
            <TextLine id="r2l16" custom="readingOrder {index:15;} ADV {offset:0; length:7;} VINFZU {offset:20; length:6;} VPAR {offset:27; length:10;}">
                <Coords points="823,1357 1014,1304 1129,1308 1180,1351 1227,1308 1569,1336 1611,1302 1709,1295 1596,1230 1463,1277 1365,1250 1297,1275 1234,1243 1184,1277 1099,1244 1072,1270 964,1283 906,1258 822,1285"/>
                <Baseline points="830,1310 873,1308 917,1307 960,1305 1004,1304 1047,1302 1091,1302 1134,1301 1178,1299 1221,1299 1265,1298 1308,1297 1352,1296 1395,1296 1439,1295 1482,1295 1526,1295 1569,1295 1613,1295 1656,1295 1700,1295"/>
                <TextEquiv>
                    <Unicode>allhier ad Notam zu nemmen anbefohlen.</Unicode>
                </TextEquiv>
            </TextLine>
            <TextLine id="r2l18" custom="readingOrder {index:16;} person {offset:0; length:22;} AngeklagteR {offset:0; length:22;} NichtElternschaft {offset:0; length:22;} NE {offset:0; length:4;} NE {offset:5; length:5;} NE {offset:15; length:7;} place {offset:27; length:9;} NE {offset:27; length:9;} VPAR {offset:40; length:11;}">
                <Coords points="805,1478 1480,1435 1653,1481 1722,1444 2080,1454 2079,1406 1798,1360 1382,1369 1316,1420 1211,1370 1104,1415 803,1376"/>
                <Baseline points="813,1454 879,1451 945,1448 1011,1445 1078,1443 1144,1441 1210,1439 1276,1439 1343,1437 1409,1436 1475,1435 1541,1434 1608,1434 1674,1433 1740,1433 1806,1433 1873,1433 1939,1433 2005,1433 2072,1433"/>
                <TextEquiv>
                    <Unicode>Anna Maria von Ballmos von Burgdorff so verwichenen</Unicode>
                </TextEquiv>
            </TextLine>
            <TextLine id="r2l19" custom="readingOrder {index:17;} NN {offset:0; length:5;} NN {offset:10; length:6;} NN {offset:22; length:6;} VPAR {offset:29; length:7;} VPAR {offset:37; length:6;} VFINAUX {offset:45; length:5;}">
                <Coords points="833,1544 1416,1512 1618,1553 1707,1515 2051,1512 2050,1449 1980,1487 1481,1441 1320,1477 1023,1462 972,1506 832,1461"/>
                <Baseline points="842,1529 902,1525 962,1523 1022,1520 1082,1518 1142,1517 1202,1515 1262,1514 1322,1512 1382,1512 1442,1511 1502,1511 1562,1510 1622,1509 1682,1509 1742,1508 1802,1508 1862,1508 1922,1506 1982,1506 2042,1505"/>
                <TextEquiv>
                    <Unicode>Tagen deß Nachts ohne Liecht bezogen worden, wurde</Unicode>
                </TextEquiv>
            </TextLine>
            <TextLine id="r2l20" custom="readingOrder {index:18;} PRON {offset:0; length:6;} ADJ {offset:7; length:7;} NN {offset:15; length:6;} VPAR {offset:22; length:11;} PRON {offset:47; length:9;} ADV {offset:57; length:12;}">
                <Coords points="828,1632 2038,1594 2036,1541 1827,1511 1127,1576 826,1541"/>
                <Baseline points="836,1607 895,1604 955,1602 1015,1599 1074,1597 1134,1595 1194,1593 1253,1592 1313,1590 1373,1589 1433,1587 1492,1586 1552,1585 1612,1584 1671,1583 1731,1583 1791,1581 1850,1581 1910,1580 1970,1580 2030,1580"/>
                <TextEquiv>
                    <Unicode>Minery frommen Herren vorgestellt, weilen aber die selbe bescheinlich</Unicode>
                </TextEquiv>
            </TextLine>
            <TextLine id="r2l21" custom="readingOrder {index:19;} VPAR {offset:0; length:7;} PRON {offset:13; length:3;} ADJ {offset:26; length:9;} NN {offset:36; length:6;} PRON {offset:43; length:4;} VFINAUX {offset:48; length:7;}">
                <Coords points="819,1717 916,1691 974,1727 1050,1676 1501,1667 1606,1703 1738,1664 1791,1701 2089,1662 2060,1580 1809,1629 1577,1597 1489,1646 1065,1639 1015,1603 818,1656"/>
                <Baseline points="827,1677 889,1676 952,1674 1015,1673 1077,1671 1140,1670 1203,1668 1265,1667 1328,1665 1391,1664 1454,1662 1516,1661 1579,1659 1642,1659 1704,1658 1767,1656 1830,1656 1892,1655 1955,1655 2018,1655 2081,1655"/>
                <TextEquiv>
                    <Unicode>gemacht, daß sie in einem ehrlichen Dienst sich befindt</Unicode>
                </TextEquiv>
            </TextLine>
            <TextLine id="r2l22" custom="readingOrder {index:20;} ADV {offset:4; length:7;} PRON {offset:16; length:5;} NN {offset:22; length:7;} NN {offset:30; length:7;} VPAR {offset:38; length:12;}">
                <Coords points="831,1757 1399,1737 1470,1774 1527,1732 1649,1776 1793,1730 1916,1768 2080,1730 2079,1663 1773,1712 1719,1673 1601,1705 1430,1668 1362,1716 1298,1686 830,1717"/>
                <Baseline points="839,1742 900,1741 962,1740 1023,1740 1085,1740 1147,1739 1208,1739 1270,1737 1332,1736 1393,1736 1455,1734 1517,1733 1578,1731 1640,1731 1702,1729 1763,1728 1825,1727 1887,1725 1948,1724 2010,1722 2072,1721"/>
                <TextEquiv>
                    <Unicode>und damahls von ihren Meister leüthen außgeschickt</Unicode>
                </TextEquiv>
            </TextLine>
            <TextLine id="r2l23" custom="readingOrder {index:21;} VPAR {offset:0; length:6;} VFINAUX {offset:11; length:3;} PRON {offset:15; length:7;} NN {offset:33; length:10;} VPAR {offset:44; length:10;}">
                <Coords points="817,1835 1534,1803 1723,1854 1819,1801 2078,1824 2076,1738 1715,1740 1635,1777 1395,1737 1347,1785 1049,1750 816,1791"/>
                <Baseline points="824,1818 886,1817 948,1815 1010,1814 1073,1812 1135,1810 1197,1808 1259,1806 1322,1805 1384,1802 1446,1800 1508,1799 1571,1797 1633,1796 1695,1795 1757,1794 1820,1793 1882,1793 1944,1793 2006,1793 2069,1793"/>
                <TextEquiv>
                    <Unicode>worden, so ist selbige mit einer Vermahnung dimittiert,</Unicode>
                </TextEquiv>
            </TextLine>
            <TextLine id="r2l24" custom="readingOrder {index:22;} person {offset:8; length:5;} NE {offset:8; length:5;} NN {offset:18; length:8;} ADV {offset:32; length:12;} VPAR {offset:45; length:5; continued:true;}">
                <Coords points="818,1917 2080,1872 2044,1802 1684,1851 1357,1808 1266,1863 1074,1811 817,1863"/>
                <Baseline points="825,1896 887,1893 949,1892 1012,1890 1074,1888 1136,1886 1199,1884 1261,1881 1323,1880 1386,1877 1448,1875 1510,1874 1573,1872 1635,1870 1697,1868 1760,1867 1822,1866 1884,1865 1947,1863 2009,1863 2072,1862"/>
                <TextEquiv>
                    <Unicode>dem Mr. Düntz dem Provosen dann wiedermahlen anbe¬</Unicode>
                </TextEquiv>
            </TextLine>
            <TextLine id="r2l25" custom="readingOrder {index:23;} VPAR {offset:0; length:6; continued:true;} VPAR {offset:7; length:6;} ADJ {offset:27; length:8;} NN {offset:36; length:9;}">
                <Coords points="810,1992 978,1961 1302,2010 1396,1943 1456,1992 1523,1944 1746,1979 1884,1948 1957,1989 2091,1948 2089,1880 2028,1877 1881,1923 1749,1879 1494,1923 1447,1887 1158,1931 1103,1900 1032,1938 808,1899"/>
                <Baseline points="818,1973 881,1970 944,1967 1007,1964 1070,1961 1134,1959 1197,1956 1260,1955 1323,1952 1386,1950 1450,1949 1513,1947 1576,1945 1639,1944 1702,1943 1766,1941 1829,1940 1892,1938 1955,1937 2018,1937 2082,1935"/>
                <TextEquiv>
                    <Unicode>fohlen worden, fürohin der gleichen Persohnen nicht in</Unicode>
                </TextEquiv>
            </TextLine>
            <TextLine id="r2l26" custom="readingOrder {index:24;} NN {offset:4; length:15;} VINFZU {offset:23; length:6;} PRON {offset:35; length:2;} PRON {offset:38; length:4;} NN {offset:47; length:12;}">
                <Coords points="811,2100 901,2051 1116,2087 1520,2023 1965,2061 2074,2045 2072,1974 2002,1947 1956,1992 1852,1989 1793,1936 1653,1985 1532,1944 1471,1993 1067,2015 1015,1972 809,2026"/>
                <Baseline points="818,2046 880,2045 942,2043 1005,2042 1067,2039 1130,2037 1192,2034 1254,2031 1317,2029 1379,2026 1442,2024 1504,2021 1566,2019 1629,2016 1691,2015 1754,2013 1816,2012 1878,2012 1941,2012 2003,2013 2066,2015"/>
                <TextEquiv>
                    <Unicode>die Gefangenschafft zu setzen, biß Er sich deß eigentlichen</Unicode>
                </TextEquiv>
            </TextLine>
            <TextLine id="r2l27" custom="readingOrder {index:25;} VFINAUX {offset:0; length:10;} PRON {offset:15; length:7;} NN {offset:30; length:4;} ADJ {offset:35; length:10;} PRON {offset:46; length:4;} VINFZU {offset:51; length:8;}">
                <Coords points="817,2136 1180,2117 1232,2156 1623,2096 1921,2146 2078,2111 2076,2052 1747,2029 1691,2066 1513,2032 1347,2081 944,2088 901,2051 816,2082"/>
                <Baseline points="824,2120 886,2117 948,2115 1010,2114 1073,2111 1135,2109 1197,2107 1259,2105 1322,2102 1384,2100 1446,2099 1508,2097 1571,2094 1633,2093 1695,2093 1757,2091 1820,2091 1882,2090 1944,2090 2006,2090 2069,2091"/>
                <TextEquiv>
                    <Unicode>informiert, ob selbige in der That dienstloos sich befinden,</Unicode>
                </TextEquiv>
            </TextLine>
            <TextLine id="r2l28" custom="readingOrder {index:26;} PRON {offset:31; length:2;} ADV {offset:34; length:6;} PRON {offset:41; length:5;} NN {offset:47; length:8; continued:true;}">
                <Coords points="809,2227 1155,2178 1252,2220 1490,2177 1601,2218 1651,2173 2097,2178 2098,2138 1505,2099 1379,2156 1310,2123 1234,2160 1128,2121 806,2133"/>
                <Baseline points="816,2192 879,2190 943,2189 1007,2187 1070,2186 1134,2184 1198,2182 1261,2180 1325,2178 1389,2177 1453,2175 1516,2173 1580,2171 1644,2170 1707,2168 1771,2166 1835,2165 1898,2163 1962,2163 2026,2162 2090,2160"/>
                <TextEquiv>
                    <Unicode>da dann auch dißmahlen, weilen Er wieder seine Instrue¬</Unicode>
                </TextEquiv>
            </TextLine>
            <TextLine id="r2l29" custom="readingOrder {index:27;} NN {offset:0; length:4; continued:true;} VPAR {offset:5; length:9;} PRON {offset:16; length:4;} VPAR {offset:31; length:8;} NN {offset:40; length:5;} VPAR {offset:46; length:5; continued:true;}">
                <Coords points="808,2310 898,2269 966,2312 1150,2261 1225,2313 2083,2259 2081,2203 1945,2168 1672,2227 1553,2188 1216,2222 1156,2177 1041,2233 806,2219"/>
                <Baseline points="815,2267 878,2265 941,2264 1004,2262 1067,2261 1130,2258 1193,2256 1256,2255 1319,2253 1382,2252 1445,2250 1508,2248 1571,2247 1634,2246 1697,2244 1760,2243 1823,2243 1886,2242 1949,2241 2012,2241 2075,2243"/>
                <TextEquiv>
                    <Unicode>tion gehandlet, ihme das sonst gewohnte Pfund abge¬</Unicode>
                </TextEquiv>
            </TextLine>
            <TextLine id="r2l30" custom="readingOrder {index:28;} VPAR {offset:0; length:9; continued:true;} VPAR {offset:10; length:6;}">
                <Coords points="791,2376 825,2356 859,2387 888,2389 954,2353 1035,2337 1173,2329 1228,2340 1227,2314 1194,2301 1155,2309 1109,2282 1056,2306 1016,2298 965,2314 889,2279 788,2316"/>
                <Baseline points="797,2343 823,2343 849,2342 876,2342 902,2340 929,2339 955,2337 982,2335 1008,2334 1034,2331 1061,2331 1087,2330 1114,2330 1140,2330 1167,2330 1193,2332 1326,2330"/>
                <TextEquiv>
                    <Unicode>gsprochen worden.</Unicode>
                </TextEquiv>
            </TextLine>
            <TextLine id="r2l31" custom="readingOrder {index:29;} place {offset:0; length:11;} NE {offset:0; length:11;} NichtElternschaft {offset:0; length:11;} NN {offset:26; length:6;}">
                <Coords points="815,2520 949,2533 1131,2475 1327,2527 1500,2471 1602,2509 1685,2472 1991,2484 2065,2471 2063,2369 1800,2418 1007,2389 873,2465 814,2453"/>
                <Baseline points="822,2490 883,2487 945,2484 1007,2482 1069,2480 1131,2477 1192,2475 1254,2474 1316,2472 1378,2471 1440,2471 1501,2469 1563,2468 1625,2468 1687,2467 1749,2466 1810,2466 1872,2465 1934,2465 1996,2463 2058,2463"/>
                <TextEquiv>
                    <Unicode>Lauthzeduls von MngH. den Rähten vom 23ten Curr</Unicode>
                </TextEquiv>
            </TextLine>
            <TextLine id="r2l32" custom="readingOrder {index:30;} VFINAUX {offset:0; length:5;} PRON {offset:11; length:10;} VPAR {offset:22; length:7;} place {offset:46; length:9; continued:true;} NE {offset:46; length:9; continued:true;}">
                <Coords points="800,2606 884,2566 1465,2538 1826,2587 1939,2538 2060,2558 2059,2512 1802,2470 1720,2522 1654,2479 1333,2528 1177,2479 1005,2489 923,2541 798,2510"/>
                <Baseline points="807,2565 869,2561 931,2559 993,2556 1055,2555 1118,2552 1180,2550 1242,2549 1304,2548 1366,2547 1429,2546 1491,2545 1553,2544 1615,2543 1677,2543 1740,2541 1802,2541 1864,2540 1926,2538 1988,2537 2051,2535"/>
                <TextEquiv>
                    <Unicode>Haben hoch die Selben erkennt, daß der in die Schallen¬</Unicode>
                </TextEquiv>
            </TextLine>
            <TextLine id="r2l33" custom="readingOrder {index:31;} place {offset:0; length:5; continued:true;} NE {offset:0; length:5; continued:true;} NN {offset:6; length:11;} VPAR {offset:18; length:9;} NN {offset:28; length:13;} person {offset:42; length:5; continued:true;} AngeklagteR {offset:42; length:5; continued:true;} NE {offset:42; length:5;}">
                <Coords points="811,2667 1529,2629 1650,2669 1751,2627 2031,2627 2031,2582 1350,2551 1237,2610 1144,2562 943,2560 810,2613"/>
                <Baseline points="819,2639 879,2637 939,2636 999,2634 1060,2633 1120,2631 1180,2630 1240,2630 1301,2628 1361,2628 1421,2627 1481,2627 1542,2625 1602,2625 1662,2624 1722,2622 1783,2621 1843,2620 1903,2619 1963,2617 2024,2615"/>
                <TextEquiv>
                    <Unicode>werck spinnstuben erkennten Heimatthlosen Maria</Unicode>
                </TextEquiv>
            </TextLine>
            <TextLine id="r2l34" custom="readingOrder {index:32;} person {offset:0; length:6; continued:true;} AngeklagteR {offset:0; length:6; continued:true;} NE {offset:0; length:6;} person {offset:15; length:18;} AngeklagteR {offset:15; length:18;} NE {offset:15; length:8;} place {offset:38; length:6;} NE {offset:38; length:6;} VPAR {offset:45; length:9;}">
                <Coords points="811,2758 1227,2706 1366,2754 1479,2716 1607,2758 1905,2751 2078,2705 2077,2630 2009,2677 1384,2631 1198,2669 1091,2643 1032,2685 901,2640 811,2687"/>
                <Baseline points="819,2715 881,2712 944,2709 1006,2708 1069,2706 1131,2705 1194,2705 1256,2703 1319,2703 1381,2703 1444,2702 1507,2702 1569,2702 1632,2702 1694,2702 1757,2700 1819,2700 1882,2699 1944,2697 2007,2696 2070,2694"/>
                <TextEquiv>
                    <Unicode>Linder mit dem Albrecht Gautschli von Rynach erzeügete</Unicode>
                </TextEquiv>
            </TextLine>
            <TextEquiv>
                <Unicode>Weilen Mr. Frutig der Heüwe gschauwen Minery frommen Herren
angezeigt, daß der selbe vor par Tagen einen ge¬
wüßen Bendicht Grundtmann bey der Anna Santschi
von Sigerißwyl einer Kellermagdt in ihrem Logement
deß Nachts spaht angetroffen, und Er daselbste habe
übernachten wollen, so sint diese beyde auff Heüte
vor Minery frommen Herren bescheiden und hierüber zu red gestoßen worden,
Weilen die Selben aber scharpff gelaugnet, daß die selben
etwas ungebührliches mit einander verübt oder etwas
die Santschi
dergleichen im sinn gehabt, und übrigens Ihres Verhal¬
tens halb mit guten Attestatis versehen gewesen, so
Haben Minery frommen Herren die Selben mit einer Vermahnung vor dißmah¬
len dimittiert, dieses aber auf allen Fahl hin, daß die
Santschi von ihme Grundtmann sich schwanger befinden möchte,
allhier ad Notam zu nemmen anbefohlen.
Anna Maria von Ballmos von Burgdorff so verwichenen
Tagen deß Nachts ohne Liecht bezogen worden, wurde
Minery frommen Herren vorgestellt, weilen aber die selbe bescheinlich
gemacht, daß sie in einem ehrlichen Dienst sich befindt
und damahls von ihren Meister leüthen außgeschickt
worden, so ist selbige mit einer Vermahnung dimittiert,
dem Mr. Düntz dem Provosen dann wiedermahlen anbe¬
fohlen worden, fürohin der gleichen Persohnen nicht in
die Gefangenschafft zu setzen, biß Er sich deß eigentlichen
informiert, ob selbige in der That dienstloos sich befinden,
da dann auch dißmahlen, weilen Er wieder seine Instrue¬
tion gehandlet, ihme das sonst gewohnte Pfund abge¬
gsprochen worden.
Lauthzeduls von MngH. den Rähten vom 23ten Curr
Haben hoch die Selben erkennt, daß der in die Schallen¬
werck spinnstuben erkennten Heimatthlosen Maria
Linder mit dem Albrecht Gautschli von Rynach erzeügete</Unicode>
            </TextEquiv>
        </TextRegion>
        <TextRegion orientation="0.0" id="r3" custom="readingOrder {index:2;}">
            <Coords points="2175,754 2175,2748 2481,2748 2481,754"/>
            <TextLine id="r3l1" custom="readingOrder {index:0;} person {offset:0; length:10; continued:true;} NE {offset:0; length:10;}">
                <Coords points="2184,851 2215,854 2241,823 2273,828 2311,809 2358,813 2370,802 2405,811 2489,793 2478,685 2372,763 2337,744 2296,750 2227,733 2195,770 2176,767"/>
                <Baseline points="2189,815 2215,812 2242,810 2268,807 2295,804 2321,800 2348,798 2374,795 2401,792 2427,791 2454,788 2481,786"/>
                <TextEquiv>
                    <Unicode>Zimmermann</Unicode>
                </TextEquiv>
            </TextLine>
            <TextLine id="r3l2" custom="readingOrder {index:1;} person {offset:0; length:4; continued:true;} NE {offset:0; length:4;}">
                <Coords points="2184,901 2202,903 2215,891 2236,904 2250,894 2262,898 2286,886 2300,890 2314,878 2347,871 2342,827 2331,828 2324,837 2318,833 2297,839 2280,836 2262,822 2242,823 2221,848 2189,823 2175,827"/>
                <Baseline points="2190,888 2219,886 2249,882 2279,878 2309,873 2339,872"/>
                <TextEquiv>
                    <Unicode>Hans</Unicode>
                </TextEquiv>
            </TextLine>
            <TextLine id="r3l3" custom="readingOrder {index:2;} person {offset:0; length:5; continued:true;} NE {offset:0; length:5;}">
                <Coords points="2210,1002 2250,972 2257,976 2272,969 2283,976 2305,962 2317,970 2327,959 2336,963 2343,956 2350,960 2364,955 2356,892 2348,893 2328,916 2287,921 2255,902 2238,901 2212,935 2203,937"/>
                <Baseline points="2213,962 2241,962 2269,959 2297,955 2325,951 2354,947"/>
                <TextEquiv>
                    <Unicode>Jacob</Unicode>
                </TextEquiv>
            </TextLine>
            <TextLine id="r3l4" custom="readingOrder {index:3;} person {offset:0; length:7; continued:true;} NE {offset:0; length:7;}">
                <Coords points="2204,1064 2255,1059 2273,1048 2292,1056 2306,1039 2326,1045 2369,1034 2402,1040 2426,1026 2421,986 2403,985 2343,956 2310,986 2288,989 2272,976 2251,973 2221,996 2205,983 2195,988"/>
                <Baseline points="2211,1047 2236,1046 2262,1043 2288,1040 2314,1036 2340,1032 2366,1028 2392,1026 2418,1023"/>
                <TextEquiv>
                    <Unicode>Barbara</Unicode>
                </TextEquiv>
            </TextLine>
            <TextLine id="r3l5" custom="readingOrder {index:4;} person {offset:0; length:9; continued:true;} NE {offset:0; length:9;}">
                <Coords points="2185,1620 2200,1623 2229,1592 2274,1577 2304,1584 2355,1575 2382,1581 2399,1570 2414,1582 2432,1577 2430,1505 2404,1501 2371,1518 2347,1504 2255,1504 2232,1509 2214,1529 2183,1525"/>
                <Baseline points="2192,1575 2217,1573 2243,1571 2269,1569 2294,1569 2320,1569 2346,1569 2371,1569 2397,1569 2423,1568"/>
                <TextEquiv>
                    <Unicode>Eberhardt</Unicode>
                </TextEquiv>
            </TextLine>
            <TextLine id="r3l6" custom="readingOrder {index:5;} person {offset:0; length:5; continued:true;} NE {offset:0; length:5;}">
                <Coords points="2198,1662 2219,1656 2245,1663 2254,1653 2275,1658 2383,1654 2381,1603 2370,1603 2339,1582 2318,1586 2293,1610 2234,1588 2215,1602 2196,1603"/>
                <Baseline points="2205,1647 2233,1646 2261,1645 2290,1644 2318,1643 2346,1641 2375,1640"/>
                <TextEquiv>
                    <Unicode>Maria</Unicode>
                </TextEquiv>
            </TextLine>
            <TextLine id="r3l7" custom="readingOrder {index:6;} person {offset:0; length:7; continued:true;} NE {offset:0; length:7;}">
                <Coords points="2167,2573 2194,2563 2248,2565 2262,2555 2313,2568 2340,2561 2350,2571 2368,2563 2436,2569 2447,2566 2447,2519 2417,2515 2377,2531 2319,2491 2294,2510 2259,2499 2241,2509 2214,2487 2186,2505 2166,2500"/>
                <Baseline points="2175,2558 2201,2558 2227,2558 2254,2558 2280,2558 2307,2558 2333,2558 2359,2558 2386,2558 2412,2557 2439,2556"/>
                <TextEquiv>
                    <Unicode>Nußbaum</Unicode>
                </TextEquiv>
            </TextLine>
            <TextLine id="r3l8" custom="readingOrder {index:7;} person {offset:0; length:7; continued:true;} NE {offset:0; length:7;}">
                <Coords points="2172,2639 2196,2627 2222,2634 2244,2618 2265,2624 2293,2615 2301,2623 2316,2618 2368,2625 2368,2566 2271,2565 2261,2557 2234,2572 2203,2561 2172,2573"/>
                <Baseline points="2180,2613 2205,2611 2231,2610 2257,2611 2282,2613 2308,2613 2334,2612 2360,2609"/>
                <TextEquiv>
                    <Unicode>Elßbeth</Unicode>
                </TextEquiv>
            </TextLine>
            <TextLine id="r3l9" custom="readingOrder {index:8;} person {offset:0; length:6; continued:true;} NE {offset:0; length:6;}">
                <Coords points="2175,2674 2216,2675 2227,2687 2243,2678 2282,2717 2316,2704 2339,2682 2390,2701 2391,2648 2367,2638 2345,2650 2309,2625 2291,2638 2253,2624 2221,2634 2176,2627"/>
                <Baseline points="2183,2667 2211,2670 2239,2672 2268,2673 2296,2673 2325,2673 2353,2673 2382,2675"/>
                <TextEquiv>
                    <Unicode>Wagner</Unicode>
                </TextEquiv>
            </TextLine>
            <TextLine id="r3l10" custom="readingOrder {index:9;} person {offset:0; length:8; continued:true;} NE {offset:0; length:8;}">
                <Coords points="2168,2750 2189,2746 2200,2758 2228,2764 2262,2750 2284,2766 2312,2751 2322,2763 2356,2758 2360,2688 2341,2682 2316,2705 2282,2716 2244,2677 2223,2682 2214,2675 2172,2675"/>
                <Baseline points="2178,2726 2206,2726 2235,2726 2263,2727 2292,2730 2320,2732 2349,2735"/>
                <TextEquiv>
                    <Unicode>Johannes</Unicode>
                </TextEquiv>
            </TextLine>
            <TextEquiv>
                <Unicode>Zimmermann&#13;
Hans&#13;
Jacob&#13;
Barbara&#13;
Eberhardt&#13;
Maria&#13;
Nußbaum&#13;
Elßbeth&#13;
Wagner&#13;
Johannes</Unicode>
            </TextEquiv>
        </TextRegion>
        <TextRegion orientation="0.0" id="r4" custom="readingOrder {index:3;}">
            <Coords points="2538,288 2538,2768 3743,2768 3743,288"/>
            <TextLine id="r4l1" custom="readingOrder {index:0;}">
                <Coords points="3596,322 3608,326 3615,320 3633,318 3651,332 3669,330 3677,278 3667,277 3653,266 3644,272 3633,270 3630,266 3623,271 3604,270"/>
                <Baseline points="3605,312 3633,316 3662,321"/>
                <TextEquiv>
                    <Unicode>27.</Unicode>
                </TextEquiv>
            </TextLine>
            <TextLine id="r4l2" custom="readingOrder {index:1;} ADJ {offset:0; length:10;} NN {offset:11; length:4;} PRON {offset:21; length:7;} NN {offset:36; length:8;}">
                <Coords points="2545,315 2642,358 2811,326 2963,362 3653,375 3655,327 3576,300 3540,329 3165,249 2970,279 2904,235 2763,269 2548,245"/>
                <Baseline points="2553,320 2607,318 2662,318 2716,318 2771,318 2826,320 2880,321 2935,323 2989,326 3044,327 3099,331 3153,334 3208,336 3262,339 3317,342 3372,346 3426,349 3481,352 3535,354 3590,357 3645,359"/>
                <TextEquiv>
                    <Unicode>uneheliche Kind, biß solches nach 6 Monathen deß</Unicode>
                </TextEquiv>
            </TextLine>
            <TextLine id="r4l3" custom="readingOrder {index:2;} person {offset:0; length:9;} NE {offset:0; length:9;} organization {offset:10; length:7;} NN {offset:10; length:7;} VFINAUX {offset:18; length:5;} VINFZU {offset:24; length:9;} VINFZU {offset:34; length:6;} VINFZU {offset:41; length:6;}">
                <Coords points="2531,452 2999,392 3696,472 3699,412 3596,353 3514,406 3324,365 3264,395 3199,351 2939,381 2801,327 2534,373"/>
                <Baseline points="2541,402 2598,399 2655,397 2713,396 2770,395 2828,395 2885,396 2943,398 3000,399 3058,402 3115,404 3172,406 3230,410 3287,414 3345,417 3402,421 3460,425 3517,429 3575,432 3632,435 3690,440"/>
                <TextEquiv>
                    <Unicode>Gautschis Gemeind werde übergeben werden können,</Unicode>
                </TextEquiv>
            </TextLine>
            <TextLine id="r4l4" custom="readingOrder {index:3;} PRON {offset:3; length:6;} NN {offset:19; length:4;} place {offset:27; length:8;} NN {offset:27; length:8;} VPAR {offset:36; length:9;} VINFZU {offset:46; length:6;}">
                <Coords points="2535,503 2609,481 2666,516 2761,474 2835,504 2873,470 2926,502 3086,480 3126,522 3261,483 3349,539 3497,492 3667,515 3603,449 3262,451 3212,413 3082,437 2997,396 2923,435 2833,408 2537,452"/>
                <Baseline points="2544,479 2599,476 2655,473 2711,471 2767,470 2823,470 2878,470 2934,470 2990,471 3046,473 3102,474 3157,477 3213,479 3269,481 3325,485 3381,486 3436,489 3492,492 3548,494 3604,497 3660,498"/>
                <TextEquiv>
                    <Unicode>in dieser zwüschen Zeit im Spitthal verpflegt werden</Unicode>
                </TextEquiv>
            </TextLine>
            <TextLine id="r4l5" custom="readingOrder {index:4;} VFINAUX {offset:0; length:5;} PRON {offset:7; length:7;} ADV {offset:15; length:7;} VINFZU {offset:35; length:7;} VPAR {offset:43; length:8; continued:true;}">
                <Coords points="2550,568 2772,546 2856,582 2908,543 3016,603 3161,559 3712,589 3713,516 3674,499 3513,541 3327,531 3260,483 3128,521 2882,466 2669,521 2552,488"/>
                <Baseline points="2559,545 2616,543 2673,542 2730,540 2788,540 2845,539 2902,540 2959,540 3017,540 3074,542 3131,543 3188,545 3246,547 3303,549 3360,551 3417,554 3475,557 3532,560 3589,563 3646,567 3704,570"/>
                <TextEquiv>
                    <Unicode>solle. Welches allhier ad Notam zu nehmmen anbefoh¬</Unicode>
                </TextEquiv>
            </TextLine>
            <TextLine id="r4l6" custom="readingOrder {index:5;} VPAR {offset:0; length:3; continued:true;} VPAR {offset:4; length:6;}">
                <Coords points="2551,660 2633,624 2783,631 2799,646 2845,635 2876,641 2875,596 2797,588 2778,570 2751,566 2735,582 2719,575 2647,592 2607,568 2550,575"/>
                <Baseline points="2559,620 2584,618 2610,618 2636,617 2661,616 2687,615 2713,614 2738,614 2764,614 2790,614 2815,615 2841,617 2867,620"/>
                <TextEquiv>
                    <Unicode>len worden.</Unicode>
                </TextEquiv>
            </TextLine>
            <TextLine id="r4l7" custom="readingOrder {index:6;} NichtElternschaft {offset:0; length:5;} NN {offset:18; length:13;} person {offset:32; length:15;} AngeklagteR {offset:32; length:15;} NE {offset:32; length:4;} NE {offset:37; length:10;}">
                <Coords points="2553,784 2668,741 2915,734 3007,765 3250,739 3308,780 3384,749 3643,766 3655,707 3546,729 3371,640 3255,697 3130,648 2554,685"/>
                <Baseline points="2561,741 2615,738 2669,737 2723,735 2778,735 2832,734 2886,734 2941,734 2995,734 3049,734 3104,735 3158,737 3212,738 3266,740 3321,741 3375,743 3429,744 3484,748 3538,750 3592,753 3647,756"/>
                <TextEquiv>
                    <Unicode>Wegen dem von dem Heimatthlosen Hans Zimmermann</Unicode>
                </TextEquiv>
            </TextLine>
            <TextLine id="r4l8" custom="readingOrder {index:7;} person {offset:8; length:13;} AngeklagteR {offset:8; length:13;} NE {offset:8; length:7;} NE {offset:16; length:5;} place {offset:26; length:10;} PRON {offset:26; length:10;}">
                <Coords points="2552,828 3631,834 3674,828 3674,775 3530,786 3478,753 3298,787 3180,739 3030,781 2963,741 2820,769 2742,741 2552,791"/>
                <Baseline points="2559,812 2614,812 2669,810 2725,810 2780,809 2835,809 2891,809 2946,807 3001,807 3057,807 3112,807 3167,807 3223,809 3278,809 3333,810 3389,810 3444,812 3499,813 3555,816 3610,819 3666,821"/>
                <TextEquiv>
                    <Unicode>mit der Barbara Jacob von Rapperswyl begehrenden</Unicode>
                </TextEquiv>
            </TextLine>
            <TextLine id="r4l9" custom="readingOrder {index:8;} NN {offset:0; length:8;} VFINAUX {offset:10; length:5;} NN {offset:33; length:9;}">
                <Coords points="2551,911 2914,883 3018,937 3429,875 3617,914 3669,900 3670,817 3435,853 3368,813 3306,847 2986,808 2685,856 2551,827"/>
                <Baseline points="2559,885 2614,884 2669,882 2724,882 2779,881 2834,881 2889,879 2945,879 3000,879 3055,879 3110,878 3165,878 3220,879 3275,879 3331,879 3386,881 3441,881 3496,882 3551,884 3606,885 3662,888"/>
                <TextEquiv>
                    <Unicode>Heüwraht, haben MngH. lauth dero Erkantnuß</Unicode>
                </TextEquiv>
            </TextLine>
            <TextLine id="r4l10" custom="readingOrder {index:9;} ADV {offset:24; length:4;} VPAR {offset:29; length:9;} ADV {offset:40; length:8;}">
                <Coords points="2551,981 3696,977 3671,894 3497,892 3453,931 3344,897 3021,931 2901,883 2755,888 2674,937 2602,890 2551,914"/>
                <Baseline points="2559,960 2615,959 2671,958 2728,957 2784,956 2841,954 2897,953 2953,953 3010,951 3066,950 3123,950 3179,950 3235,948 3292,948 3348,948 3405,948 3461,950 3517,950 3574,951 3630,953 3687,954"/>
                <TextEquiv>
                    <Unicode>vom 23ten Curr: solchen zwar gestattet, zugleich aber</Unicode>
                </TextEquiv>
            </TextLine>
            <TextLine id="r4l11" custom="readingOrder {index:10;} VPAR {offset:0; length:10;} ADV {offset:22; length:4;} NN {offset:36; length:10;} PRON {offset:47; length:5;}">
                <Coords points="2551,1037 2685,1067 2747,1029 3089,1023 3201,1055 3321,1019 3373,1054 3582,1015 3624,1052 3698,1035 3698,973 2550,983"/>
                <Baseline points="2559,1029 2615,1028 2672,1026 2728,1025 2785,1023 2841,1022 2898,1020 2954,1019 3011,1019 3067,1017 3124,1017 3181,1017 3237,1016 3294,1016 3350,1016 3407,1017 3463,1017 3520,1017 3576,1019 3633,1020 3690,1020"/>
                <TextEquiv>
                    <Unicode>anbefohlen, daß allso bald nach der Copulation diese</Unicode>
                </TextEquiv>
            </TextLine>
            <TextLine id="r4l12" custom="readingOrder {index:11;} PRON {offset:0; length:5;} ADV {offset:6; length:4;} ADV {offset:15; length:11;} VPAR {offset:27; length:10;} NN {offset:38; length:4;}">
                <Coords points="2538,1107 2655,1133 3131,1085 3307,1125 3360,1080 3674,1090 3693,1040 3408,1022 3372,1055 3110,1065 3005,1022 2930,1069 2838,1032 2734,1073 2537,1045"/>
                <Baseline points="2546,1100 2603,1098 2660,1095 2717,1094 2774,1091 2831,1089 2888,1088 2945,1085 3002,1083 3059,1082 3116,1080 3173,1079 3230,1077 3287,1077 3344,1076 3401,1076 3458,1076 3515,1076 3572,1077 3629,1079 3686,1080"/>
                <TextEquiv>
                    <Unicode>beyde samt dem miteinander erzeügeten Kind auß</Unicode>
                </TextEquiv>
            </TextLine>
            <TextLine id="r4l13" custom="readingOrder {index:12;} PRON {offset:0; length:3;} NN {offset:9; length:6;} VPAR {offset:16; length:12;} VINFZU {offset:29; length:6;} VFINAUX {offset:36; length:6;} PRON {offset:44; length:7;}">
                <Coords points="2546,1226 2700,1173 2760,1197 2799,1156 3733,1154 3732,1094 2543,1123"/>
                <Baseline points="2552,1175 2610,1170 2669,1165 2727,1160 2786,1156 2845,1152 2903,1149 2962,1147 3021,1145 3079,1143 3138,1142 3197,1142 3255,1140 3314,1140 3373,1140 3431,1140 3490,1140 3549,1140 3607,1140 3666,1140 3725,1140"/>
                <TextEquiv>
                    <Unicode>Ihr GnH. Landen fortgewiesen werden sollen, welches</Unicode>
                </TextEquiv>
            </TextLine>
            <TextLine id="r4l14" custom="readingOrder {index:13;} NN {offset:3; length:9;} person {offset:17; length:10;} NE {offset:17; length:10;} PRON {offset:28; length:4;} NN {offset:41; length:11;}">
                <Coords points="2545,1258 2909,1229 2984,1265 3085,1220 3516,1242 3727,1221 3725,1155 3317,1154 3165,1197 3033,1149 2889,1198 2815,1159 2544,1226"/>
                <Baseline points="2552,1244 2610,1241 2668,1237 2727,1235 2785,1232 2843,1229 2902,1226 2960,1223 3018,1221 3077,1218 3135,1217 3193,1215 3252,1214 3310,1212 3368,1211 3427,1209 3485,1209 3543,1208 3602,1208 3660,1208 3719,1208"/>
                <TextEquiv>
                    <Unicode>in erwartung der Zimmermann sich umb den Copulations</Unicode>
                </TextEquiv>
            </TextLine>
            <TextLine id="r4l15" custom="readingOrder {index:14;} NN {offset:0; length:6;} PRON {offset:11; length:6;} ADJ {offset:18; length:7;} NN {offset:26; length:6;} VINFZU {offset:33; length:8;} VFINAUX {offset:42; length:5;} ADV {offset:49; length:7;}">
                <Coords points="2540,1361 2683,1302 2854,1352 3014,1292 3280,1285 3384,1322 3451,1281 3722,1291 3720,1238 3659,1212 3047,1269 2886,1228 2536,1253"/>
                <Baseline points="2546,1310 2604,1307 2662,1304 2721,1301 2779,1298 2837,1296 2896,1293 2954,1290 3012,1289 3071,1286 3129,1284 3187,1281 3246,1280 3304,1279 3362,1277 3421,1276 3479,1275 3537,1274 3596,1272 3654,1272 3713,1271"/>
                <TextEquiv>
                    <Unicode>Schein bey Minery frommen Herren anmelden wirdt, allhier ad Notam</Unicode>
                </TextEquiv>
            </TextLine>
            <TextLine id="r4l16" custom="readingOrder {index:15;} VINFZU {offset:3; length:7;} VPAR {offset:11; length:10;} VPAR {offset:22; length:6;}">
                <Coords points="2540,1421 2638,1429 2762,1372 2924,1419 2993,1365 3188,1386 3245,1369 3243,1317 3134,1308 3089,1336 2952,1300 2890,1345 2797,1342 2731,1304 2538,1355"/>
                <Baseline points="2546,1376 2580,1376 2615,1374 2649,1374 2684,1372 2718,1371 2753,1370 2787,1368 2822,1366 2856,1365 2891,1364 2925,1362 2960,1361 2994,1359 3029,1358 3063,1358 3098,1356 3132,1356 3167,1356 3201,1356 3236,1356"/>
                <TextEquiv>
                    <Unicode>zu nehmmen anbefohlen worden</Unicode>
                </TextEquiv>
            </TextLine>
            <TextLine id="r4l18" custom="readingOrder {index:16;} NichtElternschaft {offset:0; length:6;} person {offset:11; length:15;} AngeklagteR {offset:11; length:15;} NE {offset:11; length:5;} NE {offset:17; length:9;} place {offset:31; length:9;} NE {offset:31; length:9;} place {offset:45; length:9;} NE {offset:45; length:9;}">
                <Coords points="2545,1513 3274,1467 3495,1506 3716,1479 3750,1398 3606,1443 3352,1379 3272,1423 2544,1438"/>
                <Baseline points="2552,1484 2611,1482 2671,1479 2730,1478 2790,1476 2849,1475 2909,1473 2968,1472 3028,1470 3087,1469 3147,1467 3207,1466 3266,1465 3326,1464 3385,1463 3445,1462 3504,1461 3564,1460 3623,1460 3683,1460 3743,1460"/>
                <TextEquiv>
                    <Unicode>Weilen die Maria Eberhardt von Kilchberg bey Burgdorff</Unicode>
                </TextEquiv>
            </TextLine>
            <TextLine id="r4l19" custom="readingOrder {index:17;} PRON {offset:0; length:5;} ADJ {offset:10; length:10;} NN {offset:21; length:5;} NN {offset:37; length:5;} VPAR {offset:43; length:9;} VPAR {offset:53; length:6;}">
                <Coords points="2545,1605 2651,1564 2809,1596 3082,1544 3288,1590 3364,1541 3752,1556 3750,1485 3673,1474 3485,1506 3275,1466 3185,1513 3075,1469 2774,1527 2716,1495 2641,1539 2543,1511"/>
                <Baseline points="2552,1560 2611,1558 2671,1556 2730,1554 2790,1551 2849,1550 2909,1548 2968,1547 3028,1544 3087,1543 3147,1541 3207,1540 3266,1538 3326,1536 3385,1535 3445,1534 3504,1532 3564,1532 3623,1530 3683,1529 3743,1527"/>
                <TextEquiv>
                    <Unicode>deren die allhiesige Stadt vor etwas Zeits verbotten worden,</Unicode>
                </TextEquiv>
            </TextLine>
            <TextLine id="r4l20" custom="readingOrder {index:18;} ADJ {offset:4; length:14;} NN {offset:19; length:9;} VPAR {offset:29; length:11;} PRON {offset:42; length:6;} ADJ {offset:49; length:7;} NN {offset:57; length:6;} VPAR {offset:64; length:4; continued:true;}">
                <Coords points="2544,1672 2859,1621 3230,1619 3277,1656 3509,1609 3561,1646 3739,1619 3665,1547 3624,1574 3413,1540 3320,1591 3073,1548 2842,1603 2656,1563 2543,1605"/>
                <Baseline points="2552,1634 2614,1632 2676,1631 2738,1629 2800,1627 2862,1625 2924,1622 2986,1620 3048,1618 3110,1616 3172,1614 3234,1611 3296,1610 3358,1608 3420,1607 3482,1605 3544,1605 3606,1605 3668,1604 3731,1605"/>
                <TextEquiv>
                    <Unicode>auf wiedermahliges Betretten eingesetzet, Minery frommen Herren vor¬</Unicode>
                </TextEquiv>
            </TextLine>
            <TextLine id="r4l22" custom="readingOrder {index:19;} VPAR {offset:0; length:7; continued:true;} ADV {offset:12; length:8;} VPAR {offset:28; length:8;} VPAR {offset:37; length:6;} PRON {offset:45; length:8;}">
                <Coords points="2541,1755 2681,1709 2796,1743 2859,1696 3614,1700 3712,1679 3710,1614 3528,1654 2889,1625 2835,1672 2728,1640 2538,1663"/>
                <Baseline points="2547,1707 2604,1704 2662,1701 2720,1700 2778,1698 2836,1695 2894,1694 2951,1692 3009,1690 3067,1688 3125,1686 3183,1685 3241,1683 3299,1680 3356,1679 3414,1677 3472,1674 3530,1672 3588,1670 3646,1666 3704,1664"/>
                <TextEquiv>
                    <Unicode>gestelt und hierüber zu red gestoßen worden, dieselbe</Unicode>
                </TextEquiv>
            </TextLine>
            <TextLine id="r4l23" custom="readingOrder {index:20;} ADV {offset:0; length:4;} VPAR {offset:5; length:10;} PRON {offset:21; length:3;} NN {offset:33; length:6;} NN {offset:40; length:5;} person {offset:46; length:6;} NE {offset:46; length:6;}">
                <Coords points="2539,1809 3715,1740 3713,1696 3566,1681 3368,1729 3217,1698 3142,1730 2840,1713 2760,1753 2668,1718 2537,1758"/>
                <Baseline points="2546,1778 2604,1776 2662,1775 2720,1772 2778,1770 2836,1769 2894,1766 2952,1763 3010,1761 3068,1757 3126,1755 3184,1752 3242,1750 3300,1747 3358,1745 3416,1743 3474,1742 3532,1739 3590,1739 3648,1737 3707,1737"/>
                <TextEquiv>
                    <Unicode>dann vorgegeben, daß sie von dem Herren Major Müller</Unicode>
                </TextEquiv>
            </TextLine>
            <TextLine id="r4l24" custom="readingOrder {index:21;} ADJ {offset:0; length:11;} NN {offset:12; length:9;} place {offset:25; length:9;} NE {offset:25; length:9;} NN {offset:42; length:5;} VPAR {offset:48; length:9;}">
                <Coords points="2533,1868 2681,1895 2821,1849 2869,1885 3041,1834 3127,1883 3345,1818 3618,1843 3740,1811 3725,1735 3625,1774 3480,1740 3268,1793 3180,1749 3010,1805 2865,1770 2803,1813 2757,1777 2673,1822 2531,1813"/>
                <Baseline points="2540,1850 2599,1850 2659,1848 2718,1845 2778,1844 2837,1841 2897,1838 2956,1835 3016,1832 3075,1829 3135,1826 3195,1823 3254,1820 3314,1815 3373,1813 3433,1811 3492,1808 3552,1806 3611,1805 3671,1803 3731,1803"/>
                <TextEquiv>
                    <Unicode>dißmahligen Schaffner zu Hettißwyl in die Statt geschickt</Unicode>
                </TextEquiv>
            </TextLine>
            <TextLine id="r4l25" custom="readingOrder {index:22;} VPAR {offset:0; length:6;} VFINAUX {offset:7; length:4;} PRON {offset:13; length:8;} NN {offset:22; length:4;} PRON {offset:31; length:4;} VINFZU {offset:36; length:10;} PRON {offset:48; length:7;}">
                <Coords points="2549,1945 2923,1916 3034,1944 3219,1899 3297,1940 3395,1882 3726,1891 3723,1833 3269,1860 3220,1819 3127,1883 2999,1838 2869,1889 2752,1846 2685,1894 2547,1893"/>
                <Baseline points="2556,1919 2614,1917 2672,1917 2730,1915 2788,1913 2846,1911 2904,1908 2962,1905 3020,1902 3078,1900 3136,1896 3194,1892 3252,1890 3310,1886 3368,1883 3426,1881 3484,1877 3542,1874 3600,1872 3658,1871 3716,1869"/>
                <TextEquiv>
                    <Unicode>worden seye, einiches Zeüg für Ihne abzuhohlen, selbige auch</Unicode>
                </TextEquiv>
            </TextLine>
            <TextLine id="r4l26" custom="readingOrder {index:23;} PRON {offset:3; length:6;} NN {offset:10; length:6;} PRON {offset:17; length:4;} VPAR {offset:22; length:9;} VFINAUX {offset:32; length:4;} date {offset:42; length:18;} ADJ {offset:42; length:7;} NE {offset:50; length:6;} NN {offset:57; length:3;}">
                <Coords points="2542,2013 2927,1975 3125,2010 3208,1961 3531,1940 3621,1985 3726,1951 3724,1913 3547,1877 3357,1887 3297,1938 3221,1901 3073,1944 2539,1956"/>
                <Baseline points="2549,1988 2607,1986 2665,1984 2724,1982 2782,1979 2841,1976 2899,1973 2957,1968 3016,1965 3074,1962 3133,1959 3191,1956 3249,1952 3308,1950 3366,1947 3425,1944 3483,1941 3541,1940 3600,1938 3658,1937 3717,1935"/>
                <TextEquiv>
                    <Unicode>in seinen Dienst sich engagiert habe, und letsten Jacobi Tag</Unicode>
                </TextEquiv>
            </TextLine>
            <TextLine id="r4l27" custom="readingOrder {index:24;} ADV {offset:0; length:9;} VFINAUX {offset:17; length:4;} VINFZU {offset:22; length:7;} VINFZU {offset:30; length:6;} PRON {offset:38; length:6;} ADJ {offset:45; length:7;} NN {offset:53; length:6;}">
                <Coords points="2542,2070 2819,2050 2859,2080 2927,2039 3300,2009 3424,2050 3471,2004 3710,2004 3656,1951 3603,1980 3532,1941 3118,2009 2996,1968 2818,2018 2668,1989 2540,2035"/>
                <Baseline points="2550,2058 2607,2055 2665,2051 2722,2049 2780,2045 2837,2041 2895,2037 2952,2033 3010,2029 3067,2025 3125,2021 3183,2017 3240,2014 3298,2010 3355,2007 3413,2004 3470,2003 3528,2000 3585,1998 3643,1997 3701,1995"/>
                <TextEquiv>
                    <Unicode>würcklich darein habe tretten wollen, Minery frommen Herren aber an der</Unicode>
                </TextEquiv>
            </TextLine>
            <TextLine id="r4l28" custom="readingOrder {index:25;} NN {offset:0; length:8;} PRON {offset:9; length:6;} NN {offset:16; length:9;} ADJ {offset:26; length:6;} VFINAUX {offset:33; length:9;} VFINAUX {offset:47; length:5;} PRON {offset:53; length:6; continued:true;}">
                <Coords points="2537,2156 2587,2180 2676,2128 3246,2078 3735,2077 3730,2004 3672,1997 3423,2050 3368,2009 3323,2041 3237,2017 3189,2061 3134,2029 2858,2081 2778,2051 2689,2092 2532,2076"/>
                <Baseline points="2544,2132 2603,2126 2662,2121 2721,2116 2780,2110 2839,2106 2898,2101 2957,2097 3016,2092 3075,2088 3134,2084 3193,2081 3252,2076 3311,2073 3370,2070 3429,2067 3488,2064 3547,2061 3606,2059 3665,2057 3725,2055"/>
                <TextEquiv>
                    <Unicode>Wahrheit dieses Vorgebens starck zweifflen, so haben Selbi¬</Unicode>
                </TextEquiv>
            </TextLine>
            <TextLine id="r4l29" custom="readingOrder {index:26;} PRON {offset:0; length:2; continued:true;} PRON {offset:3; length:3;} VPAR {offset:7; length:10;} PRON {offset:19; length:4;} NN {offset:24; length:6;} NE {offset:31; length:6;} VINFZU {offset:38; length:13;}">
                <Coords points="2532,2233 2748,2191 2848,2220 2894,2177 2956,2222 3025,2169 3266,2150 3725,2152 3721,2087 3666,2074 3443,2109 3246,2078 2529,2174"/>
                <Baseline points="2538,2205 2596,2198 2655,2192 2714,2187 2773,2181 2832,2177 2891,2172 2950,2168 3009,2162 3068,2158 3127,2155 3185,2151 3244,2148 3303,2145 3362,2142 3421,2140 3480,2138 3539,2136 3598,2135 3657,2133 3716,2133"/>
                <TextEquiv>
                    <Unicode>ge mir anbefohlen, ihme Herren Müller zuzuschreiben dahin,</Unicode>
                </TextEquiv>
            </TextLine>
            <TextLine id="r4l30" custom="readingOrder {index:27;} PRON {offset:4; length:2;} ADJ {offset:10; length:9;} PRON {offset:31; length:4;} VINFZU {offset:36; length:9;} VFINAUX {offset:46; length:5;} PRON {offset:56; length:6;}">
                <Coords points="2530,2280 2779,2298 2825,2247 2958,2278 3132,2220 3310,2259 3473,2210 3711,2210 3707,2151 3637,2133 3522,2176 3462,2139 3123,2205 3019,2175 2962,2217 2631,2202 2528,2242"/>
                <Baseline points="2538,2268 2596,2263 2654,2257 2712,2252 2770,2246 2828,2242 2886,2238 2945,2234 3003,2229 3061,2226 3119,2222 3177,2218 3235,2214 3293,2212 3352,2209 3410,2207 3468,2204 3526,2201 3584,2199 3642,2198 3701,2196"/>
                <TextEquiv>
                    <Unicode>daß Er so geschwind möglich an mich berichten solle, ob dieser</Unicode>
                </TextEquiv>
            </TextLine>
            <TextLine id="r4l31" custom="readingOrder {index:28;} person {offset:4; length:9;} NE {offset:4; length:9;} VPAR {offset:14; length:8;} NN {offset:23; length:8;} PRON {offset:35; length:4;} VFINAUX {offset:40; length:5;}">
                <Coords points="2538,2368 2695,2377 2780,2322 2882,2349 3002,2303 3107,2343 3168,2299 3225,2345 3366,2273 3716,2278 3681,2203 3585,2250 3488,2206 3172,2215 2956,2282 2880,2249 2615,2312 2532,2276"/>
                <Baseline points="2544,2334 2602,2330 2660,2325 2718,2320 2776,2315 2834,2310 2892,2306 2951,2300 3009,2295 3067,2291 3125,2287 3183,2283 3241,2279 3299,2276 3358,2273 3416,2270 3474,2268 3532,2267 3590,2265 3648,2265 3707,2265"/>
                <TextEquiv>
                    <Unicode>der Eberhardt vorgeben wahrheit in sich halte oder nicht</Unicode>
                </TextEquiv>
            </TextLine>
            <TextLine id="r4l32" custom="readingOrder {index:29;} NN {offset:0; length:7;} NN {offset:9; length:16;}">
                <Coords points="2563,2469 2766,2458 2813,2489 2902,2426 2949,2465 3065,2426 3218,2459 3258,2421 3413,2460 3542,2404 3612,2418 3606,2292 3488,2291 3415,2354 3347,2320 3291,2368 3251,2338 3159,2374 3026,2320 2919,2397 2734,2361 2558,2383"/>
                <Baseline points="2571,2462 2622,2457 2674,2453 2726,2448 2777,2444 2829,2440 2881,2436 2932,2433 2984,2429 3036,2425 3088,2422 3139,2420 3191,2417 3243,2414 3294,2412 3346,2409 3398,2407 3449,2405 3501,2403 3553,2402 3605,2400"/>
                <TextEquiv>
                    <Unicode>Vortrag, Hochwohlgebohrne etc.</Unicode>
                </TextEquiv>
            </TextLine>
            <TextLine id="r4l33" custom="readingOrder {index:30;} PRON {offset:0; length:2;} Elternschaft {offset:0; length:2;} VFINAUX {offset:3; length:5;} PRON {offset:9; length:4;} ADJ {offset:14; length:8;} NN {offset:23; length:6;} date {offset:38; length:9;} NE {offset:44; length:3;} ADV {offset:48; length:8;}">
                <Coords points="2545,2599 2641,2552 2903,2531 2973,2567 3056,2517 3334,2500 3530,2548 3701,2489 3695,2405 3510,2431 3456,2478 3369,2442 3160,2478 3072,2445 2922,2498 2846,2466 2774,2510 2699,2481 2540,2523"/>
                <Baseline points="2550,2559 2607,2553 2664,2548 2721,2542 2778,2537 2835,2532 2892,2526 2950,2522 3007,2517 3064,2513 3121,2509 3178,2505 3235,2502 3292,2498 3350,2496 3407,2493 3464,2492 3521,2490 3578,2489 3635,2487 3693,2487"/>
                <TextEquiv>
                    <Unicode>Es haben eure gnädigen Herren unterem 22ten May letsthin über</Unicode>
                </TextEquiv>
            </TextLine>
            <TextLine id="r4l34" custom="readingOrder {index:31;} PRON {offset:8; length:6;} ADJ {offset:15; length:8;} NN {offset:24; length:6;} PRON {offset:36; length:5;} PRON {offset:42; length:6;} VPAR {offset:49; length:8;} NN {offset:58; length:7;}">
                <Coords points="2549,2639 2707,2619 2774,2667 2871,2661 3072,2580 3273,2609 3465,2564 3560,2618 3671,2614 3654,2496 3565,2545 3165,2513 2970,2568 2849,2537 2546,2594"/>
                <Baseline points="2556,2630 2611,2623 2666,2618 2721,2612 2776,2607 2832,2601 2887,2596 2942,2590 2997,2586 3052,2580 3108,2577 3163,2573 3218,2570 3273,2567 3328,2564 3384,2562 3439,2561 3494,2561 3549,2559 3604,2561 3660,2562"/>
                <TextEquiv>
                    <Unicode>den von Minery gnädigen Herren Hoch denen Selben gethanen Vortrag</Unicode>
                </TextEquiv>
            </TextLine>
            <TextLine id="r4l35" custom="readingOrder {index:32;} person {offset:17; length:15;} AnklaegerIn {offset:17; length:15;} NE {offset:17; length:7;} NE {offset:25; length:7;} place {offset:37; length:7;} NE {offset:37; length:7;}">
                <Coords points="2548,2706 2869,2668 3015,2696 3233,2639 3607,2634 3712,2679 3709,2616 3491,2605 3440,2566 3397,2604 3039,2591 2546,2665"/>
                <Baseline points="2556,2688 2613,2684 2670,2681 2727,2676 2785,2672 2842,2667 2899,2663 2957,2658 3014,2654 3071,2650 3129,2646 3186,2642 3243,2639 3300,2636 3358,2634 3415,2633 3472,2633 3530,2631 3587,2633 3644,2634 3702,2636"/>
                <TextEquiv>
                    <Unicode>hin, wie daß die Elßbeth Nußbaum von Birrwyl den</Unicode>
                </TextEquiv>
            </TextLine>
            <TextLine id="r4l36" custom="readingOrder {index:33;} person {offset:0; length:15;} AngeklagteR {offset:0; length:15;} NE {offset:0; length:8;} NE {offset:9; length:6;} NN {offset:22; length:14;} place {offset:41; length:9;} NE {offset:41; length:9;}">
                <Coords points="2548,2805 2988,2726 3490,2700 3567,2739 3703,2697 3701,2662 3234,2638 2982,2706 2722,2684 2543,2720"/>
                <Baseline points="2552,2753 2609,2750 2666,2747 2723,2742 2780,2738 2837,2733 2894,2729 2952,2724 3009,2720 3066,2715 3123,2711 3180,2708 3237,2703 3294,2700 3352,2699 3409,2696 3466,2694 3523,2694 3580,2693 3637,2694 3695,2696"/>
                <TextEquiv>
                    <Unicode>Johannes Wagner einen Beckerknechten von Ballingen</Unicode>
                </TextEquiv>
            </TextLine>
            <TextEquiv>
                <Unicode>27.&#13;
uneheliche Kind, biß solches nach 6 Monathen deß&#13;
Gautschis Gemeind werde übergeben werden können,&#13;
in dieser zwüschen Zeit im Spitthal verpflegt werden&#13;
solle. Welches allhier ad Notam zu nehmmen anbefoh¬&#13;
len worden.&#13;
Wegen dem von dem Heimatthlosen Hans Zimmermann&#13;
mit der Barbara Jacob von Rapperswyl begehrenden&#13;
Heüwraht, haben MngH. lauth dero Erkantnuß&#13;
vom 23ten Curr: solchen zwar gestattet, zugleich aber&#13;
anbefohlen, daß allso bald nach der Copulation diese&#13;
beyde samt dem miteinander erzeügeten Kind auß&#13;
Ihr GnH. Landen fortgewiesen werden sollen, welches&#13;
in erwartung der Zimmermann sich umb den Copulations&#13;
Schein bey Minery frommen Herren anmelden wirdt, allhier ad Notam&#13;
zu nehmmen anbefohlen worden&#13;
Weilen die Maria Eberhardt von Kilchberg bey Burgdorff&#13;
deren die allhiesige Stadt vor etwas Zeits verbotten worden,&#13;
auf wiedermahliges Betretten eingesetzet, Minery frommen Herren vor¬&#13;
gestelt und hierüber zu red gestoßen worden, dieselbe&#13;
dann vorgegeben, daß sie von dem Herren Major Müller&#13;
dißmahligen Schaffner zu Hettißwyl in die Statt geschickt&#13;
worden seye, einiches Zeüg für Ihne abzuhohlen, selbige auch&#13;
in seinen Dienst sich engagiert habe, und letsten Jacobi Tag&#13;
würcklich darein habe tretten wollen, Minery frommen Herren aber an der&#13;
Wahrheit dieses Vorgebens starck zweifflen, so haben Selbi¬&#13;
ge mir anbefohlen, ihme Herren Müller zuzuschreiben dahin,&#13;
daß Er so geschwind möglich an mich berichten solle, ob dieser&#13;
der Eberhardt vorgeben wahrheit in sich halte oder nicht&#13;
Vortrag, Hochwohlgebohrne etc.&#13;
Es haben eure gnädigen Herren unterem 22ten May letsthin über&#13;
den von Minery gnädigen Herren Hoch denen Selben gethanen Vortrag&#13;
hin, wie daß die Elßbeth Nußbaum von Birrwyl den&#13;
Johannes Wagner einen Beckerknechten von Ballingen</Unicode>
            </TextEquiv>
        </TextRegion>
    </Page>
</PcGts>
