4000 3000
495 1823 751 1997 Obidem
482 2107 733 2262 Ecoffey
479 2225 754 2311 Catharine
469 2298 727 2414 De Corvet
486 2378 790 2469 Jean Daniel
593 196 704 273 42.
836 206 2055 364 seye, ohne daß inzwüschen dieses Convenant seine
838 298 2001 442 richtigkeit erlanget habe, etc., wollen wir Eüch
855 385 1988 525 hierdurch in Antwort verdeütet habend, daß
846 447 2044 581 Wir gedeütem Boinot dieses der Iloz Kind Rich¬
832 547 2057 674 terlich als unehelich zugesprochen, deßen Erhaltung
848 628 2011 752 demselben oder nicht vermögenden fahls seiner
844 698 2042 845 Gemeind ein halb jahr nach der Geburth auffallen,
841 776 2035 922 Er aber ihra dannzumahlen den in dem Gesetz be¬
828 848 2005 996 stimmten Ammenlohn der 3 lb. bezahlen, beyde
841 932 2008 1059 dann zu der gewohnten Abbüeßung, solche hinter
829 1021 2061 1144 Eüch aus  zustehen, in Specie aber der Boinot ge¬
820 1097 2056 1225 gen die Iloz, weilen Er wegen seiner vorherigen
829 1181 2078 1313 Negatio anlaß zu dieser weitläufigen Procedur
845 1263 2012 1385 gegeben, vor die dieses Handels halbergangene
847 1336 1973 1436 Kösten auf Moderation hin verfällt seyn solle;
806 1408 2024 1534 Welche Straff ihr an diesen beyden exequieren,
832 1490 2080 1623 Zugleich aber auch dem Boinot die hiesigen Cammer¬
823 1564 2010 1683 Emolument mit 120. batzen. abforderen, und solche
841 1659 2075 1756 Unserem Secretario zusenden zu laßen, übrigens
834 1705 2018 1829 aber fürohin ohne noht keine der gleichen Renvoy
834 1773 2020 1907 mehr zu ertheillen hierdurch befelchert werdet.
827 1854 2008 1993 Aubonne und Chateau d'Oex Sie deßen
834 1958 1103 2060 berichten.
814 2030 2019 2191 Mezieres. Weilen Wir nunmehro von Eüch den
844 2132 1981 2258 Bericht erhalten, daß die Catharine Ecoffey
840 2210 2057 2335 Eüwere Angehörige den 5. July letsthin eines Mägt¬
828 2286 2055 2400 lins genesen, und in ihrer Genißt unter der ge¬
828 2371 2018 2488 wohnten Examination auf dem vorhero von ihrer
846 2426 2078 2553 angegebenen Jean Daniel De Corvet von Villarzel
835 2520 2041 2628 als Vatter deßelben, dieser aber noch allezeit auf
829 2582 2011 2706 seiner Negatio verharret seye; So haben wir
834 2662 2046 2796 Eüch hierdurch aufftragen wollen, die Anstalt
2194 966 2444 1107 Reuster
2215 1078 2375 1181 Isaak
2200 1141 2489 1267 Barbaray
2184 1224 2448 1325 Susanne
2179 2337 2425 2454 Würsten
2185 2432 2352 2518 Maria
2160 2495 2415 2589 Krapffen
2176 2558 2429 2643 Christian.
2160 2626 2394 2709 L'Homan
2198 2701 2378 2771 Wittib.
3573 282 3672 360 43.
2540 247 3645 426 vorzukehren, daß obige beyde durch ihre Herren
2537 344 3709 489 Pfarrhen in dem Purgations Eydt und der Wichtig¬
2535 411 3692 566 keit deßelben wohl und gründtlich unterrichtet, und
2548 509 3727 635 nachwerts mit dem Bericht so wohl ihrer empfangenen
2538 569 3708 698 Eydts Instruction als beydseitig habender Leümb¬
2530 651 3719 756 den auf donstag den 27ten Curr: vor uns zum Ab¬
2537 736 3309 845 spruch allhar gehalten werdindt.
2558 819 3689 980 Wiwis Teütsch Chorgricht, Wir haben zwar auß
2560 924 3692 1057 Eüwerem Uns zugesendten Schreiben ersehen, wie
2537 992 3715 1136 daß der Isaac Reuster von Büntigen der Kirchhörr
2534 1085 3704 1170 die Ibouh bey Büren sich mit der Susanne Barbaray
2547 1136 3718 1230 von Boudrj auß dem Neüwenburgischen, welche vor¬
2526 1201 3703 1320 hero mit dem Christian Reichhardt von Ballingen
2538 1276 3646 1404 auß dem Wirtenbergischen verehelichet gewesen,
2529 1344 3698 1475 Ehelich versprochen, und beyde einander zu ehelichen
2541 1414 3664 1534 begehren; Weilen aber die Barbaray biß dahin
2532 1481 3664 1609 noch keinen Authentischen Schein auffweisen können,
2523 1564 3645 1688 daß der Reichhardt ihr Ehemann verstorben seye;
2525 1642 3697 1756 So haben wir auch in diesere Ehe nicht einwilligen
2534 1702 3676 1796 können, sonderen wollend nicht nur sie deßen, biß
2543 1773 3661 1909 solches wirt geschechen seyn, in so lang abgewiesen,
2544 1838 3680 1959 sonderen auch Eüch hierdurch auffgetragen haben,
2541 1912 3660 2031 denen selben biß dahin allen ferneren Umbgang
2546 1989 3668 2095 miteinander zu verbieten, und damit sie hierzu
2531 2049 3695 2183 keinen Anlaß haben können, die Barbaray, biß sie
2538 2110 3706 2251 den nöhtigen Todten Schein wirt zur hand gebracht
2537 2175 3590 2311 haben, auß hiesigen Landen fortzuwaisan.
2523 2248 3714 2444 Saanen. Wir haben Eüch in Antwort auf Eüwer
2531 2379 3725 2529 Uns zugesandte Schreiben und darin von der Maria
2538 2455 3733 2590 Würsten wieder den Christian Krapffen ihren Ehe-
2538 2531 3709 2669 mann Eüweren Angehörigen wegen von ihren bekenntry,
2546 2594 3713 2740 und mit der nunmehro verstorbenen Wittib L'Homan
