4000 3000
561 184 676 276 40.
488 280 649 409 Otth
470 389 733 493 Melchior
472 469 708 579 Fahner
480 542 644 666 Ithi
802 191 2034 381 Oberhaasle. So hat zwar der Melchior Otth,
843 305 2072 465 Da der selbe mit und neben der Ithi Fahner bey¬
827 395 2072 555 des eüwere Angehörige auf heüte vor uns erschiennen,
825 478 2076 629 noch allezeit diese fahnen beschlassen zu haben gelang
829 570 2036 699 inet, einfolglichen das von ihr vor etwas Zeits zur
832 638 2075 785 Welt gebohrne Knäblin als das seinige anzuneme
833 710 2066 834 seinen sich geweigeret. Weilen aber der selbe gestehen
847 792 2054 921 müßen, daß er verschiedene mahl bey ihren gewesen,
838 855 2054 981 und Einmahl bey ihren im Betth gelegen seye, auch
826 926 2033 1034 sonsten andere verdächtige Umbständ wieder ihne
841 1009 2035 1124 gewaltet, und eben dieser Otth auch nicht besten
843 1084 2034 1213 Leümbdens zu seyn beschrieben worden; So haben
813 1150 2043 1278 Wir auß diesen und verschiedenen anderen Gründen
834 1222 2064 1353 mehr den selben deß sonst in diesen Fählers gewohn¬
803 1301 2071 1438 ten Beneficis deß Purgations Eydts abgewiesen,
837 1371 2084 1526 infolg deßen dann seine beständigen Negatio ohn¬
819 1448 2047 1597 geacht ihme dieses der Fahners Kind Richterlich als
831 1537 2044 1672 unehelich zugesprochen, deßen Erhaltung dem
823 1614 2030 1739 selben von nun an auffallen, Er aber ihre den
827 1693 2017 1824 gewohnten Ammenlohn der 3. tag bezahlen, anbey
834 1767 2059 1904 gegen die Fahners vor die dieses handels halb er¬
819 1856 2049 1987 gangene Kösten auf Moderation hin verfällt seyn.
828 1926 2026 2063 solle; Deßen wir Euch hierdurch berichten, und
827 1995 2061 2134 Zugleich außtragen wollen, obige beyde zu der
844 2077 2080 2225 in dem Ansatz vor diesen Fehler bestimmten Abbüeß¬
819 2163 1348 2313 ung halten zu laßen,
830 2272 2062 2451 Tachselwald Pfto. Wir haben nach dem be-
830 2385 2045 2518 egehren dess Herren Landvogts dem selben das
834 2451 2059 2608 von dem Herren Pfarrhen Faßnacht zu Rüe¬
835 2568 2072 2682 derßwyl auß anlaß eines in dasiger Gemeind
838 2633 2027 2772 vorgegangenen Sonntäglichen Dantzens und
2188 583 2473 715 Conte der
2209 700 2507 790 Brunnmeister
2186 765 2500 879 Ropraz, die
2210 861 2453 976 Gemeind
2195 2143 2355 2266 Iloz
2179 2247 2372 2329 Marie
2182 2312 2411 2400 Boinot
2190 2388 2401 2503 Daniel.
3574 263 3668 324 41.
2546 271 3688 430 Unwesens uns zugesendte Schreiben hier beyligend
2542 343 3724 495 Copeylich communicieren, und deßen Antwort hierüber
2539 437 3353 549 erwarten wollen, inzwüschen etc. etc.
2526 503 3687 666 Lucens Pfto. Auß deß Herren Amt Stadthalters
2549 613 3621 745 uns zugesendten Schreiben haben Wir ersehen,
2561 693 3657 796 wie daß der Brunnmeister Conte von Ropraz
2554 759 3693 888 sich in die zweyte Ehe zu begeben gesinnet, die Ge¬
2539 833 3635 936 meind Ropraz aber auß dem Grund, daß der
2528 899 3714 994 selbe nicht genügsamm bemittlet seye, und von seinem
2532 973 3657 1097 verstorbenen Eheweib würcklich Drey kinder habe,
2542 1042 3671 1166 wieder diesere Ehe sich opponiere; weilen aber
2531 1125 3689 1224 dieses gar kein grund eine Ehe zu behinderen; So
2546 1183 3703 1313 haben Wir den Herren Amts Statthalter hierdurch
2547 1258 3691 1358 fründtlich ersuchen wollen, dieser Gemeind von
2532 1320 3703 1453 Unsertwegen zu verdeüten und anzubefehlen, daß,
2522 1393 3679 1502 so selbige wieder diesere Ehe keiner beßeren als
2537 1477 3685 1597 obgedachte Oppositions Gründ anzubringen habe,
2525 1554 3712 1691 Sie ohne weiters die fernere Verkündung und nach¬
2527 1636 3700 1740 wärtige Vollzeüchung dieser Ehe vor sich gehen, wie¬
2520 1711 3727 1840 drigenfahls und da sie noch mehrere und beßere Oppo¬
2526 1777 3737 1904 sitions Gründ darwider anbringen zu können vermeinten,
2533 1855 3700 1994 Sie solche mit aller befürderung Uns zur Erdauwerung
2544 1939 3657 2042 und Beurtheillung zu senden sollen wormit etc.
2524 2026 3736 2142 Wivis. Über Eüwer Uns zugesandtes Berichtschrei¬
2538 2106 3695 2230 ben ansehend die Marie Iloz von Chateau d'Oex,
2534 2177 3700 2333 welche den 23 ten February letsthin eines Mägdtlins
2552 2251 3730 2387 genesen und in ihrer Genißt zum Vatter deßel¬
2531 2314 3711 2436 bigen angegeben den hinter Eüch sich aufhaltenden
2520 2408 3718 2512 Daniel Boinot von Aubonne, welcher auch endtlichen
2534 2452 3709 2632 sich als Vatter dieses Kinds erkennt, wegen eines
2545 2531 3733 2664 unter Ihnen projectierten Convenants aber dieser
2537 2604 3708 2770 sach an Uns zu berichten biß dahin verschoben worden
