4032 3024
1139 367 1859 518 Mitwauchen 8. junii 1552 jsprs
1181 439 1839 556 .h m. Knecht des rats, Ca¬
1140 508 1831 606 spartalers großsw pnstors
1154 541 1799 671 et weibel zu Marßli
1262 628 1856 764 Cristan Sthaller, so esla
1165 677 1851 825 ssen was vnd wider ingleit
1190 760 1318 822 word
1207 807 1859 936 den rock zuͦ Lansental samp
1166 854 1790 972 dem rot barret, heit er nit
1157 927 1848 1050 Im huß gnon, wie wol er same
1172 992 1781 1103 andern, da vber nacht gleg
1163 1051 1825 1152 aber im zun funden, wie er
1186 1108 1452 1184 vorhin gseit
1204 1169 1825 1279 der rock den er um̄ j kr und
1196 1228 1844 1330 ubesel soln versetzt, sye sin
1183 1279 1764 1382 vnd imselbs ausmacht,
1247 1348 1824 1439 das beschlagen messer, so Er
1202 1409 1827 1490 verkhaufft, sye vff sine be¬
1201 1441 1835 1545 schlaßnen dolchen ssen, den
1193 1502 1628 1588 se lange Zit than
1219 1548 1846 1650 er heig wäder gstol₎ ✳ noch
1177 1613 1840 1696 das hinsz verbront noch vrplt
1174 1652 1859 1741 bös handlet da vnverlichs
1205 1702 1420 1776 shandlet
1218 1732 1819 1839 Ist einest lar, einest mit
1191 1803 1868 1895 dem kleinn stein vnd einest
1195 1859 1850 1951 mit zwöyen steinen vffzo¬
1241 1899 1756 2006 wil nit verrachn
1166 1996 1849 2116 Ist aber uß llassen uff ein ge
1169 2077 1848 2173 ursech und bezelung des eostes
1955 330 2645 477 Roden, In der eeri gestunt¬
1967 404 2620 529 E. falcrs gross pastors
1897 485 2603 651 Caspar müller uß der kilchhöri
1904 562 2587 710 logwyl, mentas sye es z
1923 636 2639 746 vuchen gst, das er gan Sumis
1923 675 2622 799 wald khen mit einē binl und
2130 747 2267 793 wylche
1921 740 2611 846 einer achs, so sin hußman Im
1936 790 2632 895 fich, wöllen arbest suchen, sine
1927 847 2653 944 khin zeerner, da ware ein grosser
1933 902 2650 997 Autlaff, zeig noch vil frages gar
1937 957 2588 1045 nit mögt finden zearbeit wäder
1924 1000 2611 1096 geschwerdt noch andre arbeit hal
1932 1060 2619 1134 als er den gantzen tag ungessen, ssein
1932 1101 2610 1189 zeig er die acht dem pernuß
1935 1158 2629 1248 baum vnd in brgen zehuff e
1932 1211 2610 1293 das Er könnt zessen kauff, dan nie
1930 1258 2649 1337 men wolt im t g doch mit
1933 1307 2636 1381 dem vorbhalt, wan er im des eelt
1940 1349 2612 1434 widerbrechte, solt Er Im diie achs
1937 1404 2622 1489 widerse Also vber acht tag sye
1928 1434 2592 1536 Er wider gan Sumisswald Kho¬
1943 1508 2599 1589 zeigs glößt des tags heign die
1940 1556 2560 1640 pure imn gfangen. saged
1941 1594 2623 1681 desen 8. tag wärend etliche gard
1946 1654 2635 1715 vffbrochen, vermeinend er hats jan
1949 1695 2623 1769 ber Er sye die zyt dahrit vnd
1940 1738 2635 1813 nit dassen und heig sein lebtag
1947 1785 2630 1866 nie it stoben, das werd man finde
1956 1830 2412 1914 in allen, da er eonet
