4032 3024
1168 375 1853 521 Mitwuchen 1 junii 1552. jsentib
1166 446 1854 598 h. Pfisters, vil gunders h. gross
1162 518 1334 596 postors.
1286 541 1574 656 In der kefy
1150 631 1837 739 Hans Vischer von Steckholn in
1162 700 1848 808 der Kilcheri Cotzwyl, anzeugt
1240 765 1826 886 Als sen dochter unffarlich 24
1154 836 1856 942 wuchen tragen, hab sy ger vnd sy ducht
1165 904 1840 1000 sy dienst mit dem khind, hab sy
1164 958 1855 1056 gar nit kognet ✳ sunders offen
1159 1013 1837 1108 tlich anzoubt wie es dra ergengen
1175 1077 1834 1168 namlich ✳ als dann sy landfe zy
1179 1131 1842 1213 taflich by santt urban gwircher
1185 1184 1837 1273 und dem apt selig pflegt ✳ und
1179 1242 1858 1340 aber all nächt hein zuhus ehn
1186 1291 1816 1376 hab es sich fern im suer
1185 1346 1807 1440 zutragen als drapt eins tags
1182 1400 1784 1486 lassen de haben vffnäten
1178 1441 1841 1547 mit ytel wybern, vnd Er selbs
1194 1496 1846 1597 die wid ansleit, das sy spat
1202 1541 1835 1646 drech worden, also, da sy heingeb
1183 1599 1785 1694 Sthon finster nacht ssin, do
1191 1650 1840 1738 sy zwüschen dem sendihöltzl
1158 1705 1855 1798 und grossen matbad₎ khon ✳ stùr
1180 1754 1822 1846 de einer da, der erwutste Ey
1189 1809 1834 1903 vnd seite sy mußte die nacht
1178 1848 1850 1951 by im blyben, da sy nei ss
1199 1912 1814 2004 sich gwert ✳ und inn pett₎ er
1186 1956 1862 2047 solt sy hein zu Irem khind lan
1198 2003 1858 2082 das er nit thun wölle, sunders
1179 2051 1805 2154 sy gerwaltigklich uberrung und
1213 2093 1845 2201 in wille mit ira volbracht
1194 2157 1821 2241 das zeib sy für und für also
1220 2201 1842 2292 anzoͤugt ✳ und sye druff bher
1214 2249 1304 2314 ret
1223 2273 1849 2386 Nach dem hab Ir abgtheider
1222 2336 1846 2445 man, so in Lutzerner piet an
1228 2395 1827 2497 der march wonet nach ir
1220 2439 1873 2545 gschickt, doch das sy mit ewsse
1215 2495 1808 2571 das sy zu im solt kon
1211 2537 1827 2640 als sy uberhin kam ✳ was
1926 404 2595 503 Er da, vnd begirt wider zu Ira
1920 442 2619 564 das sy im dar absschlass ✳ do
1940 513 2650 599 seit er, er hätte sen khiid noch
1932 563 2660 656 mie gsechen, sy solt irs brinen
1904 617 2583 712 also heig sy im das knabli
1943 671 2669 768 wöllen überhin brinden und sye un
1927 731 2498 812 derwes dar ùbel sfalle
1937 780 2583 872 darnach sye ira de kranckhei
1943 839 2642 919 wider khon und vbr ein monat
1949 889 2610 979 noch mer, Inmassn, sy alle
1950 938 2655 1022 gmeint sy aauff nit mit dem
1951 994 2567 1082 khid, hab sich auch mit mer
1940 1038 2647 1148 gschonet, sy Ulli zinggen frouwen
1950 1101 2642 1192 zu hopcken vorgengen, da sy mun
1940 1162 2669 1241 ssein das wassr allwes den bers
1949 1224 2653 1292 vff trabn vnd sunst kein werk
2003 1255 2621 1341 er gschucht ff ein tag
1938 1306 2598 1385 hab sy georg juckers frouw i
1955 1361 2614 1434 teckholnz daru gwunden und
1948 1419 2648 1498 Er wischer im demselben tag gholffn
1942 1463 2623 1549 ein schur uffrichte vnd hab
1939 1507 2622 1592 Si in einem wyrrli bfrieset
1925 1549 2618 1658 dan er ein friesz sye ✳ und sey
1956 1613 2529 1695 vil vnd dick by S. vrba¬
1961 1659 2490 1741 gwirchet und pfrinset
1944 1701 2624 1799 desselben abents, als Er vnd se Er
1948 1758 2659 1850 frouw, der dochter Stieffmuter
1951 1818 2650 1905 znacht assent kam weiszwar
1949 1856 2617 1950 achtzoen ✳ huͦb sich ùbell ✳ die
2012 1910 2611 2003 ter luff vszhin lugen, de
1948 1970 2620 2050 was die dochter mocht nit
2017 2013 2620 2086 er van, das die muter sy
2031 2067 2607 2154 iht für ✳ sprach ✳ die bàr
1962 2121 2625 2210 muter wäre uszher ✳ do reich¬
2012 2168 2616 2270 sy zum erst grosheinis
1964 2190 2636 2324 frouwen, als die dochter Ie lege
1974 2282 2635 2369 ie schwecher ward ✳ und dieselbe
2078 2341 2609 2415 t es war ein khind da
1968 2379 2616 2470 vnd aber sy meint meine vss
1931 2443 2612 2530 vorerzelten vrsachen, da reichtn
1966 2487 2602 2583 sy linsts frouw ouch
2629 380 2677 459 9
