4032 3024
1129 355 1821 439 Er Abermalen Eib Ich von
1148 394 1759 474 Gott abstan vnnd mich vil
1137 436 1766 523 ergëben wöll. De wilen ick
1147 493 1758 597 mit uih die facht₎n das ich
1141 538 1763 629 diß andmar im gfrornen
1136 594 1718 685 härd stan ttc. unnd spidte
1136 635 1767 732 ycher wöllie gott, das die
1118 695 1848 805 aile unnd mangt der mehntschi
1135 745 1759 835 heit wüssil wil ich mit vil
1158 793 1786 892 hiemuß ein strist han unnd
1111 850 1796 941 wie ir mich anfächtent, damit
1112 898 1801 1000 sich die meinsthhein dest baß
1138 957 1752 1050 bewarete gsagnete ✳ unnd
1139 1008 1817 1104 gott empfälche reden s
1159 1058 1795 1154 daruff de wollwst des ein
1137 1121 1743 1203 Aim Han Antiurte er
1158 1172 1770 1257 win der kun sol gott im
1148 1225 1731 1320 zimel geben werden der
1131 1285 1497 1374 mich Erhalltet
1173 1335 1789 1442 Dis habe er inn sinem wütten
1170 1406 1726 1482 iuff allwägen zellt, aber
1167 1447 1794 1531 darach anzeigt, das er mit
1205 1497 1531 1581 drun gwüsst
1174 1549 1756 1634 unnd styr allso die zist da
1174 1605 1810 1682 glägen, das er nit offgstanden
1165 1656 1805 1732 dann hieuren als der doctor
1175 1705 1743 1781 by im gwäͤsen unnd im
1174 1748 1794 1841 glassen ite jetz am montag
1171 1795 1732 1882 hab sghs anglei syen.
1160 1847 1785 1924 fürdas zu einer schür dahmhr
1157 1896 1803 1973 inntröschet unnd zu dem bach¬
1178 1939 1780 2012 offen gangen aber eins wags
1172 1983 1780 2062 widerum in dstuben zogen die
1171 2032 1792 2108 Fleider von Anthan stich nider
1175 2077 1723 2151 ceit unnd sald daruff
1164 2126 1771 2205 kranck worden, in des tags
1161 2174 1747 2246 dar zun dieren stich inn ouch
1178 2222 1561 2285 das wer angang
1580 2226 1787 2302 desselben
1182 2267 1724 2343 Abents er zu inen zuuntistl
1180 2312 1766 2395 dsessz unnd mit inengstssal
1186 2358 1763 2442 unst allen andren mal styfn
1207 2402 1806 2504 i mit demtisch für das seth
1165 2454 1513 2537 zu im gruckt etc.
1473 2542 1530 2618 4
1990 388 2593 481 an dem ibent wil sey by
2013 433 2592 532 dem tisch gsessen hab anm
1972 484 2651 583 Follen so biy duen gsein irenhund
2000 544 2629 622 um feusfer us gstossen und
1985 590 2682 685 lür gsächen, dasselb inen anzeigt
1990 643 2645 736 daruff ir bruder sein schwärdt
1984 705 2651 787 erwütscht unnd ir man ouch unnd
1991 756 2595 843 lient Eshin gangen wiewol stis
1988 824 2573 884 Iem man gwerdt sprechende, er
1976 857 2605 944 wär schwach hatt inn salldeiner
1975 914 2584 994 vber und uber gstoss₎ ✳ antwurte
1969 964 2633 1047 sr eo ich will eshin unnd wenn
1975 1008 2655 1099 sen iro zwen wären, wolle ich sey nüt
1967 1070 2162 1146 fürchee etc.
2380 1086 2561 1164 anfangs
1979 1130 2659 1208 Die dostores als sty inn bestichtiget
1984 1179 2596 1252 haben sy im anzeigt er hätt en
1973 1223 2590 1307 böse kranckheit im schwäbre vil für
1943 1273 2619 1349 doch wenn nun y herren wöllmit
1972 1322 2574 1400 sobest thun unnd siy im by der
1988 1360 2571 1446 näche haben möchtent, wöllennt
1973 1420 2593 1498 sy im wol zu Hillff komen e
1956 1465 2593 1546 vnnd habint einmal sein wasser
1956 1522 2622 1602 bschouwet unnd nach dem dasselbes
1976 1573 2593 1654 neer von im guordert, daruff
1961 1615 2605 1693 er in sinem wütten gredt bruder
1958 1673 2589 1753 Hans lass unns alle in einkübli
1964 1708 2596 1803 Brüntzli laß sachen wills der doctor
1979 1755 2235 1832 bekennen etc.
1985 1784 2596 1884 dis sin geubtwäsen unnd würten
1957 1846 2576 1937 habs sy inbishar gloupt unnd
1955 1899 2605 1976 wüsse noch nit anders dann das dem
1944 1940 2619 2024 aller dingen seye wie er anzeige und
1958 1984 2568 2069 a er hierzum ein falsch bricht habe
1944 2033 2629 2120 er sich alle im huß so wol als anderlin
1942 2081 2602 2168 beroben, dann sy mit im deshalb
1940 2125 2566 2207 witwol si für die ersten 8 tag hen
1949 2165 2571 2245 all nächt sy im gläben) uuh dhem an
1940 2198 2611 2301 schlag gmachet, noch einichen tug dar
1938 2255 2479 2345 hinder sin verstanden habe
