4032 3024
1146 2187 1179 2254 6
1304 293 1801 406 botten lansen  bis uff zy
1121 330 1801 433 ein Schwactzen bartt vd
1152 372 1815 523 ins abthers drissig Jönig
1148 467 1829 604 Vber gedachtter Woltsch Peter
1163 543 1792 645 ige Lenger weder der nech
1780 578 1843 686 s
1139 604 1844 737 und hab ein schwartzenbart
1146 688 1857 808 thöme Inn einer frauwen hocken.
1136 765 1825 867 ten Inn einem grunen wulling
1136 834 1845 953 hembd buch in hochen schuchen
1314 884 1407 934 beide
1146 907 1817 1025 tharsy und tragent khein gwie
1120 977 1843 1092 an in dann allein ein kleyne
1671 1047 1806 1112 daselbs
1114 1060 1816 1158 stecken wie die Battler vnd
1131 1122 1834 1243 habnitt do dry mitt ein andern
1122 1201 1801 1330 angeschlagen falsheanuntz zu
1137 1280 1831 1413 machen da haben sy zu Basell
1132 1354 1804 1483 anderthalbs pfunnd zin vnd
1130 1439 1850 1557 Sontrefsgt khouffet das sy mun¬
1141 1510 1831 1627 zun khonttentt welches sy ouch
1458 1577 1610 1646 derfick
1144 1580 1842 1701 shan unnd er selber kholffen
1145 1651 1826 1773 mirten by zwey dren roffler
1153 1739 1847 1837 zu Sratterlen ieser der hobtz
1166 1800 1850 1899 vnnd habe nitt mer dan zee
1154 1860 1829 1968 röffler vertryben das ùberiff
1166 1938 1837 2040 midt jren den andern gholff
1168 2000 1806 2104 vfrtrincken ✳ die selbigen sir
1183 2046 1869 2166 sollen wordenun zu Basell Ae
1199 2124 1270 2161 dem
1156 2139 1705 2239 zu kholfenberg finder
1175 2196 1825 2292 do haben sine in pselle valsch ime
1190 2246 1849 2327 Ien usserhalb der stat Sassel by den sei
1178 2275 1832 2366 derstech aber er wäre nin by Ime, dann
1190 2312 1805 2395 y inn ußgschickt, brot zebeelen, aber gly
1165 2344 1836 2421 darnach syer sy all die Shrattel by
1173 2387 1845 2473 einen der Esn, da hab er Inen scholffen
1182 2409 1803 2507 s 1 dorem felsten roßler machn, der
1181 2451 1536 2536 er 2 oder 3 ußefben
1559 2476 1840 2548 Iet habr welchth
1196 2487 1788 2582 eter Im das gnodel gk vnd zun
1180 2509 1818 2620 Wirtlissach in das dorfft bescheiden
1167 2544 1255 2632 hr
1257 2561 1812 2653 enshe ebrpfangen, wie er vor e
1231 2586 1320 2649 61
1238 2615 1407 2679 ge s
1399 2616 1853 2711 h z sifel
1669 2676 1851 2728 Ao 145b
1165 2641 1840 2749 schen abere d oe
1960 358 2653 492 Todem zu marspli Prefentibus
1962 451 2677 565 Her Hubers machens knechts des
2411 499 2614 555 mfutss
1969 522 2623 625 rarths ✳ herr studer ✳ giesch
1981 584 2644 710 weybell Pastor ist efrarett
2226 626 2675 708 drb bedneliten dammit  f
1939 667 2614 759 worden und dumlett welche
1946 715 2689 841 an Zeugtt hatt vorgemeltter damirt
1939 785 2676 918 habe sy zur ehegnomen und habe
1929 835 2678 981 Iren ein marseller vff die Er gt
1937 934 2587 1053 unnd habe sy zu dannbach
1940 970 2680 1123 zur ehee gnounnd ✳ und wüsse
1925 1060 2613 1194 von sine thun vnnd lassen vn
1932 1113 2654 1268 des hanndells halb gantz vnd
1931 1208 2671 1333 gar nütt habe aberin sämlichen
1938 1290 2503 1406 Possler Vertrieben
1929 1414 2626 1535 sodem prefentibg ✳ vor uffge¬
1949 1501 2632 1612 Zeichnetten Heerent hatt
1942 1558 2662 1692 thorathen Garttmannn anheigtt
1933 1638 2636 1772 welche ouch dumnkett worden vnd
2346 1710 2398 1758 dor
1938 1698 2636 1853 gsprochen sy haben, ein welscher
1934 1780 2666 1925 man ghan welcher Giorgsheissen
1933 1876 2670 2012 usz dem ougstel gsin ✳ habe nitzitt
1930 1948 2664 2074 gnomen dann ein secklin mitt
1948 2019 2647 2127 Coyß Khörnli, welche sy hie zu
1941 2088 2657 2208 bernn In der Statteinem Khremer
2084 2145 2596 2218 gnt S Lartis tab 3 lb schwer
1942 2174 2612 2276 stomen ✳ unnd uns ij lb ver
1945 2235 2668 2358 khauffert, vnnd Ist allwes
1951 2308 2649 2425 hin ehremerin gesein und nit
1948 2379 2672 2505 habe dey oder vier Jar dem
1932 2455 2609 2546 veberurtt ge dorig gfor
2320 2511 2666 2581 hat o  solles ✳ was
1964 2524 2250 2583 Zuric, s zog
2500 2558 2625 2631 ff
1952 2539 2505 2639 In Irem sack eye zu Sad
1947 2604 2632 2657 S otmars marit den krämer
1953 2646 2538 2726 gstolen, stunst nie nu
