4032 3024
1115 294 1836 453 unnd dem tsthachtlen küntzin
1091 362 1797 507 unnd andern woll zwüssn
1098 406 1794 547 das er hussr sunst gar nützig
1125 463 1637 574 mit inghandlet etc.
1140 524 1757 638 Hab ouchsunst gar nützig
1135 577 1744 687 nisßhandler dann wie er
1135 642 1811 769 oben anzeigt, das im trülich
1137 703 1782 799 lyd ✳ bitter uī gnad ✳ und
1133 762 1796 861 das Inn mineg herren Im land
1125 813 1808 928 lassnnr so es und gellt zethund
1130 877 1784 977 vnnd man ims zu zilen us¬
1139 929 1758 1034 kischen vergönnen, wöll er
1121 989 1780 1084 dermassen werchen kunder.
1129 1052 1798 1154 lich siner fründen am hilff
1112 1114 1777 1215 anruffen, das es müss gleit
1109 1201 1249 1268 worden
1184 1311 1807 1393 montag 11 Januarii 1552
1193 1373 1806 1454 psennlgs her Pfisters des las
1196 1422 1830 1504 Caspar willadings der Burger
1212 1467 1808 1555 Grössweibell Pastors und
1205 1519 1795 1605 Derweibeln zuMarßili
1211 1572 1745 1658 Hansluser, lar in mit
1214 1628 1765 1720 dem kleinen stein uffzoben
1179 1686 1822 1786 hat anzeigt, als er gfragt worden
1221 1750 1736 1837 dwyl er stäis in wirshüsen
1213 1800 1752 1875 zert ✳ und gspillt, wo er das
1196 1846 1551 1927 gellt überkammen.
1150 1896 1722 1982 er habt den vergangnen
1175 1942 1770 2032 sumer vnnd wincher gwerchte
1185 1992 1762 2075 unnd sin handtwerckbrucht
1177 2033 1801 2126 und wol in 3 jaren nit gspille
1181 2083 1747 2172 biß jetz als er zu Baden gsin
1182 2128 1817 2213 daselbst er 3 guldin mit spilen
1168 2167 1753 2251 verloren, darzu habe se
1174 2208 1796 2323 vil gellts mit artzuen gnunmen
1165 2257 1765 2373 dann er zelüschen wolastade
1189 2324 1768 2411 und sargans einen gfartzer
1189 2364 1816 2462 vnnd widergebracht so schon zum
1185 2392 1764 2510 drittenmal uff der gschouw
1190 2443 1795 2536 unnd erob gwäsen unnd man
1180 2487 1774 2597 inn wöllen in das sundersiech
1210 2526 1765 2651 zus thuͦn derselbig hab
1918 316 2607 459 Im vikronen verheissen. dry
1950 383 2624 491 er im bar bezallt, die wbs
1916 437 2628 575 dey er iine im mertzen nächstkom.
1934 504 2394 603 mend bezalen söllen.
1959 521 2622 672 In so habe erwol sy vi oder
1952 611 2609 719 ein guldinen uberko ey mit
1929 679 2584 794 Possartzuen des wurms und
1944 734 2569 824 anderer dingen, welches er
1956 789 2598 890 an des Bishoffshoff zu Chur
1957 842 2582 945 triben, da er dem Bischaff
1938 915 2610 1014 zwen hengst geartzen unnd
1972 982 2562 1070 o der Bishoff wüsses wie
1944 1037 2599 1120 es umtnn jetzund ein gstallt
1954 1088 2496 1166 wurde inn Ime zu hellff
1961 1142 2562 1221 wader gut noch selle büwen
1969 1191 2610 1275 lieb hab er junghept unnd
1964 1245 2567 1316 nit anders vermeint dann
1967 1292 2605 1367 er huser wölle sin man.
1955 1335 2587 1427 recht allhie Reich vnd darnach
1961 1381 2643 1473 zu im komen, hab nit vermeint
1964 1441 2594 1527 das er wurde furnamens sin
1953 1481 2327 1577 In krieg zu ziechen
1945 1549 2578 1643 so denne jat urwycher an
1968 1613 2598 1691 der marter veriähen das er
1982 1664 2498 1753 zu Lutzern jetz nach samt
1969 1725 2565 1791 martinstag, dem wirt zun
1961 1775 2542 1865 Nader Pfistern ein kronen
1949 1831 2552 1918 in müntz in einem gantterli
1964 1879 2559 1969 uss einer schusslen ✳ gnomen
1949 1934 2549 2020 unnd darzu ime ein heibd
1962 1984 2468 2067 ouch einfrömbdet habe
1990 2044 2593 2135 nis er nit andersmißhandlen
1979 2105 2569 2178 danner sieuor anzeigt by
1963 2143 2505 2226 dem ers oblybe lasse
2511 2151 2599 2231 hyt
1964 2189 2605 2276 im leid unnd begäre gnad
