4032 3024
1061 386 1805 475 erlauben wöllen hab er sey im sin ge
1079 427 1852 526 lassen er wölt gen Biel und sein vatth
1056 472 1751 566 unnd muner selbs darum frag
1078 524 1740 600 und sye hirmit samg dàsvon
1066 566 1789 661 gfaren und hab das knd mir
1068 620 1765 712 iin gfùrt ꝭ nach sölchem
1086 661 1838 769 als dise Unmili kinds glägen und
1095 737 1790 831 sich ouch artzuen lassen unnd
1065 794 1819 891 Ir man gsund worden seye er in
1094 858 1770 951 dem schyn uszgang₎ das knd
1095 911 1794 1009 Zesuchen zu Soloruen im spittal
1062 971 1827 1068 ubernacht glagn ✳ und daselbst mit
1060 1032 1854 1138 einem jung töchterli ein wäsen ghept
1247 1088 1751 1179 budermeister Inn Ins
1069 1091 1436 1197 das bahablißli
1077 1149 1365 1229 lochgeit
1513 1155 1763 1219 darnach
1115 1204 1807 1288 als sei beide miteinandern zo
1108 1259 1806 1350 das kind ze suchen hab nit sey
1125 1316 1829 1387 zu Grimgarte von einer bilger
1102 1361 1804 1444 erfaren. das kind bätts einer
1119 1406 1780 1503 der hiesse molcher von Lutzern
1118 1465 1815 1558 hàtt ein zubel uff dem sug ✳
1151 1514 1740 1610 da dannen zuguit sig gan
1148 1575 1727 1660 Lutzern da verklagtnit
1130 1629 1793 1718 sin denselben vorkhar als ein
1142 1678 1791 1760 thelmen vnd da wurd Inen
1139 1719 1815 1813 Zeantwurt siy die von Latzern
1134 1778 1818 1866 völlmit uff den selbigen acht haben
1145 1833 1838 1929 und so sy das kind ankänit
1111 1889 1838 1985 inen ffemthallte . über das
1151 1950 1812 2039 bredie sy ir man das sey mit
1127 2005 1829 2101 im gan fùtzburg zuge dawil¬
1143 2067 1829 2155 ent sey den nachrichter so jederman
1143 2115 1787 2203 ondee zeis, wo das verloren
1366 2161 1432 2213 hr
1161 2174 1797 2261 hinkomen, sb er ouch zuen
1138 2218 1855 2308 wusßee das Mloren kind anzuzle
1305 2274 1766 2355 als sygan Fryburg
1131 2282 1301 2359 gen
1154 2322 1816 2417 komen in des nachrichters hus
1148 2378 1782 2466 musste Ir man zu Inen zum
1142 2408 1821 2519 tisch sitzen vnd in dem Essen
1160 2474 1813 2569 giengs der nachrichter zu der
1170 2530 1819 2620 fur vß Kham Saldwider vmhär
1167 2571 1817 2682 gantz erdleichet sprache ich
2590 302 2655 361 12
1902 328 2580 480 hangfragt von des kindswag
1913 378 2645 513 frages Steffan wie Ists Antwurde
1917 440 2553 570 er es harem gute atte ders
1906 507 2615 621 mit im umfär fünt und ir wer
1918 556 2609 670 dents bis sMartis tag so nächst
1885 593 2666 736 vergang widerum finden, dosh sollen
1892 659 2645 799 fragkut ir im nit vil nach ftag
1915 726 2375 826 Jeminder Ie besser¬
2009 776 2591 877 dem bkaune ira der nach
1898 803 2015 885 Nact
1916 832 2636 931 richter uff der brug den bäte stn
1897 890 2651 990 Ernstlich vi gos willen dra anzuzeig
1898 943 2546 1032 wo das kind hinkomen wäre
1892 982 2642 1078 do gab er ira zuantwert, wann ers
1907 1046 2650 1136 Ira sagen söllie wird ir man sprochen
1901 1102 2653 1202 er lug wie ein schellin vnd bös
1913 1175 2072 1251 wihr
1916 1210 2646 1311 sy hat wischer anzeigt, das sey von
1924 1279 2558 1354 Weralte wannerin zu irtigen aber
1935 1312 2645 1396 verstanden doch habstis ira sollem
1933 1368 2584 1455 gseidt das nieman darbgsein
1931 1412 2600 1508 Also, sy erstlich gfragt, Ob sich zr
1921 1468 2588 1555 kindfunden dise geantwurt
1920 1524 2618 1621 Wein habe sey gsprochen ich glaub
1920 1566 2582 1656 du dörffest es mit ze stuchen ich
1904 1625 2648 1714 Janlin eherbergst die handmir anzeig
1902 1665 2620 1763 Esstige ein assler gansrybug zum
1918 1719 2544 1811 nachrichter gangen dem ergseide
1899 1763 2620 1862 was fragst dumick, duweist wol war
1911 1817 2561 1913 du es than hast ennd wischer
1911 1858 2642 1965 hab si dernen es war ein Kessler
1906 1918 2615 2003 der war uffr ein stag gang ✳ und
1908 1964 2587 2067 sin kind mit im das hatt er selbs
1894 2012 2261 2110 über iungstossen
1923 2067 2561 2158 Der trönworten halb jar sin für
1942 2124 2550 2205 gwent Ir man hab vor Ira
1930 2168 2583 2245 allein sunst dorniemant, das Ira
1941 2209 2572 2297 gwüsen ußglaßßen) diebold
1926 2260 2619 2345 den Frlach vogtschorr ✳ unnd
1935 2306 2574 2379 si, wann im die nit all werdint
1919 2362 2606 2438 müsse Im doch dero eins werden
1945 2402 2607 2486 vnnd demnach wüss er wol war
1918 2456 2128 2538 er solle.
