4032 3024
1133 305 1808 430 vrerdeget hanss grng dar Ian die
1124 361 1798 476 frouw ein stuck brot vnd gotswill
1129 423 1210 489 geben
1329 436 1818 534 Aber er hab kein thür
1158 469 1240 540 ir
1232 468 1809 579 uff gstoss noch uffbroch₎n wi
1124 519 1715 619 sse auch von keinen spycher
1711 551 1813 629 müt
1138 561 1788 678 noch von einichem schiltlin so
1136 611 1687 709 dran sol gmalet sein
1168 676 1803 769 von dannen syent sy beid
1168 714 1483 791 ch der man
1544 733 1835 814 schuhut mit
1153 762 1828 870 siner frouwen gan Compperswyl
1152 806 1695 902 gangn von einem hans
1211 864 1837 949 der Gönsthn bis sy durch
1154 909 1839 1001 das obr wirtshasz darinn die
1158 953 1747 1038 frouw i₎ ouch ꝫ gotswill
1753 991 1837 1063 at
1162 1012 1819 1100 zu des pendicantem huß khonn
1161 1046 1855 1155 da die frouw oben vff der vorlauben
1166 1103 1864 1200 gsessen, Ich ein stuck brot beue
1166 1149 1836 1263 sob, hat ein khind in der schosf,
1160 1191 1830 1304 Seits Er, Pastian, lachend, zum
1167 1252 1845 1338 khind, was thust, wit mit mir
1173 1300 1839 1399 seit sy  mein de muter ist
1167 1348 1793 1434 dinzlieb ✳ sprache er  es hat
1182 1388 1845 1481 recht, es hat hie gruger zasse
1176 1440 1860 1532 dann by mit hatt ich ein solche
1173 1487 1849 1576 muter ich wölt ouch nit vd
1374 1538 1834 1620 ist haben sy mir anders
1182 1585 1843 1661 da gredt, sye ouch fust kein
1185 1623 1670 1697 ander meitli da Ist
1663 1637 1754 1691 Do
1181 1665 1810 1755 dises khind, vnd sye der
1168 1714 1829 1807 din schimhut mit seinr frouen
1179 1749 1388 1819 mit inen
1440 1772 1595 1832 den Esn
1181 1793 1865 1890 als sy für das dorff usz khotn̄
1196 1840 1859 1921 zu einen hus in einde matt
1177 1884 1850 1972 syet sy beid wol in dasselb haß
1183 1931 1854 2009 gamb zehönschen, aber die knaben
1192 1970 1854 2058 so zin tenn houw entladt her
1188 2012 1493 2081 beit sys sheisse
1189 2034 1864 2129 bas aber zu. E ls sy für¬
1568 2078 1884 2148 huss in einer
1185 2100 1886 2187 matt khon, habent sy alle viere
1208 2147 1835 2239 uff dem spycher schosss bruwet
1196 2193 1854 2283 daselbs ginge sin gsell Caspur
1181 2240 1866 2327 aber das er Iins wirt in das
1231 2290 1866 2375 s darinn niemant was dan
1195 2334 1886 2439 der man vff der höuwbun, der
1188 2372 1891 2474 hies den knaben inen ein hallen bribe
1198 2427 1875 2534 wars vbel zfrid, das er ins hass
1187 2465 1375 2522 Was gng
1490 2478 1831 2567 Dadanen wolt
1185 2503 1900 2614 Sy gen thun, as synt so in diseer
1178 2560 1818 2643 matte gfangen aber der and
1178 2615 1858 2701 mit seiner frou ledig glassen
1240 2648 1898 2766 Snnders hab Er nützer ghördlit
1889 736 1941 810 Do
2547 291 2613 360 8
1940 342 2543 468 darnach ist examiniert
1994 417 2666 524 Caspar Kreern von Remgart
1979 479 2606 582 der jünger hat anzougt
1934 538 2670 642 Als Er mit seuer erfrauwen, so zei¬
1943 595 2626 673 nen oder förb machn könn, die
1942 644 2634 734 er nun bald in jar ghept und ein
1935 697 2617 779 witwen gno s gen Eschibach zob
1948 746 2648 819 vnd der obgeant Bestian dem
1950 796 2660 873 Hans Custor etlich tag gwartet
1970 840 2654 912 In meinung Er wurd mir Im
1951 882 2654 972 zu sautt Jacob Zuchn, als aber der
1977 928 2670 1013 selb Hans Custor zu letst nit
1978 992 2636 1066 mit im gwölle hob sastion
1961 1026 2668 1119 Inn disern Caspar, beredt, das
1957 1088 2668 1176 er mit im wöllen ziechen synt
1979 1134 2618 1221 gen Einsindl sllde en
1976 1183 2638 1271 d da ih rychtet von
1991 1234 2590 1328 dannen gögen kegartn
1947 1311 2654 1386 dann er im zugseit, wenn er mit
1940 1367 2643 1437 iizishen, so wöll er inn halten
1938 1399 2340 1455 wie ein bruder etc
1999 1470 2699 1561 in ein dorff zu sener Caspars,
1998 1529 2672 1610 muter, dadesey an sur
1992 1573 2616 1653 Ist mit Tastian des
1998 1619 2665 1709 manshalb so sy dise strassz
1998 1675 2663 1754 für thun bis gan fryaw
2016 1720 2670 1807 gwist vnd sampt seer fro
2019 1773 2661 1848 we mit i bis an mier
2012 1819 2630 1903 S. h. von Ser piet geno
2022 1868 2643 1950 entragung der schuisslen
2013 1917 2620 1996 vnd aller ding im Schachn
2620 1918 2736 1996 .
2015 1963 2649 2038 zu Ruderswylt Comppers.
2018 2011 2706 2094 wyl etc. Einer rvd hat anzoust
2005 2064 2641 2153 darnach ist er Heini ysplis
2016 2113 2655 2197 halb anzog ✳ ist er beckent
2003 2165 2551 2236 lich, er kenn inn wol,
2005 2202 2635 2287 Erstlich gseit, er hatt Inn be
2011 2251 2630 2333 ex jari nit gsechen, als er aber
2018 2294 2649 2377 izöngt e CCaspar wure
2007 2336 2630 2425 b e Jare alt, do mein
2005 2379 2634 2461 er ✳ by 4 jari hatt er in
2005 2423 2638 2516 gsechen Guletst hat E
2015 2472 2646 2557 verrächn, das Er In der vor
2000 2516 2658 2613 der massss verschinens s
2021 2563 2627 2642 martiis tag E jar gsein
1971 2584 2724 2685 in muter heisse Irem vatter nach Inni feister
1946 2654 2620 2712 din stieff vatter kein fuglic vrtethal
1957 2677 2692 2744 hremgart in dem kilchspcl cordorff ssess₎
2716 1351 2756 1398 8
