4032 3024
1164 312 1827 492 Eodem Vsentwvg hermateus
1219 392 1797 537 Knechts des arb Iwolff.
1219 457 1812 604 gangs von Frlach der Bur
1211 513 1802 658 hern, unnd Grassweibell
1214 561 1738 700 astorb eetc. Zu Marsel
1215 634 1718 769 In marter gfragt
1183 708 1851 854 Danel waring von mexier
1183 769 1804 896 als im sin vordrigt vergicht
1201 834 1822 950 fürghallen unnd wycher ervor.
1200 883 1793 995 derworden, har er der¬
1200 951 1852 1057 selben in dheinen artigklen heiter
1194 1000 1815 1109 wöllen gkantlich sin, sonnders
1178 1058 1812 1158 anzeigt, er konne gar mit
1174 1119 1805 1217 mit dem müntzen sye ouch ne
1178 1170 1826 1273 willens gsin das zuleren ✳ und
1183 1237 1788 1309 hab nit neer dann einmal
1183 1283 1758 1378 Inen zugsachen do sy falstl
1175 1340 1840 1438 Fössler gmachen, habe aber nit
1174 1401 1806 1496 mögen wüssen ob sy i dotzen
1177 1458 1759 1545 minder oder mer gmachee
1173 1523 1853 1606 hab allein zwen derselben gheye
1207 1583 1794 1650 wrenen er hinwag gworffn
1178 1621 1796 1702 den andern im der vogt da
1183 1679 1708 1757 er gfangen worden brochen.
1190 1723 1813 1814 habe inen ouch mie dhem brot
1209 1778 1835 1869 bärler nochzutrab sonn.
1201 1830 1731 1922 ders siner frouwe bracht,
1202 1878 1848 1977 Das modell so sy im zubehalten
1239 1945 1842 2035 geben sye in einem seckle glagen
1215 1988 1785 2082 darimn stib im in sin krätzen
1676 2056 1795 2107 mit
1200 2048 1682 2132 gstossen unnd habint
1198 2093 1825 2180 demselben noch nie gmuntzer
1195 2142 1755 2233 damit sei aber gmüntzer
1182 2180 1783 2288 ab er znwenndig nie gsächen
1201 2247 1790 2353 zuleist er anzeigt das sich
1190 2308 1733 2388 willens und fürnämens
1191 2351 1829 2441 gsin uff Brugg unnd frouw
1209 2405 1351 2480 zezuchen
1163 2461 1849 2554 man sol inn für bis van Nodbw
1155 2501 1688 2594 vnd daßslis im den eyd gb
1700 2534 1797 2607 v
1243 2556 1835 2656 E g. h. vand vnd pret we
1168 2592 1863 2715 er harnach drien ersriffen wirt
1168 2626 1577 2749 Iun zu öesilen
2533 309 2615 396 62
1950 387 2502 505 ninwuchen 13 januarii
1953 431 2581 586 psennkg s Pfisters des bats
1974 496 2605 622 Casparwilladings der Bur¬
1949 543 2650 679 gern s Großßweibel Pastors etc.
1958 618 2545 748 zu Marßli Hans Huser.
1957 683 2622 817 ber i1 mit dem kleinen
1969 763 2230 863 stein uffzob
1960 811 2559 922 hat anzeigt erstlich, das er
1970 866 2590 953 by dem allein so er hievor
1968 922 2577 1025 bbekent blyben wölle us¬
1969 978 2641 1077 gnomen der kronen und humbd¬
1973 1033 2603 1133 lis halb zluchen zum Pfistern tc.
1981 1072 2607 1184 daran hab ime selbs unrecht
1966 1144 2618 1234 than unnd inn die grosse unly¬
1965 1196 2653 1303 denliche marter darzu bracht etc.
1981 1267 2591 1371 demnach bekent alls er un¬
1992 1330 2604 1425 guarlich vor vi jaren allhie
1987 1388 2619 1469 uff dem breidtfelld von einem
1976 1437 2603 1529 des tochter erghept, aber von Ira
1975 1492 2626 1583 gscheidenw vereundet worden
1974 1545 2633 1636 hab er sich in perer Brönysens
1978 1601 2576 1699 huß füren daselbst sich ein
1969 1664 2611 1756 lange zytendthallen und artz¬
1967 1719 2539 1810 nen lassen unnd allso by
1958 1772 2620 1861 im ufftriben und veizert das
1974 1837 2584 1914 es exviri lb bracht, so er im
1977 1882 2530 1977 noch bis an zwen guldin
1964 1924 2613 2024 schuldig, so der welcher inn allso
1955 1990 2514 2082 ghouwen daran gwärdt
1975 2049 2584 2131 das übrig sin schwöster für
1974 2093 2590 2185 inn versprochen zebezalen etc.
1949 2140 2574 2250 daruff er wyther verrächen
1962 2203 2632 2291 Er unnd noch einer heiss Hans
1971 2257 2485 2335 ein wäber, daß dem wyl
1962 2281 2566 2383 us dem fùrgouw ✳ syent dett
1962 2346 2588 2439 nach sant martins tag als sy
1986 2387 2649 2476 in frieg gwollen miteiand¬
1981 2435 2631 2534 ren gans drmnstorff komen
