4032 3024
1100 329 1699 428 das er sy bezalt hätte
1092 395 1818 496 Witter hatt er anzougt wie
1139 448 1837 571 er under Emen bott in Hanse
1120 513 1813 637 friessen huß, zu Frittenbach
1136 578 1761 673 hab Luun bleth gnommen
1144 639 1741 733 die hembd mitt zebleth
1141 698 1809 812 denne hatt er anzöngt
1144 764 1829 871 wie er in eien tuse
1139 826 1809 938 habe in nedling fadenn
1141 879 1794 985 gnommen. sunst anders
1159 951 1777 1046 wil er nitt bkeantlich sii
1154 1008 1840 1099 lur 1 mit den kleiten stein
1395 1059 1536 1167 Dd
1190 1111 1838 1245 vff Mitwuch dem 22.
1177 1184 1840 1304 tag. julii im 5t 31 jar
1165 1257 1854 1360 presentibus.  Lux louwen
1177 1314 1863 1422 sorung des Raths Niclanr
1185 1373 1816 1482 guder der burgernn Ist
1156 1424 1877 1551 bermaln zu mar ily gfrage
1193 1490 1351 1585 worden
1139 1565 1869 1684 Anni schaller von Bmerthwyl
1172 1655 1861 1758 hatt veriächen sy habe herr
1190 1720 1850 1825 Heinrich Slig₎ zu lis mitt
1105 1729 1216 1805 einamh
1232 1768 1286 1812 It
1106 1792 1208 1826 wie her
1224 1776 1826 1885 me ku verhoubertt, das
1106 1809 1221 1885 mheli
1193 1836 1839 1934 sy in acht tagn mitt den
1210 1893 1857 1997 wasser geben habint und
1198 1953 1863 2055 uss der ursach, das sy fra
1217 2012 1814 2109 vff ein hott nitt woltenn
1208 2076 1809 2174 eben das aber sy gernn
1209 2136 1637 2235 gcheffte hattend
1213 2194 1813 2301 Witter hatt sy anzingt
1247 2246 1786 2369 Bendicht klichens zlyb
1233 2308 1782 2413 rossen halb, das hab sy
1223 2381 1768 2473 nitt gitthan ✳ aber das
1204 2430 1881 2546 schwartz mänl habs than doch
1207 2493 1848 2586 habe sy den willenn drin
1216 2562 1828 2638 geben do habent sy beyde ein
1166 2602 1826 2688 krutt gstossen des kosseen mitt
1181 2658 1668 2735 geschrichn oder gestalbet
1989 356 2611 471 denne hatt sy anzöugt wie
2045 404 2628 529 byfele der boss sye zu
1976 479 2628 575 fra khunnen ✳ und srasfrafft
1981 537 2636 628 ob sy em volgen wöllen des
1999 584 2643 688 sy geantwurtt nen, do hab
1991 636 2617 745 er mitt er gerungen und
1987 700 2646 804 sy zwungen das sy es hab
2008 769 2298 865 mussen thun.
1957 827 2654 943 Item wie er sy sy soloturn
1952 906 2685 1004 hieharwerth gegn den dorff
1990 960 2669 1067 spesach hab glertt ein hagfl
2006 1022 2668 1130 nach und gsproch win ns
2000 1085 2694 1190 nitt thun wöl, so wöls ers thun
1970 1156 2599 1266 so hab sy ein feffe klein
1986 1220 2720 1325 Liechtl gnommmen und dasgell
2005 1282 2606 1387 ic zu ein häffeli than
1991 1329 2617 1439 darus sye den hagel werd
2004 1390 2583 1488 sy hab aber nummen ein
2009 1453 2666 1548 kleinen hagel wollen machen do
2018 1508 2685 1597 syg ein grosser darus worden,
1995 1562 2647 1681 Item hatt suh ouch anzöngt
1994 1633 2634 1715 wie der boss in eint mans
2023 1691 2639 1780 gstalt sye zu ira khommen
2029 1749 2640 1849 gantz schwartz dem sy siel
2024 1799 2634 1890 ergeben der hab ein wuste
2023 1856 2661 1949 gsicht ✳ er hrig fra das
2034 1905 2677 2010 zeichen so sy am bein verkinden
2029 1964 2587 2067 hatt gebn mitt der hand¬
2001 2027 2686 2144 Item hatt sy ouch anzeigt wie
2027 2109 2726 2200 sey ein frouwn heisgen dichtli
2027 2159 2685 2265 diekinen, zu offholtern, da
2026 2226 2664 2313 sy zwo, äben geschwisterde
2018 2274 2661 2373 khind syent ✳ om das sy
2024 2329 2716 2425 ira in beth schuldig gsen
2030 2384 2733 2489 vnd sy nitt hatt wollen bezalen
2014 2443 2684 2548 erlemfft und das mage
2035 2499 2688 2606 man fra woll helen mitt
