4032 3024
1118 298 1736 431 Donstag 19. Novombr 155
1172 368 1803 488 Vresentik hwincentz pfisters
1165 414 1217 483 h.
1229 425 1815 550 groß lv pastors et weibel
1238 488 1719 581 zu Marsili grogt
1161 527 1765 629 Sanferiuns atenwyler von
1167 591 1839 706 Lummis bywyl im Turgör
1121 658 1837 767 hat anzöugt, als er ab dem schwart
1133 700 1840 821 wald durch das gouw uff rben sod
1142 747 1842 859 lotum zoben und zwerchen gsucht aber
1151 786 1832 907 mit können finden, sye die frouw
1145 835 1829 941 Trina mülleri nit wyt under so
1160 876 1834 989 Coturn mit irom kind zu im kon¬
1164 925 1840 1028 by iij wuch₎n uffarlich ✳ darnach
1156 964 1830 1074 harwertz mit ira zogn und sinselt
1146 1026 1769 1123 was er im summer mit schnyden
1157 1065 1816 1169 gwunnen, gat mit ira verzeit
1160 1114 1825 1206 doch nit stats in wirtshuiseen, studers
1086 1143 1808 1254 ye kietwan by den pr ubrricht ist
1070 1198 1829 1290 wirt an donstag nach S Martik tag hab
1092 1235 1794 1318 hab er hie an nachmärckt den fürb
1167 1282 1827 1360 von Schaffhasz Sholff lade ✳ und
1154 1318 1783 1405 hab die frouw ir khind dott al
1158 1370 1824 1437 spittal gfürt, das er nüt drin
1152 1407 1822 1475 gwùst sdes vermeint sy wäre
1151 1435 1712 1507 für min h für rat kertß
1162 1489 1863 1554 morndes am frytag als er hinweg
1146 1512 1834 1587 hobt vnd sy mit iin vnd sy ir kind
1151 1546 1825 1625 nit by sr ohrpt, fragt ers wo es
1158 1594 1858 1666 wäre Int sy, es ist wol versorfft
1151 1634 1841 1701 man hat mich gwist erd shnissen, das
1156 1664 1867 1746 icho in spttel thuye, da wirt mans
1151 1707 1539 1775 ein handtwerck dee¬
1539 1721 1818 1787 ,des Er b
1167 1749 1806 1818 gtholten vnd gseit sy dörfft su
1167 1780 1826 1854 wol müssen enselten und er etwan
1154 1822 1804 1900 ouch aber so heis Iins uszgredt
1157 1853 1493 1928 das er grschwisen.
1508 1870 1802 1923 Sis das
1145 1902 1846 1976 eg sy by arburg gan Strenselbach
1143 1932 1822 2007 khosen, da heib sy sich bsendt und
1143 1966 1836 2039 wider haruff wöllen das kind rei¬
1154 1999 1225 2069 h.
1221 1999 1842 2078 bötte Inn, das er mit Er giens
1239 2040 1832 2116 er hab sy gar nit ueffzwistt
1148 2081 1839 2157 das kind hie zlasst, Sunders Ira¬
1148 2120 1830 2190 das widerspil grati, wonn sy sennem
1154 2152 1740 2235 rat gfolser sy hats nit than
1152 2183 1856 2272 sy seit im, als sy am donstas mit
1145 2227 1783 2305 dem khind vnd irem brieff f
1240 2271 1801 2342 g hern wölte, ripte dra
1151 2289 1846 2370 eins Pfisters wyb obe unuer von
1149 2335 1827 2422 schlüssel, sy sölts in spittal
1181 2383 1855 2453 Es sye küntt armer gsell wie er
1190 2423 1854 2492 dott al zum schlüssel gsiin der
1149 2455 1830 2545 auch sholffn den furlie landen, der
1153 2497 1862 2593 hatte am ab sen gippt uff einstul
1920 306 2620 430 keit, bätte die frowe im sy zehaltn
1913 357 2630 465 das er sein huntli so im Reinel glehen
1918 404 2634 506 nit druss verlure, das sy than mit
1938 433 2623 536 2 wider trag, vnd vnder das haupt
2134 446 2650 561 Er hab aber kein seckel
1913 516 2118 583 diss beir
2018 505 2636 609 sunders ein schlitz ohr sack
2152 557 2543 637 dann er hab
1913 591 2152 659 in der gipst
1933 570 2640 683 morndes ein lumppen glichen, das
1923 626 2670 740 er sin felt drin thäte wuisse nit
1924 681 2653 777 ob sy demseln gelt gnon oder nit
1927 730 2651 826 Er hab daruun alwegen gsein sy sye
1935 772 2664 856 eelit, das er sy vn so vil schirmte
1940 813 2479 907 das sy nit eins jeden fußlin
1964 859 2643 945 üsste etc. er wölle mit keiner
1942 913 2347 980 memer mer ziechen
1920 923 2654 1030 er hab min sunst nüt bößz than, dann
1928 991 2656 1056 er noch se vatter Ullis antewyler
2245 1017 2618 1089 und nacht se
1926 1033 2249 1098 der wolhaben sye
1943 1052 2623 1136 schwisterde hab, wüsse schier keins
2279 1098 2663 1170 Siner brudern
1930 1111 2265 1174 wo das ander sye
1934 1148 2673 1216 einer debhart anenwyler, sye ein
1938 1179 2672 1259 rytknecht ✳ und hab hie zu bern zwybet
1929 1227 2500 1290 wüs aber nit wo er wone
1946 1243 2660 1331 von Ir aller weg hab er sich all
1930 1305 2193 1364 wes frunnklic
2098 1305 2479 1380 amh galtenn etc.
1883 1335 2678 1428 mit demeyd vorstat und lad wysen 25 nonen.
2138 1397 2615 1482 Todem, zu Marsili
1962 1480 2637 1568 Tryna müllers von Oberste
1963 1546 2198 1612 by Solotum
2293 1547 2535 1608 sy sye ob
1959 1577 2652 1659 jaren in Schaffhuser viet und
1969 1641 2636 1699 uff dem vorwald unher zosen
1976 1674 2377 1726 mit einin kram.
1958 1703 2598 1778 sy hab den man, der zu det
1970 1734 2666 1808 menting verbrunten nit leuser
1964 1787 2616 1859 dann ein halb jar shept aber
1959 1825 2499 1891 kein khind by im ghun
1988 1859 2540 1934 daruor aber heig sy ein er
1943 1903 2497 1974 chept, Pauli Jader guenpt
2562 1915 2626 1962 d
1959 1947 2637 2008 hallouw, mit dem sy zu Eey
1965 1985 2636 2046 serstul zkilchen genben, der vor
1959 2033 2612 2091 ii dar zu Tallow sstorben
1962 2078 2616 2135 von demselb heig sy noch
1956 2110 2216 2177 erliche khind
2213 2106 2676 2176 das ein so kfff
1965 2153 2617 2207 tigs meyens 9 dir alt werde
1953 2200 2630 2257 ein megtli hab sy zu Otman
2183 2224 2687 2286 der müli verdinget
1960 2228 2114 2286 sside
1976 2243 2594 2332 da heig mans lieb vnd wirt
1965 2279 2650 2374 das ander, so sy die im spittal
1965 2344 2663 2412 lassen, sye ein kab. uff das
1967 2382 2505 2450 niw Jar. v. Jar alt
1938 2429 2614 2504 Es sye noch nit 3 muchn, das
1961 2473 2465 2546 diser ssell. So infarins
1956 2502 2636 2590 Ir khon vnder Solot zu mit
