4032 3024
1293 312 1720 423 Mentag 1 wai
1332 555 2806 694 Nin frntlichen guntz underthezigen williyen kunst zuͦ hor mn
1421 661 2857 753 fùrsuchtigen und wyssen gnaͤdigen lieben herenn vwer schriben gen
1400 719 2841 850 ich wol verschanden denn selben nach so fugen och zuͦ wüssenn ias
1430 801 2784 919 ich die versamlett hann die jon vm humb bützins handel
1431 880 2865 987 wos wüssen traen wye er zuͦ oberhoffen gehandlitt und algischey¬
1434 931 2819 1072 den ist des ersten so ist ein mon ein jünger und jaͤtzeler ger
1435 1011 2816 1130 artzueg bed von siben thal gan oberhoffen kommē und hatz
1451 1095 2840 1196 ein buchen in sin hub angesprochen und erdacht das sy innen
1430 1138 2839 1258 worden ist und uff soͤmlichs je hatt juncker batt selig in lassen in
1448 1213 2774 1334 legen in gesengnns gem nach so hatt der juncker dem aimē
1435 1263 2819 1386 buren und ander in sin hus geschecht und ger massen gererfinden
1441 1334 2862 1424 has innē gar nnt gefallen hit und jnntte somliss nit vertrùweg
1456 1398 2817 1497 zùngt des ersten so het Jacob Franntz hinder im in sin hueb
1444 1476 2780 1579 funden ein guͦg Gnsch bar hossen und zwen alt but kasz
1469 1534 2813 1654 und atlich issen geschint dene herenth Jatzeler ein hansser kragen
1460 1637 2754 1719 ist ime wider worden dem nach so hit min hinder ime
1463 1671 2762 1787 simden aller key husz ritt ein guͦten gheyl ettlichen hitt man
1472 1734 2775 1830 wider gen das obrig hatt der juncker behilten dem nach
1462 1813 2806 1905 so hitt juncker bit selig den minē baren in das sibenthal
1460 1870 2823 1969 geschhicht sich da in ien linz lutten zuͦ erkinden wye er sich je
1461 1946 2816 2025 gehihen ds hatt man iem junckeren ein brieff hiesz geschickt
1457 1998 2800 2096 der von hums bürgin nitzig gut₎ lundens in hatt und
1434 2069 2821 2167 unn uber ges alles so ist er usdem thur onthrnnē das
1441 2126 2752 2248 man in mit witter hatt kennē fragen und hubritt und
1460 2189 2781 2318 als de hinder gelen und nie mer mer gan oberhoffen kmē
1445 2265 2835 2373 da mogen min heren wol ermessen mit was ern erse abzischē
1466 2326 2727 2436 den ist gen domon Zurcher eetwas wereks nit witter
1454 2358 2772 2501 voszuͦ wùssen nit mie dan gott halz och in hocheneren gebeu
1452 2458 2511 2575 uff dem ersten gug brach monets des lyj jars
