4032 3024
1133 377 1864 485 der altt man ime ein par e
1160 444 1874 544 fen verheissen, do menn In her
1159 501 1878 616 woltt, heige Im sy aber noch
1156 574 1458 664 nitt geben
1128 650 1875 764 Todem die. Stumbertt fabure de
1146 731 1863 829 obgenantten Buthonis gsell
1154 783 1845 912 hatt anzeugtt, er syge nitt
1172 853 1833 970 darumb gan frybing gang
1172 926 1875 1036 von des handells wegen sonder
1170 997 1825 1106 darumb gangen das er
1175 1068 1857 1167 Isten Stachel vnnd ein vas
1175 1131 1872 1252 khauffen woltt tc. doch zu lest
1179 1206 1878 1321 bekhanttlich worden, er syge mitt
1195 1272 1873 1387 im gedachtten gsellen denthonen
1181 1341 1854 1453 Rolin gan fryburg für rhatt
1198 1406 1872 1530 khertt vnnd Inen den hanndell
1198 1458 1846 1589 wass sy zutragen anzeügtt
1190 1517 1875 1652 do hannd die von fryburg sye
1201 1600 1863 1723 gheissen widerumb heim khern
1189 1646 1881 1770 unnd in fryden laben ✳ gotte
1193 1736 1876 1841 forchttig sin ✳ unnd das fran¬
1182 1813 1638 1905 gelium annmmen.
2581 345 2647 429 81
2043 384 2356 513 Hans Ggekl.
1958 461 2537 587 nitwuchen 15 martii 1552
1956 523 2669 658 zu mersteli versentikg gerPfisters
1944 611 2520 687 des rats unnd Hans von
1941 636 2585 747 wattenwils Chorschrifers, ouch
1947 688 2639 797 der weiblen  har Hans Eell
1951 749 2583 845 pürtig von Kilchdorff wonhaffe
1966 771 2677 883 zu vttendorff der Kilchger tierachern
1919 844 2644 946 Anzeigt, als im erstlich die artickel
1932 894 2673 987 vnndmisshandlungen so peiersuree
1934 950 2630 1047 zuspietz vonn im selbs ghandlet ver
1928 1003 2236 1093 rähen fürghalten
1951 1018 2602 1138 des ersten Luy Kryfflis halb ✳ im
1952 1109 2618 1191 gsey tc. dr bell wüsse nit wo
1943 1151 2570 1247 das gheysye, darzu kenne er
1943 1214 2594 1301 den Kryfflin nit noch sunst garnie
1946 1272 2604 1354 mants zu Spietz dann irst turand
1958 1316 2600 1405 vnd den Schryber sye ouch sin leb
1945 1370 2611 1450 tag zu spiltz nit gsin, dann uff ein
1952 1418 2568 1503 zist er an einem suntag uff zabt
1952 1463 2625 1545 t dahin kuen und ain ma
1942 1511 2516 1569 widerim da dannen gang
1939 1557 2585 1640 Doch seye surer nit by im gstin
1922 1603 2597 1694 unnd trag des handels kein schuld
1957 1663 2603 1754 wier geissers gersten halb ✳ sye
1964 1724 2615 1816 im unwüssent ✳ unnd er deshalb
1964 1778 2185 1866 unschuldig
1949 1830 2575 1943 Ludi Bollen verlornen in meßsaltz
1952 1911 2581 1992 beträffent ec. Sye erehgelen
1954 1951 2580 2043 wäder by nach mit gsein sonnders
1951 2005 2540 2084 domalen als es solbschechen sein
1959 2056 2623 2141 an einem gmeinen werch gstein so die
1963 2103 2598 2194 den uitendorff an ein grabe in
1940 2144 2591 2249 Eimbachghan, doch seye er darby
1943 2208 2611 2297 wol gwasen als bemellier lndi den
1970 2254 2634 2366 surer von des wägen eischlachen
1976 2319 2118 2399 nüsst₎
1952 2334 2437 2463 der alten salbinen halb ✳
