4032 3024
1163 329 1864 467 wie Im wirshuß daselbst than,
1170 370 1873 508 Mgärt das der käuffer im vnder¬
1189 430 1874 574 Gugen komen werd er zn enschuldig
1172 482 1279 568 gen
1192 538 1878 667 Ist abermalen mit dem kleinen
1234 611 1870 732 em uffzogen Har dise hieuer
1204 658 1853 783 gschribne endeschuldigung
1195 723 1388 805 beharret
1245 784 1816 879 Denne Ifn sind Im
1225 842 1859 932 noch malen all artickel nach einan
1234 891 1861 988 der fürghallt₎ unnd der grösser
1232 930 1748 1021 stein zu hingstellt worden
1221 991 1874 1088 hat er gar mit anders noch wycher
1208 1035 1814 1142 derächen wöllen, sonndes ist
1214 1079 1818 1188 aller ding sy vorgemelliee
1213 1130 1641 1226 endtschuldigung bliben
1210 1203 1841 1300 Hat aber vor vnnd nach anzeigt
1191 1258 1887 1357 Er habe khein andere gmeinschafft
1202 1313 1819 1394 mit surerghept, dann allso
1193 1355 1833 1445 das er näben im zu vnendorff
1199 1405 1800 1493 zhußgwäsen. Da diser gell
1200 1454 1838 1542 ein Hußli erkaufft vnnd nuß¬
1198 1510 1809 1580 was guts ein zytlangnem den
1196 1557 1846 1634 zins puwen doch by ein jarhar
1193 1596 1845 1690 dasselbig nit meerghept, sonnders
1201 1652 1634 1737 sich dienens beholffen, da
1654 1668 1826 1745 in erstich
1656 1696 1745 1740 e
1210 1710 1830 1789 in wis und kind ✳ dero er zwoy habe
1189 1750 1826 1834 Knabline dero das ausbrochen, vnd
1199 1798 1834 1879 grossen mangell jetzund vrlyden
1196 1848 1805 1927 müssent, dann sy dhein brot im
1192 1902 1795 1970 hußhabint, das aber wo er hieran
1190 1941 1835 2016 schuldig nit bscheche dann so im allso
1190 1986 1839 2064 gellt worden hätte er sine schullden
1210 2038 1822 2114 ioden abzolen, das aber nit bschechen
1187 2075 1817 2164 darzu habe er sin erkouffn güßli
1170 2124 1412 2197 verknffe
1432 2138 1813 2210 issen doch habe iun
1181 2170 1856 2246 wier surer geurs achen der im allwägen
1204 2207 1834 2298 zuͦgsetzt ✳ unnd er inn forcht₎ gsiin
1189 2260 1827 2352 er wurd nochaimal den lon geben
1175 2292 1807 2388 dann surer hab im uff ein zyr ein
1177 2334 1795 2432 dnd verdinger zwinttren ✳ die er
1178 2399 1795 2484 Egell ettwan ix wuchen ghepst
1177 2431 1795 2537 und als er im die widerum geben
1171 2471 1843 2571 hab er nüt von surer zulon bru
1961 343 2662 469 negen, vntzit darnach inn meisen do
1977 399 2610 508 zurer in geiss veil shep, die der im
1979 435 2621 547 vekauffe und bar bezallt doch sein
1969 468 2685 584 lonung von wag der kie ime, daran
1978 534 2660 632 abzoben in bywäsen eins bidermans
1975 588 2677 681 Nach söllchem alls diser egell wieobgt
1977 637 2648 726 melle dem burer zu thun pßglichen
1983 670 2665 784 die anderek zebezalen, wie obstar
1972 726 2625 819 vnnd im die abgeuordert habe er
1976 781 2638 872 im allwäg ze antwürt geben er war
1969 830 2655 923 im nit schuldig sonnders egell wär
1974 888 2606 980 im schuldignein die geiss die er
1969 913 2649 1016 Im abkaufft, die söll er im bezalen
1969 969 2646 1072 oder er wölle inn leren die geiss
1971 1043 2121 1115 bezalen.
2161 1035 2575 1109 Von deßwägen
1981 1079 2603 1167 sey einsmals mitteinandern In
1956 1135 2598 1230 frdenkomen styent, alls sy zu
1978 1194 2570 1276 sofftig gwäͤsen und heim gan
1963 1245 2554 1333 ottendorff gwollen unnd einer
1948 1300 2553 1373 von vitendorff mit inen gang
1963 1347 2566 1423 habe diser Egell im abermalen
1961 1393 2560 1472 das gellt ghönschen, des burer
1975 1429 2585 1499 Rougnet unnd vermeint Egell
1957 1468 2608 1557 war im schuldig unnd griffe stäis
1975 1523 2595 1598 uff sin gweer willens zu zucken
1962 1569 2605 1635 das der ander so mit iuen gieng
1958 1615 2559 1691 wol zum häshendenmal inen
1955 1654 2583 1734 frid putte, seidie sturer zu disem
1955 1707 2523 1785 Esel sein wib hätte im sei
2294 1749 2587 1830 unnd es wär
1962 1752 2293 1838 frouw₎ verlog₎n
1979 1796 2607 1872 ein verlagens völkli, deßhalb egel
1970 1842 2626 1918 den andern vermannt des Indenk
2311 1888 2578 1955 unnd smmen
1990 1887 2155 1964 zesin tc.
1970 1910 2625 2011 das inn Surer diser misslandlung
1940 1984 2600 2055 halb angeben müsse usse nyd komen
1943 2021 2629 2092 dann er dero wäder weinig noch
1945 2067 2576 2143 vil schuld trag noch wüssen tragen
1938 2124 2622 2180 dann so surer im ettwas solcher dingn
1925 2160 2603 2217 halb anzeigt oder gellt potten hätte
1957 2189 2569 2265 wöllt er inn selbs verzeigtt unnd
1957 2227 2591 2312 angeben habe Begärt aber und
1958 2273 2625 2357 pitter das surer im underdug kome
1940 2334 2551 2404 unnd man sey gegen einandern
1959 2370 2628 2443 frage ja dermarter halb gar nitzi
1984 2408 2641 2491 pare, ward er sich unschuldig erfinde
1945 2464 2608 2547 vnnd die warheit mit der marter
1930 2517 2114 2590 sshallt₎
