4032 3024
1303 368 1618 460 Ladt. 1bd
1308 442 1845 534 ulet Stilia von Mu¬
1269 489 1847 602 hat nit wyter verrächn
1151 523 1246 585 den
1327 538 1740 621 vor als obstat.
1218 564 1865 718 ist ledis lassen uff ein glist
1192 712 1820 835 mitwuchen 15. Juny 1552
1211 786 1847 893 p sentibus. herg Jnders des vars
1190 854 1719 955 simen Störchlis etc. zu
1330 913 1522 991 Marsil
1189 960 1759 1070 Caspar müller pürig von
1207 1030 1807 1128 spreg im wege wonhafft,
1179 1085 1772 1177 alls Im die artickel fur des
1185 1151 1796 1231 drieffs firghallt₎n ✳ hat er
1190 1200 1834 1290 anzeige, erstlich der schleger.
1186 1263 1866 1357 ichs halb, das er die nit eitfrömb¬
1178 1315 1837 1410 der sonnders von suir nachpuren
1186 1376 1844 1467 ein entlent, nd damit sampt
1181 1421 1782 1501 einem biel in das Amental
1173 1479 1882 1559 konsen willens daselbst zeragioren
1195 1531 1788 1605 und zewerch₎n und hab zuͦ
1174 1577 1808 1671 Sumißwald an ein brutluff
1174 1646 1370 1731 wol by
1363 1632 1810 1735 psonen Cein ardeit
1182 1671 1854 1783 gfragt aber min funden deßhalb
1183 1740 1851 1829 er als er desselben tag nüt gessehen
1207 1805 1879 1895 in biel verkauff vnd den hunger
1151 1851 1827 1963 verstellen wöllen. Das hab aber
1190 1925 1827 2005 nitmants kauffen sonnders allein
1188 1987 1855 2070 die achsgefeilstet, die er aber nit
1194 2031 1841 2126 verkauff wollen vnd anzeigt sy
1182 2090 1848 2177 war im allein entleüt, doch so im
1186 2144 1828 2228 einer daruff geben vnd die achs
1208 2203 1813 2270 behallten woll er die In monas
1183 2245 1797 2327 erst lasen, daruff im einer
1218 2298 1827 2389 iig dätzen geben, welche er bald
1206 2345 1827 2447 darnach widerum erleit vnnd
1210 2410 1826 2510 die achs widerum glöße habe
1931 377 2632 490 des salbs und der lut halb wil
1939 420 2560 516 er gar mir bkantlich sin dann
1931 473 2581 581 das er zu soloturn dahin er ein
1931 515 2622 613 burde bäsentragen, zu dem nit
1942 578 2587 676 die hutt allsoes ghept by den
1947 630 2608 731 spychern komen sye welcher disen
1937 690 2611 777 gefragt wo die gerwerwaret wöllee
1934 746 2639 844 die hat dahin trag und verkouffen
1926 801 2586 906 die hallfftern er nener zu bruhe
1922 864 2583 944 dann sintagen ✳ die achs und
1913 906 2581 1000 das biel zusamen zeinden, das
1922 962 2249 1048 ers trag döndte
1914 1027 2562 1136 Denne har er anzeigt als sich ein
1912 1096 2544 1200 Poss dauiden verluffen, so dem
1913 1155 2530 1253 voor von wangn zu mul gue
1948 1220 2531 1312 solle verfallen sin hab im
1932 1274 2530 1364 Stampflers knab zu wann
1928 1329 2529 1408 anzeigt, wann einer mit den
1921 1374 2589 1464 burgern machte den guldin erleidte
1921 1424 2573 1505 und mit vogt uberkäme, möchte
1951 1475 2596 1565 ollichs kosstenn wol werden. und
1938 1530 2599 1624 der vogt wurde sich zimlich finde
1938 1597 2545 1683 lassen etc. daruff haber das
1928 1643 2581 1738 doss Inthan, ein nacht oder zwo
1948 1699 2488 1789 ghept, nach dem aber dogt
1947 1752 2578 1850 Schwalers von Solouwen diener
1931 1809 2515 1888 konten und anzeige es wäre
1934 1834 2555 1928 an vormals zwuren verfallen
1935 1891 2609 2001 Deßhalb diser das vosst ußgschla¬
1937 1962 2475 2046 gen und sun mit gwollen
1932 1978 2605 2097 vff das vogt Schäller das ross
1941 2044 2474 2137 als es mit andern Passn
1938 2088 2566 2183 Solorurn vier glüff zuhanden
2118 2149 2155 2214 1
1953 2157 2124 2233 gnomen.
1946 2170 2525 2306 Ist i lar vffzogen vnnd
1940 2227 2544 2347 an der klain stein zugstellt
1942 2276 2583 2393 will anders gar mit ekaurlich
1965 2373 2056 2455 sin
1954 2420 2546 2548 Ist uff ein vrfecht vuss
1954 2531 2060 2612 Glaß
