4032 3024
1301 291 1611 399 in der kpff
1131 330 1739 461 fritag s. januarii 1552
1145 420 1788 533 sentitg her Pfisters des Vais
1167 485 1784 594 unnd Hans Sagers h Gross
1169 529 1734 617 weibell Castors unnd der
1144 584 1739 687 weibkentc. hatt Hans
1156 628 1786 758 Huster von Thun anzeigt,
1164 716 1782 816 Alls ernächermaln ussminer
1663 785 1829 848 beless
1169 775 1793 876 y herren gtancknuß, o
1180 823 1805 919 ys er gan Briegstetten komten
1159 884 1780 976 daselbst eim meister diener
1148 943 1806 1029 vntzit zuwienachten vnnd da¬
1140 994 1762 1072 dannen gan walastadins
1145 1043 1782 1132 Bargannser landzog da er
1140 1104 1732 1190 ein frouwen habt  alls er
1148 1159 1812 1257 imselbig land stich endthallt₎
1150 1211 1790 1309 vnnd gwerhet styent ettlich
1172 1265 1816 1363 schuhknecht dahin konten so vn
1166 1330 1731 1415 in handell gwusst, welche
1166 1378 1773 1472 ii sin ellend uffshept und
1376 1430 1609 1476 doch zabünd
1164 1445 1831 1542 verwisse, wiewol ettlich theren.
1159 1488 1773 1587 lin daselbst die sich sinen
1680 1551 1822 1599 than und
1167 1552 1755 1640 erbarmen vnd im das uest de
1151 1603 1815 1692 grachener söllee einsthun ✳ unnd
1173 1657 1762 1753 in manreche zeichen unnd sich
1159 1713 1774 1799 byinen stetzen. Daruff er nut
1151 1765 1808 1866 gwüsst wie der sach zechund von
1157 1826 1755 1923 wägn siner glüpt so er allhie
1163 1878 1792 1966 din ettlichs einung gellts willen
1144 1932 1798 2030 von eitschlachnusse harkemend
1173 1990 1740 2083 gethan, vnd hab sich noch ein
1164 2043 1764 2139 wennih enthalle in dem stye
1179 2094 1804 2188 das kried gschwykonten und
1166 2145 1766 2230 er sich gan Lutzern vnd Baden
1176 2192 1723 2272 zu dem houptman luren
1185 2246 1834 2339 gfugt der iem einswägs angnomen
1190 2306 1729 2386 en und dienst zugseide
1192 2346 1761 2422 das aber ettlich zuger unnd
1202 2399 1798 2491 ander so vin sein sachn gwüsset
1182 2431 1735 2534 verdross unnd nit dolen
1211 2492 1763 2596 wöllen, doch hab inn der
1930 334 2644 456 houptman unangsachn derselben
1945 398 2616 503 behalltn, daruff er mit dem
1924 448 2678 545 Fendlin, so der vor venner nam¬
1973 502 2619 610 lich schultheiss Hänserlis sun
1938 561 2629 660 von willisame trag gan gutt¬
1953 619 2618 710 wyl zoben da j Jacob Jacob Heid
1942 673 2615 756 unnd schultheiss Hänserli ouch
1951 691 2667 815 gwäsen, in dero herberg erglusn
1965 777 2579 872 alls aber schulcheiss Hausprl
1958 816 2601 917 sinsen unnd ander inn under
1962 885 2655 972 dem feundlin nit dulden wöll.
1953 930 2573 1025 seye er mit inen zu vnfriden
1940 984 2565 1068 konsen unnd wie wol er sin
1945 1035 2621 1127 gweer nit by im ghept haber
1968 1089 2554 1179 tich dosch  erweren müßen.
1949 1132 2645 1225 die all uff inn ghauwen kund
2195 1190 2354 1237 und hab
1966 1201 2576 1281 gstoshen, danusseiner als inn
1963 1250 2595 1341 ein anderer an der wand hielle
1958 1309 2541 1394 mit dem schwardt uff Inn
1970 1357 2574 1448 gstoch₎n das es siich gritzt und
1967 1404 2658 1507 buck und sunst zwen mit dolchen
1958 1466 2650 1556 uff inn gstocke aber iro dheier
1958 1513 2667 1596 hab inn verletzen noch verwunden
1985 1568 2603 1640 mögen, wiewol er nüt anders
1978 1610 2634 1681 skleidt gwäͤsen dann jetzund
1977 1664 2575 1733 allein einer hab im ein Rätz
1968 1705 2651 1799 mit der einer schufflen abgschlagen
1958 1756 2615 1837 alls sey gfrider seye er von inen
1952 1805 2612 1888 uss irem winshus in ein anders
1972 1858 2647 1940 gangen aber der schulcheisshänserli
1967 1908 2561 1986 hab verschaffet das Inn der
2146 1957 2318 2007 hhurgwi
1947 1960 2559 2054 Schultheiss zu gfargknusgleit
1965 2020 2624 2114 unnd wol dritag liggen lassen tc.
1959 2076 2544 2159 dis alles seye J Jacob Heiden
1971 2114 2601 2200 darbij uf in unnd im redlich
1957 2168 2618 2256 scheiden hellffen wol zwüsßen etc.
1944 2210 2614 2308 fùr das houwen unnd sthefen
1961 2271 2609 2345 kynn er nüt anders, dann ein
1994 2312 2594 2390 ägn so inn Bauli Beck don
1959 2355 2520 2448 Sumiswaldglert butte
1964 2402 2562 2495 alse und müsse in einer
1995 2456 2559 2553 an einem frragsprechen
