4032 3024
1089 1606 1156 1706 sandr
1132 354 1749 433 uff vorgemelltem tag vor
1183 411 1845 507 den obgenanten hat daniben
1134 460 1782 539 von Messeren uss Burgund
1138 507 1784 597 Im turn Erstlich, zeverstan
1140 557 1768 656 geben, das er mit dem hin¬
1159 616 1767 695 allenden siechtag beschwärdt
1139 660 1758 751 unnd ein böstshaupt habe so
1126 716 1778 816 im die von Strassburg zwey
1140 769 1559 858 mal artzuen lassen
1141 819 1797 911 ie kleider er an Santmartins
1141 868 1778 953 tag allhie erkoufft, vnnd das
1145 940 1791 1013 gelle mit werchen in räben uber
1144 996 1327 1051 komen
1153 1011 1798 1113 das holtzinmodell und sand
1165 1083 1797 1177 hab im einer sy sploturn geben
1130 1126 1756 1201 das er imstragen unnd zu
1165 1176 1806 1261 Wiettlispach by der kilchen wide
1157 1233 1556 1312 rum geben solle,
1164 1284 1792 1376 den falschen Pössler im einer
1147 1349 1777 1426 geben, welchem er ein täschen
1148 1391 1788 1481 unnd werdner ui zächen batzen
1150 1436 1380 1519 verkauffe
1188 1495 1782 1588 lär uffzogen, hat wycher
1161 1552 1856 1639 anzeigt, der so im das model und
1159 1607 1791 1693 geben heiss welsch per und
1158 1654 1805 1750 süe allerdingen grün bkleidt
1145 1709 1771 1804 ußgnomen dhasen, welcher zu
1157 1766 1848 1851 zmgsprochen, er sölle by vorgenommen
1160 1813 1787 1900 der klechen nüt dem model uid
1172 1858 1801 1934 und zu im kon und denn mit
1165 1906 1766 1994 im zieshen, so wölle er inn ett
1168 1960 1767 2035 was leeren, das erwoll gellt
1166 2010 1757 2094 vberkomen wurd, als diser
1175 2055 1802 2143 gfragt was hab er im geant
1188 2114 1666 2194 wurt er werds wol säschen
1165 2159 1761 2255 unnd sunst nützit wychers im
1173 2208 1489 2273 wöllen anzeig
1195 2250 1747 2346 der so im der Pössler geben
1214 2297 1769 2395 ge disers gsell vnnd habe
1196 2345 1732 2433 wysßgrauwe kleider an.
1189 2393 1734 2495 könn entwäderer kheim
1201 2453 1832 2545 ütsch deßhalb sey inn anke
1957 360 2652 440 an der sprach willen wöllen 54
1975 400 2681 486 zu inen mänken, habe sy sunst
1979 456 2607 529 nie beür, dann erewan in
1969 504 2593 590 spittälen gsächen, da sey güt
1972 551 2635 649 gschurgmacht uund so er
1963 598 2633 692 mit wär gfangn worden, war er
1976 653 2622 732 mit inen zob dann er nit
1973 707 2592 789 wüßen mösn, was sey können
1969 750 2470 840 noch inn weeren wöllen
1938 781 2595 891 Er aber könn gantz ennd gar
1984 845 2613 924 nüt mit dem müntzen hab sey
1989 893 2619 973 tisch des nie vndernomen noch
1971 943 2262 1025 vnderstandte
1944 992 2598 1086 der fromen so mit im ziech er
1958 1045 2658 1130 nie die er verheissen vnnd sige
1961 1083 2637 1177 im leid das im allss nachzuche
1978 1141 2605 1219 dann er sey zweren verlasen.
1957 1192 2641 1271 der meinung das sig nit nier
1986 1228 2379 1318 sollt zu im konen
1955 1336 2653 1446 Montag 2n tag oevembris 1551 dar
1964 1400 2664 1507 praesentibus Herr Hubers H. matheus
1942 1458 2610 1568 khnechtts, Großurybell Pastorg.
1939 1528 2686 1628 studers und niclag frutig ✳ sampt
1942 1590 2670 1696 den weyblen zuͦ Marsylli gfragtt
1941 1661 2649 1759 worden, danniell von messeren
2245 1725 2384 1782 vnd hatt
1957 1720 2629 1838 usz burgunnd wyther an zeùgtt
1964 1802 2686 1909 Es sye ungeuarlich by vier zechentag
1944 1871 2628 1959 vor 8. Martini disers 5 jars
2129 1926 2486 1992 uff dem boliberg
1957 1922 2671 2044 zu bafell efgukhallenberg vnnd
1942 1995 2673 2108 zu kinflden gfiir by sinen gsellen
1951 2070 2679 2177 derEin heyffe Mathys vnnd dem
1942 2154 2639 2242 annder weltsth Petter derselbig
1941 2211 2656 2289 bemeltter mathys habe ein Lob
2118 2257 2512 2315 an srecl der farb
1945 2263 2611 2366 Rocklin an wie der ehlem bub
1949 2315 2651 2421 so mitt im pfangen worden und
1956 2378 2651 2485 zwillehin parhosen sige ein
1937 2444 2645 2559 Zimlichen langes person, vnnd habe
