4032 3024
1132 346 1840 511 Donstag 9. junii 1652 psomib.
1151 425 1850 561 her Pfisters des Rats, hans von
1162 486 1861 628 wartenwyl, sond frurig gas
1165 527 1319 599 perstor
1448 568 1787 669 zu Marßly
1166 633 1881 778 Hans Vischer hat der beider schwe
1167 703 1857 811 sternhalb, by desen Er einandern
1231 759 1856 872 ach die 21 kind shept bscheyd
1177 804 1855 913 geben wir vor, das es im grat
1176 853 1864 952 und shrissen mit anzöub, es wäre
1189 914 1862 1002 wol ungwonlich vnd ein frùwel
1190 961 1864 1047 by der welt, aber es möcht mit
1192 1007 1863 1088 Gttes wort wol sein, das ein man
1208 1059 1863 1156 siner absonbr efrouwen schwö¬
1196 1101 1839 1200 ster zur ve habe, als auch ein
1190 1147 1846 1245 frouw irs abgstorben ermans
1196 1202 1727 1288 bruder mocht nemen,
1200 1248 1861 1333 it das er Zürich ein briefft
1191 1295 1850 1393 empfangn, vnd der zu wil¬
1196 1351 1869 1434 find offetlich an dem Cantel
1180 1389 1610 1483 vor des grngen i
1606 1413 1851 1482 eind vfe¬
1204 1441 1841 1531 läßen, das wüstig der jedicent
1197 1496 1877 1589 wol, der läbe noch vur syr vn
1216 1533 1871 1636 vdicrnt zu vberwitert vd
1215 1597 1870 1671 d villicht noch annder alt lit
1197 1632 1851 1725 Aber die Vorrichter zu Zurich
1215 1683 1838 1766 andern seeh stuts wwinsl
1214 1727 1827 1822 selig heis selbs auch gseit, es
1217 1778 1541 1855 mög wol sein,
1220 1816 1861 1898 Als sie zuneber an der pauper
1231 1875 1812 1951 schlacht vnkt wurde si
1233 1905 1866 2004 dis hans Vischers schwaster mit
1229 1966 1865 2043 Im vneino, de zuge er von
1226 2001 1855 2092 Zeimet in Hinich piet, da e
1215 2043 1846 2138 die Schnöster. 3. Dur than S
1208 2089 1867 2181 Solotur piet, da er 18. Jur
1231 2139 1871 2230 mit grathuszohen, sye 15 lb
1223 2178 1858 2273 bim wyer zu Fulenbach gses
1296 2239 1768 2313 miner g. E. von Br
1237 2265 1847 2363 dienst, hab Iuen daselbs
1234 2318 1828 2418 gfrieser, It zu S Johansb
1236 2372 1882 2458 Klach, als man dieselb mut
1254 2415 1890 2524 pube, mit bruder peter stol
1236 2449 1663 2546 aūch In der Instl
1241 2495 1819 2595 Frienisserg. vnd 3 Fob
1243 2549 1841 2658 mit seiner dochter mir zschaff O
1238 2591 1552 2668 sye ein binder
1289 2637 1597 2738 lar uffzog₎
2524 322 2621 406 104
2001 357 2298 464 boden bid
1916 414 2544 558 frei vischers ✳ als sy ir zyt
1942 470 2606 584 lab mit ghan, vnd stäts gweinet
1943 520 2601 638 seite Ir vatter selt dir ist der
1965 578 2614 692 sty gnug worden antibe, Nein
1951 642 2574 745 vnd hab im plych anzgugt, wie
1944 695 2636 803 Es ira gansen, vnd wie lang es wäre.
2021 752 2538 841 lich by 27 pder 25 Muchen
1948 805 2570 905 sy heibs ouch rych anfangs ir
1953 855 2603 943 stieffmuter gstit, vnd dar rich
1972 897 2556 983 zu Elso linsis huss zu der
1967 948 2589 1039 kiltstuben, das wüsse sy wol
1969 995 2634 1090 auch droszheins vd georg kieg
1976 1051 2619 1137 des wyber ✳ die sy fragten
1978 1102 2580 1192 wese sy so stärs weinote e
1958 1161 2622 1244 sy heis das kind nit verdecbt, aber
1955 1210 2605 1286 uff den isten gfallen und ir zyt
1976 1252 2622 1329 eych ihren, dafürhin sy geint
1963 1300 2590 1372 sy sye nit schwanger, dan das
1958 1351 2626 1428 kind hing sich wäder darer noch
1952 1387 2347 1455 daroch iē grurt
1972 1420 2589 1510 die wyber zeigent Ja das E
1961 1473 2604 1549 nie zu hin ghon, aber als sy am
1976 1519 2453 1599 hrend laß und sy das kind
2453 1516 2540 1579 bi
1967 1569 2600 1644 liecht hatten vff dem tistl. heis
1969 1614 2125 1680 Sis gsach
1975 1649 2579 1733 die wyber heisets nir ffragt
1952 1704 2257 1765 vom vergrab₎
2272 1709 2524 1772 und hig syr
2000 1739 2537 1820 mit gheissen zus Echi gad
1967 1775 2610 1862 virgrab₎n das heig als linse
1979 1837 2514 1916 vor acher Aturs selbs gredt
1987 1875 2592 1962 aber dhebam heis deselben rat
1989 1925 2580 2006 deben sagtde es wäre halb ful
1978 1953 2604 2050 die heis ouch selbs gseit wen
1987 2018 2616 2095 sy schon nit gfalle wäre hätte
2230 2055 2579 2137 nott labn von
1984 2073 2234 2133 das eind mit
1987 2113 2410 2191 wegen vile der fliss
1977 2144 2594 2241 Ir vatter heis Ir nie it ver¬
1973 2184 2582 2274 lichs zugutet wäre sust de
1969 2243 2331 2314 stund by im bliben
1983 2245 2610 2352 wir sy hie vor anzeigt darff
1979 2295 2601 2393 bharrer sy, mit anzöig die wey¬
1964 2334 2592 2431 ber habent zletst mit guedt wie
2016 2364 2572 2469 kands sich selbs gschönt und
1964 2446 2275 2516 Sie drin trochn
2094 2473 2393 2556 Ist tumlet
1905 2487 2631 2599 EIst ledig ußlassen, der vatter ussclassen
1913 2541 2595 2633 vff ein vrfecht, er sol dre briden
1902 2563 2644 2676 das Es aß ergagen mit sier fouw
1910 2644 2367 2733 schwöster zu Wilffis
