4032 3024
1153 335 1881 461 im eggenwyll ✳ syentt all den
1160 394 1874 505 mitt einandern gan vau ltrauen
1168 449 1839 556 heingangen ettwas erb ze
1169 513 1855 612 zuchen unnd syrtitt am mi¬
1188 578 1859 675 wen jars tag zu Waustea¬
1175 631 1855 735 wers gsin das sy mussen
1163 705 1870 796 Rechttigen, das die anndern
1158 758 1857 848 beyd ii beuolchen ✳ und
1169 813 1828 907 syrntt sy nach achtt tag
1159 883 1864 979 wider heingang₎n ✳ er aber bey
1154 937 1655 1028 dey wuchen da blybe
1669 943 1856 1029 und
1159 990 1859 1093 zu paultrauers in dorff
1165 1066 1786 1153 gerehttigett ✳ mitt dem
1169 1126 1839 1215 wirtt daselbs gnemptt bry
1165 1185 1849 1283 sangrand so siner beyder
1164 1254 1863 1352 budern ouch sins schwagern
1165 1312 1639 1408 und sin vogtt gsin
1247 1389 1792 1502 Vff donstag dem p. te
1189 1453 1257 1538 tag
1255 1485 1787 1546 hornungs An 9t 52
1153 1507 1759 1595 Jar presentibu  Mathens
1166 1565 1819 1651 knrchs des fats ✳ Hanns sager
1184 1601 1739 1695 der Burgeren) sampt den
1180 1655 1711 1748 weiflen gmeinlich ist zu
1177 1697 1675 1792 marsili gfrag wordenn
1154 1754 1854 1844 Sumen branden von Vanbtraues
1176 1820 1817 1910 vnd Am Erstlich die ksundt,
1180 1866 1704 1966 sthafft vorgläsen worden
1193 1921 1777 2021 das en ist er wol aurrd, das
1173 1972 1781 2075 onn man sig mit im gangen
1196 2028 1717 2107 sic nit witt hie vor der
1185 2078 1815 2158 statt dernn ✳ zuͦ i khommen
1543 2135 1680 2177 Hertwag
1154 2102 1809 2228 zu dem möge er wol gnidt han
1207 2171 1743 2270 aber was er zu Im greden
1177 2218 1832 2312 Alles usenher sagen ✳ und foriche
1173 2265 1819 2371 Er wolte gernn das nun harn
1189 2315 1841 2402 tnn denselbigen man erkunderent
1202 2368 1808 2457 wie er zu im gredt oder gseit
1207 2398 1790 2497 habe, vnd derselbig seg nit
1204 2447 1764 2553 wyt von Buren daheineen
1980 393 2634 505 vnd wolte gan thun zum Wolff
1975 468 2620 561 ein weidling eekouffen ✳ und
1994 520 2661 612 Er khond andrs mitt sag dann
1999 561 2680 648 wie er vor minen Herrnn arzougt
1986 615 2604 708 Vnd wie sunst kheiner dingen
2003 670 2529 752 gar mitt bhantlich sin etc.
2015 717 2649 808 bitter man sol nit mit im gachen
2005 771 2646 856 sundeis ein ding eigentlich
1981 822 2225 885 Erfarenn
2054 825 2638 935 lar, mit dem kleinen sten
2045 947 2635 1043 frytag 12. febru. vsemibus
2066 1002 2677 1093 dt supra aber zu Marsli
1940 1063 2610 1164 simon branden, er hab dem sthangen
1977 1118 2579 1196 eine raug gnon, aber ein
1970 1162 2601 1246 gmein zu Wichtrach heig Iurs
1957 1205 2666 1287 guon von wegen, das er in der ouw
1951 1260 2647 1350 golget, das aber er nit zun solt,
1982 1300 2046 1365 vnd
2051 1306 2661 1386 heis des Amans dochterman
1973 1362 2661 1442 sy gan Wichtrach ins dorff fürt
1958 1405 2643 1471 vnd da sampt einen alten houw
1996 1442 2634 1522 hushli verkaufft, Steffen Roten
1974 1507 2641 1572 ve also habe zu pflosser vnd
1973 1536 2660 1622 herab Pfürr und heis schelhar
2008 1586 2582 1680 er das holtz vom altn hurzli
1964 1622 2452 1699 fir bronnholtz koufft
1970 1665 2654 1743 Er heig wol Raub in derouw
1976 1732 2658 1792 ghoueen, das er nit th söllen
1976 1770 2626 1840 aber meman kein mmachet
1978 1807 2235 1885 rab fr
1971 1859 2620 1944 das Er sol giedt han man Heis
1973 1911 2670 1990 im trouwt ✳ man wöll inn vergk
1964 1949 2051 2016 lich
2055 1957 2638 2031 an nönen sye dahur kon
1961 1995 2652 2080 das Hans Jaberg im ssein ✳ als
1961 2043 2624 2117 Er von Waltrawe heinken man
1958 2085 2598 2156 heit ein zwyffel vff inn Er
1946 2118 2452 2204 hein tshannten vnbracht
1969 2170 2641 2263 als er vor ✳ v jare zuͦ Kilche
1958 2224 2623 2313 dorff zhus gsin, heig Er dern
1983 2272 2608 2358 lutschibdn zu gertzeuste ein
1951 2305 2652 2410 jàrix Ehalb gmon ✳ und dasselbs
1982 2366 2619 2447 nach etlicher zyt vn ein küle
1951 2405 2222 2485 Vrthusthen
2022 2462 2502 2534 heis auch etwan holt
2002 2497 2502 2579 synen zu den Flo
