4032 3024
1251 377 1861 510 sambstag 21 may1552
1221 441 1794 556 In der Keffi, phentibe
1237 504 1856 639 Her Studers des Khais, Hans
1226 569 1820 708 Sagers und großw pa¬
1251 628 1434 715 storb
1236 699 1845 815 Cristan matti von Bettel¬
1240 770 1864 890 ned der kilchgöri zwöysmilen
1226 816 1778 925 as dem odern sikenthal ✳
1229 885 1870 985 hat anzeigt, der rechtshandel
1239 934 1809 1033 bermit Heini kurtzen auch
1205 961 1805 1088 von Gottelried ghept habe
1219 1037 1600 1129 sich allso erhaben.
1614 1061 1824 1138 Ssam.
1216 1091 1811 1185 lich das bemelier furtz noch
1210 1138 1821 1240 ein kleinsknabli söll grode
1216 1201 1809 1277 haben, als daoben in einer
1209 1252 1804 1333 gmeinen dorffsweid zwen
1229 1310 1777 1393 taffl glich näbeneiandem
1219 1361 1821 1432 standnet syh erkurtz in dem
1204 1416 1768 1497 einen gwäͤsen und gsechen
1208 1469 1756 1540 disen mattin ein kuzn den
1207 1515 1782 1600 anderntriben, die er gschnyen
1197 1560 1843 1645 der melchen wöllen, damit
1198 1617 1817 1706 ersin milch ergusse, dise red
1197 1666 1812 1757 als Heini Kurtz die ußgstosßen
1181 1723 1810 1800 vnd mattin sin nach langem
1180 1769 1799 1863 innen worden halter mit
1196 1822 1839 1909 gillff und that siner fründen
1181 1873 1858 1969 inne darun kechtlich fürgiom̄₎n
1190 1936 1819 2022 aber Hein kurtz hab dero nit
1185 1991 1789 2071 allso wöllen anred sin dann
1176 2015 1858 2115 das er ine des underrichten müssen
1194 2095 1806 2176 demnach habint um̄ solchen
1216 2144 1860 2217 wort uff mattes handelloffent
1141 2179 1856 2274 lichff kurtzen vgären kundschafft
1209 2239 1827 2322 gredt, der eschachlen meyer
1211 2285 1840 2374 der bezuger matti wäre söllicher
1185 2339 1827 2431 vnchristenlichen that vom ime
1215 2395 1823 2478 Bkantlich gwäsen, da hab
1208 2443 1786 2522 inn dertschachtlan aber nit
1194 2477 1821 2583 recht verstanden dann der
1978 439 2679 529 schaftlen hätt zu imgsprochen hasb
1970 492 2631 553 Jhan so wirst sin ubel engellien
1993 541 2665 628 schand vnd ersten erlyden, hab er
1982 590 2626 677 Im geantwurt ja hat ichs than
1988 639 2694 733 so wurd ich schand und ersten erlyden
1970 689 2637 783 denne als noch zwen by kurtzen in
2039 753 2143 788 andern
1989 756 2604 833 dem Stafel gstin habe aben einer
1982 796 2619 877 derselbigen, so ein dienender gsoll
1959 848 2598 926 von sanen harsyl hauum gredt
1988 882 2640 956 aber nit anders dann sie die Fu
1988 940 2649 1017 ein den staffel oder drin gluffen
1977 983 2662 1079 dis vbrigen beid wüssiit nienr
1986 1037 2205 1109 mit denn
1955 1051 2603 1165 Er matt st nit bkantlich
1980 1124 2648 1213 das er in dem Staffel gsin doch
1985 1174 2574 1248 einichs futriben, vil minder
1972 1223 2586 1308 mit ir unchristenlichs werck
1975 1278 2613 1359 han habe ✳ und sye deshalb
1980 1324 2667 1410 nie gwichen das er sich In einichem
1969 1370 2671 1464 bösen zig ghept noch sich schuldig
1973 1417 2578 1502 gwusst, sonnders gan sanen
1989 1487 2584 1560 zu sinem vettern dem denner
1988 1526 2550 1600 Kröpfflin gangen ✳ und im
1981 1570 2647 1661 söllichs clagt dann so erschul¬
1969 1620 2643 1709 die wären er nit allee also wider
1964 1676 2595 1767 umfàr konen sonnders ussprr
1976 1717 2374 1801 dem landblib₎
