4032 3024
1105 314 1806 434 unnd habnnt daruff noch eines
1110 373 1834 496 an den läderrock gmärdter und
1117 430 1795 541 er ime abermaln denselben al¬
1124 482 1833 614 koufft tc. unnd allso daselbst
1125 547 1757 641 vbernacht bliben, morndes da
1125 602 1792 716 zmorgen gessen, unnd nach dem
1145 659 1767 753 norg brot erhussr, des wis
1142 709 1772 824 bruder vor dem huß uffhär
1151 769 1772 855 zu Inen brufft der mir den
1138 826 1818 925 haben zert unnd in dem abert
1145 876 1805 977 vor znoshmalen um die wam¬
1142 942 1812 1032 sel tuscher, als dasselb deswies
1151 988 1810 1094 bruder gsachen, hab er den gsellen
1153 1055 1727 1164 gfragt, wohar er mit sölchen
1132 1111 1811 1213 kleidern käüme, er geantwure
1150 1175 1822 1270 erhäts zu Bütlibuch im wytten¬
1148 1225 1754 1330 dach einem knecht abkoufft
1164 1291 1735 1386 daruff pererküntzi zu im
1157 1353 1789 1448 gsprochen du möchtest wol ein
1154 1408 1809 1501 lur in das du ein fürbrichsen
1140 1461 1766 1552 unnd sölliche kleider treische
1147 1515 1826 1614 und aber das allmusen könsthest
1147 1570 1752 1672 vnd fragte hiemit den huser
1144 1628 1831 1726 ob er im das bantzer auch abkoufft
1137 1688 1791 1776 und gellt ghegt habe ✳ das er im
1151 1743 1801 1837 anzeige uff sollichs küntzi den
1147 1799 1801 1891 gsellen anzoben ober by sinerm
1148 1852 1803 1950 husz ouch Shonsch₎n ✳ und was im
1148 1908 1830 2007 da worden, er anzeigt eziger
1147 1971 1400 2031 unnd brodt
1393 1971 1732 2062 daruff küntz
1141 2019 1832 2114 im fürghallt wil, sich desselbigen
1160 2068 1838 2152 nit vornus sonnders anders nider
1170 2123 1745 2209 haben wöllen ✳ unnd habint
1164 2167 1789 2266 allso anfachen einandern worten
1156 2217 1788 2310 der gsell dem Rüntzi die wal
1156 2268 1804 2358 uffgeben ✳ zethun was er wölle
1153 2313 1769 2419 Daruff Küntzi iun an kopff
1183 2363 1808 2467 gschlagn ✳ unnd allso zuͦ unseidt
1176 2420 1830 2523 worden, wie aber dasselb vergabe
1178 2463 1716 2585 gen, hab küntzi lür greicht
1236 2523 1651 2626 nd inn lassen fachen,
1918 308 2623 451 do syent dis so inn gfang unnd
1944 375 2653 493 nit huser imber dseckgangen
1944 429 2596 544 unnd was dariin gsin sy in die
1934 467 2635 603 stuben geschüre, do syem iwys
1941 548 2564 665 zerhouwe hosz uff den kiüw₎
1945 599 2652 714 nit samdt verbändlet auch drinn
1944 647 2630 761 glagen die er ouch im wynenbach
1936 704 2599 813 don dem knecht derkaufft haben
1914 776 2584 877 fürgwendt deßhalb huser zu im
1936 820 2596 926 gsprochen lug das dusy sunst nit
1932 881 2570 972 ettwan funden die Knecht im
1922 938 2621 1038 wychenbach sind nit so mangelbar
1939 988 2652 1084 gelles das sey die Kleider verkaufnit
1924 1046 2549 1144 dann hinser daselbst ettliche
1951 1106 2589 1195 zit gwerset habe etc. als sin die
1919 1159 2624 1263 fürbüchsen beschouer sür sy
1937 1212 2586 1305 gladen gsin, daruff sy den
1955 1271 2541 1365 selben gsellen dem esthachtlan
1930 1336 2619 1422 zu gfürt unnd inn unser mit inen
1930 1402 2577 1481 heissen gan das er than ✳ unnd
1938 1447 2586 1540 wie sy dry so den gsellen ghüre
1940 1505 2596 1589 schier gan winnis komen seidee
1945 1558 2600 1653 der gfang ich khäi darhinder
1940 1621 2557 1706 wenn schon noch drywarnit
1949 1669 2581 1764 Ich wöllt inen entgan spräche
1965 1725 2602 1811 Huser wie er köndt allso thun
1953 1780 2589 1874 er sölle hüpsthlich drau zuehen
1953 1836 2625 1917 so wurd er sin gniessen sunst
1939 1890 2619 1960 dörffes man wol einen finden
1966 1938 2601 2024 oa füren wurde. seidte der
1956 1992 2571 2082 gfang aber du must mich
1958 2040 2563 2128 rfüren, spräche huser ich
2012 2103 2577 2185 öcht dich grecht wol füren
1935 2144 2619 2238 wann ichs thun sollte  unnd
1957 2198 2518 2272 tys allso mit inen zu dem
1953 2239 2600 2320 tschachtlan in das schlossz gangen
1955 2283 2656 2372 der des gfangnen steck bschouwen
1948 2335 2607 2430 und inn lasstn in gfängknuß
1937 2393 2529 2472 leggen ✳ und denen so inn
1962 2421 2629 2523 bracht zesstn vnd zwunckgeben
1937 2474 2626 2567 unnd demnach widerum kein
1957 2516 2569 2625 glasßen, dis sye jetz nächst
1961 2575 2489 2684 vor wienächt bschechen
