<?xml version="1.0" encoding="UTF-8" standalone="yes"?>
<PcGts xmlns="http://schema.primaresearch.org/PAGE/gts/pagecontent/2013-07-15" xmlns:xsi="http://www.w3.org/2001/XMLSchema-instance" xsi:schemaLocation="http://schema.primaresearch.org/PAGE/gts/pagecontent/2013-07-15 http://schema.primaresearch.org/PAGE/gts/pagecontent/2013-07-15/pagecontent.xsd">
    <Metadata>
        <Creator>prov=University of Rostock/Institute of Mathematics/CITlab|PLANET AI GmbH/Gundram Leifert/gundram.leifert@planet-ai.de:name=German_Kurrent_XVI-XVIII_M1(htr_id=19584)::::v=2.6.7
prov=University of Rostock/Institute of Mathematics/CITlab|PLANET AI GmbH/Tobias Gruening/tobias.gruening@planet-ai.de:name=de.uros.citlab.module.baseline2polygon.B2PSeamMultiOriented:v=2.6.7
prov=University of Rostock/Institute of Mathematics/CITlab|PLANET AI GmbH/Tobias Gruening/tobias.gruening@planet-ai.de:name=/net_tf/LA73_249_0mod360.pb:de.uros.citlab.segmentation.CITlab_LA_ML:v=2.6.7
prov=University of Rostock/Institute of Mathematics/CITlab|PLANET AI GmbH/Tobias Gruening/tobias.gruening@planet-ai.de:name=/net_tf/LA73_249_0mod360.pb:de.uros.citlab.segmentation.CITlab_LA_ML:v=2.6.7
Transkribus</Creator>
        <Created>2021-08-09T16:01:29.576+02:00</Created>
        <LastChange>2022-09-09T17:23:15.313+02:00</LastChange>
        <TranskribusMetadata docId="1334764" pageId="52352654" pageNr="67" tsid="114634189" status="IN_PROGRESS" userId="9570" imgUrl="https://files.transkribus.eu/Get?id=EEUTIFXLXXFNMUWHTRFRPNQB&amp;fileType=view" xmlUrl="https://files.transkribus.eu/Get?id=YHDOLBMVOJXGUQUJVQBWQIYR" imageId="22025325"/>
    </Metadata>
    <Page imageFilename="Foto 23.07.21, 9 32 46 AM.jpg" imageWidth="4032" imageHeight="3024">
        <ReadingOrder>
            <OrderedGroup id="ro_1687514132447" caption="Regions reading order">
                <RegionRefIndexed index="0" regionRef="r1"/>
                <RegionRefIndexed index="1" regionRef="r2"/>
            </OrderedGroup>
        </ReadingOrder>
        <TextRegion orientation="0.0" id="r1" custom="readingOrder {index:0;}">
            <Coords points="1086,378 1086,2743 1850,2743 1850,378"/>
            <TextLine id="r1l1" custom="readingOrder {index:0;}">
                <Coords points="1223,412 1346,411 1480,453 1521,423 1620,446 1659,421 1689,443 1733,434 1822,505 1853,499 1863,399 1751,400 1686,375 1632,400 1587,357 1523,378 1448,332 1373,386 1304,343 1231,334"/>
                <Baseline points="1233,401 1263,403 1294,406 1325,407 1355,409 1386,410 1417,411 1447,413 1478,414 1509,416 1540,418 1570,421 1601,423 1632,427 1662,430 1693,435 1724,440 1754,447 1785,453 1816,463 1847,473"/>
                <TextEquiv>
                    <Unicode>Sampstag dem 1 Jag</Unicode>
                </TextEquiv>
            </TextLine>
            <TextLine id="r1l2" custom="readingOrder {index:1;}">
                <Coords points="1085,500 1163,474 1287,475 1327,497 1425,474 1507,506 1594,497 1669,537 1707,524 1712,457 1660,421 1622,451 1477,453 1341,409 1293,447 1214,446 1143,399 1093,394"/>
                <Baseline points="1097,467 1127,467 1157,467 1187,468 1217,470 1247,471 1277,473 1308,476 1338,477 1368,480 1398,483 1428,486 1458,488 1488,491 1519,494 1549,496 1579,498 1609,500 1639,501 1669,503 1700,504"/>
                <TextEquiv>
                    <Unicode>Jennes An 1352 dar</Unicode>
                </TextEquiv>
            </TextLine>
            <TextLine id="r1l3" custom="readingOrder {index:2;} person {offset:17; length:15;}">
                <Coords points="1135,569 1189,576 1272,538 1373,586 1438,545 1479,572 1635,558 1692,603 1735,579 1857,591 1861,524 1819,511 1704,512 1668,536 1574,499 1489,511 1422,474 1363,501 1288,475 1141,475"/>
                <Baseline points="1146,537 1181,537 1216,537 1251,537 1286,539 1321,539 1356,540 1391,542 1426,543 1461,545 1496,547 1531,549 1566,552 1601,555 1636,558 1671,561 1706,565 1741,569 1776,573 1811,578 1847,584"/>
                <TextEquiv>
                    <Unicode>fresentibg. harr Vnrentz Pfister</Unicode>
                </TextEquiv>
            </TextLine>
            <TextLine id="r1l4" custom="readingOrder {index:3;} person {offset:14; length:13;}">
                <Coords points="1141,624 1336,611 1365,633 1520,607 1840,654 1842,595 1714,594 1661,558 1587,576 1451,555 1371,582 1273,538 1190,580 1144,563"/>
                <Baseline points="1151,603 1185,603 1219,603 1253,603 1287,603 1321,603 1355,603 1389,604 1423,605 1457,605 1491,606 1525,608 1559,609 1593,611 1627,613 1661,615 1695,618 1729,622 1763,625 1797,629 1832,633"/>
                <TextEquiv>
                    <Unicode>des Efato vnd grosow Pastor</Unicode>
                </TextEquiv>
            </TextLine>
            <TextLine id="r1l5" custom="readingOrder {index:4;}">
                <Coords points="1167,669 1198,685 1231,662 1294,697 1436,664 1502,716 1568,671 1665,719 1731,688 1825,726 1829,643 1799,635 1709,657 1632,627 1524,649 1389,618 1330,646 1301,620 1279,640 1169,620"/>
                <Baseline points="1176,659 1208,659 1240,660 1272,662 1304,662 1336,663 1368,663 1400,665 1432,666 1464,666 1497,668 1529,669 1561,671 1593,673 1625,675 1657,676 1689,678 1721,680 1753,683 1785,686 1818,689"/>
                <TextEquiv>
                    <Unicode>sampt den weyb₎ ginsenlich</Unicode>
                </TextEquiv>
            </TextLine>
            <TextLine id="r1l6" custom="readingOrder {index:5;}">
                <Coords points="1196,739 1271,716 1322,740 1366,721 1642,741 1695,765 1727,740 1785,770 1854,758 1856,721 1791,729 1744,694 1677,717 1565,671 1499,708 1423,673 1387,692 1333,674 1294,697 1200,667"/>
                <Baseline points="1206,716 1237,717 1269,719 1301,720 1333,722 1365,723 1397,724 1429,726 1461,726 1493,728 1525,729 1556,731 1588,732 1620,734 1652,737 1684,739 1716,740 1748,743 1780,746 1812,749 1844,752"/>
                <TextEquiv>
                    <Unicode>st in der koffe gfragt</Unicode>
                </TextEquiv>
            </TextLine>
            <TextLine id="r1l7" custom="readingOrder {index:6;} person {offset:8; length:11;}">
                <Coords points="1153,781 1220,800 1362,781 1386,805 1503,790 1603,815 1797,819 1799,782 1718,751 1416,729 1324,760 1264,715 1201,744 1157,721"/>
                <Baseline points="1164,767 1195,770 1226,771 1257,775 1288,777 1320,779 1351,781 1382,782 1413,785 1444,786 1476,788 1507,790 1538,791 1569,792 1600,794 1632,795 1663,797 1694,798 1725,799 1756,800 1788,801"/>
                <TextEquiv>
                    <Unicode>wordenn Hanns Huser ✳ von</Unicode>
                </TextEquiv>
            </TextLine>
            <TextLine id="r1l8" custom="readingOrder {index:7;} place {offset:0; length:4;}">
                <Coords points="1157,839 1406,835 1506,887 1563,852 1732,857 1759,878 1790,861 1857,902 1862,830 1637,834 1521,792 1362,812 1324,787 1219,800 1161,776"/>
                <Baseline points="1167,822 1201,826 1235,830 1269,832 1303,834 1337,837 1371,839 1406,840 1440,842 1474,843 1508,845 1542,848 1576,849 1610,851 1645,854 1679,856 1713,859 1747,863 1781,867 1815,871 1850,876"/>
                <TextEquiv>
                    <Unicode>thnn hatt anzöugtt, wie er vff</Unicode>
                </TextEquiv>
            </TextLine>
            <TextLine id="r1l9" custom="readingOrder {index:8;}">
                <Coords points="1078,872 1091,871 1102,861 1115,860 1119,864 1136,865 1147,862 1144,815 1135,816 1125,811 1122,813 1112,804 1106,804 1101,808 1083,794 1074,795"/>
                <Baseline points="1086,858 1111,855 1137,855"/>
                <TextEquiv>
                    <Unicode>der</Unicode>
                </TextEquiv>
            </TextLine>
            <TextLine id="r1l10" custom="readingOrder {index:9;} place {offset:0; length:10;}">
                <Coords points="1147,865 1202,861 1257,880 1269,870 1307,867 1346,880 1371,874 1385,888 1409,890 1413,838 1365,851 1358,843 1335,849 1317,834 1296,844 1276,829 1253,841 1237,824 1217,836 1149,835"/>
                <Baseline points="1158,857 1185,858 1212,859 1239,860 1266,863 1293,865 1320,867 1347,869 1374,872 1401,875"/>
                <TextEquiv>
                    <Unicode>Epwmchttag</Unicode>
                </TextEquiv>
            </TextLine>
            <TextLine id="r1l11" custom="readingOrder {index:10;}">
                <Coords points="1552,885 1569,896 1586,885 1600,894 1618,884 1634,896 1697,885 1711,898 1736,895 1754,907 1757,871 1738,871 1726,860 1701,865 1630,855 1621,860 1610,850 1573,861 1555,853"/>
                <Baseline points="1562,879 1588,877 1614,875 1640,876 1666,879 1692,884 1718,890 1745,899"/>
                <TextEquiv>
                    <Unicode>namliche.</Unicode>
                </TextEquiv>
            </TextLine>
            <TextLine id="r1l12" custom="readingOrder {index:11;} place {offset:18; length:7;}">
                <Coords points="1150,896 1327,915 1399,893 1550,942 1711,929 1795,963 1825,962 1832,887 1790,862 1678,900 1573,893 1539,865 1505,887 1448,844 1400,880 1154,851"/>
                <Baseline points="1161,878 1193,882 1226,886 1259,889 1292,892 1325,894 1358,898 1390,900 1423,902 1456,906 1489,907 1522,910 1555,913 1588,915 1620,917 1653,921 1686,924 1719,927 1752,931 1785,935 1818,939"/>
                <TextEquiv>
                    <Unicode>inn ein dorff gan Tayssig</Unicode>
                </TextEquiv>
            </TextLine>
            <TextLine id="r1l13" custom="readingOrder {index:12;}">
                <Coords points="1143,971 1180,979 1217,948 1283,972 1333,959 1380,986 1428,965 1485,994 1584,981 1643,1022 1711,989 1793,1001 1796,962 1712,929 1662,946 1620,929 1559,955 1537,930 1398,893 1335,933 1265,928 1182,887 1149,898"/>
                <Baseline points="1155,936 1186,941 1218,944 1249,947 1281,952 1312,955 1344,959 1375,962 1407,965 1438,968 1470,970 1501,973 1533,976 1564,978 1596,980 1627,981 1659,982 1690,983 1722,984 1753,984 1785,984"/>
                <TextEquiv>
                    <Unicode>khommen, sye vin predig hott</Unicode>
                </TextEquiv>
            </TextLine>
            <TextLine id="r1l14" custom="readingOrder {index:13;}">
                <Coords points="1145,1039 1213,1022 1325,1049 1364,1023 1406,1048 1484,1031 1599,1064 1660,1039 1710,1061 1740,1036 1779,1047 1781,1010 1712,989 1669,1015 1630,977 1488,998 1427,964 1386,990 1335,959 1290,987 1148,972"/>
                <Baseline points="1155,1010 1185,1010 1216,1010 1247,1011 1278,1013 1308,1014 1339,1017 1370,1019 1401,1020 1431,1022 1462,1025 1493,1026 1524,1029 1554,1031 1585,1032 1616,1034 1647,1035 1677,1036 1708,1037 1739,1037 1770,1037"/>
                <TextEquiv>
                    <Unicode>gsen, do seye. Er in der</Unicode>
                </TextEquiv>
            </TextLine>
            <TextLine id="r1l15" custom="readingOrder {index:14;}">
                <Coords points="1139,1080 1188,1070 1275,1110 1357,1083 1420,1116 1484,1111 1543,1083 1633,1090 1679,1121 1785,1119 1836,1101 1838,1056 1743,1035 1702,1063 1662,1039 1621,1067 1483,1030 1428,1054 1382,1020 1328,1048 1141,1040"/>
                <Baseline points="1149,1068 1182,1068 1216,1068 1250,1068 1284,1070 1318,1071 1352,1071 1386,1074 1420,1076 1454,1077 1488,1078 1521,1080 1555,1082 1589,1083 1623,1085 1657,1087 1691,1088 1725,1089 1759,1090 1793,1091 1827,1091"/>
                <TextEquiv>
                    <Unicode>wirtshusz ✳ gang und gfragt</Unicode>
                </TextEquiv>
            </TextLine>
            <TextLine id="r1l16" custom="readingOrder {index:15;}">
                <Coords points="1139,1130 1211,1129 1298,1165 1536,1140 1621,1176 1805,1180 1808,1114 1679,1122 1636,1092 1584,1107 1537,1075 1475,1110 1380,1091 1272,1107 1189,1070 1141,1083"/>
                <Baseline points="1149,1118 1181,1119 1213,1122 1246,1122 1278,1125 1311,1125 1343,1127 1375,1129 1408,1130 1440,1131 1473,1133 1505,1134 1537,1136 1570,1137 1602,1137 1635,1139 1667,1140 1699,1141 1732,1142 1764,1143 1797,1145"/>
                <TextEquiv>
                    <Unicode>Ob man im woll zuoegsen</Unicode>
                </TextEquiv>
            </TextLine>
            <TextLine id="r1l17" custom="readingOrder {index:16;}">
                <Coords points="1163,1196 1219,1184 1313,1209 1347,1189 1384,1222 1452,1189 1576,1228 1638,1197 1717,1227 1742,1203 1830,1197 1831,1175 1583,1168 1536,1140 1432,1161 1401,1145 1372,1169 1339,1149 1164,1153"/>
                <Baseline points="1172,1179 1204,1181 1236,1182 1269,1182 1301,1184 1334,1185 1366,1185 1399,1187 1431,1187 1464,1187 1496,1188 1528,1188 1561,1188 1593,1190 1626,1190 1658,1191 1691,1191 1723,1192 1756,1193 1788,1194 1821,1196"/>
                <TextEquiv>
                    <Unicode>gebenn hab die ungfrouw</Unicode>
                </TextEquiv>
            </TextLine>
            <TextLine id="r1l18" custom="readingOrder {index:17;}">
                <Coords points="1143,1282 1237,1246 1282,1270 1354,1262 1390,1288 1489,1250 1615,1265 1656,1242 1700,1264 1788,1245 1788,1207 1679,1223 1639,1197 1607,1212 1568,1190 1462,1205 1434,1189 1385,1221 1350,1198 1295,1225 1203,1186 1175,1215 1143,1211"/>
                <Baseline points="1152,1247 1183,1247 1214,1247 1246,1248 1277,1248 1308,1248 1340,1247 1371,1247 1402,1247 1434,1247 1465,1245 1496,1245 1528,1245 1559,1245 1590,1244 1622,1244 1653,1244 1684,1244 1716,1245 1747,1245 1779,1247"/>
                <TextEquiv>
                    <Unicode>gsprochn er solte wartten, die</Unicode>
                </TextEquiv>
            </TextLine>
            <TextLine id="r1l19" custom="readingOrder {index:18;}">
                <Coords points="1152,1329 1186,1311 1284,1341 1319,1324 1430,1348 1473,1316 1541,1340 1590,1308 1710,1348 1765,1310 1765,1253 1695,1263 1659,1244 1614,1269 1571,1252 1417,1292 1312,1286 1238,1247 1190,1286 1152,1281"/>
                <Baseline points="1161,1307 1190,1307 1220,1308 1250,1308 1279,1310 1309,1310 1339,1310 1368,1310 1398,1310 1428,1310 1458,1310 1487,1310 1517,1309 1547,1308 1576,1308 1606,1308 1636,1308 1665,1308 1695,1308 1725,1308 1755,1308"/>
                <TextEquiv>
                    <Unicode>gnedig ware bald uson</Unicode>
                </TextEquiv>
            </TextLine>
            <TextLine id="r1l20" custom="readingOrder {index:19;}">
                <Coords points="1145,1385 1262,1365 1307,1394 1345,1360 1391,1398 1506,1371 1600,1398 1687,1365 1752,1405 1803,1386 1804,1300 1710,1348 1635,1319 1437,1348 1319,1324 1283,1341 1200,1312 1146,1330"/>
                <Baseline points="1155,1364 1188,1364 1222,1366 1255,1367 1289,1367 1323,1368 1356,1368 1390,1368 1424,1368 1457,1368 1491,1368 1524,1368 1558,1368 1592,1368 1625,1368 1659,1370 1693,1370 1726,1370 1760,1370 1794,1371"/>
                <TextEquiv>
                    <Unicode>dem do gsache er disen gselle</Unicode>
                </TextEquiv>
            </TextLine>
            <TextLine id="r1l21" custom="readingOrder {index:20;}">
                <Coords points="1153,1438 1226,1425 1307,1456 1413,1430 1467,1456 1527,1413 1664,1457 1787,1435 1828,1454 1828,1403 1734,1401 1687,1365 1604,1404 1518,1370 1433,1401 1353,1364 1272,1397 1244,1373 1153,1382"/>
                <Baseline points="1163,1421 1195,1421 1228,1421 1261,1421 1294,1422 1326,1422 1359,1422 1392,1422 1425,1424 1457,1424 1490,1424 1523,1424 1556,1424 1588,1424 1621,1424 1654,1424 1687,1424 1719,1424 1752,1422 1785,1422 1818,1421"/>
                <TextEquiv>
                    <Unicode>wolcher zwem schwarte strumpt</Unicode>
                </TextEquiv>
            </TextLine>
            <TextLine id="r1l22" custom="readingOrder {index:21;}">
                <Coords points="1172,1481 1294,1476 1356,1499 1435,1478 1476,1511 1557,1477 1614,1502 1677,1479 1726,1509 1833,1483 1834,1455 1794,1440 1664,1459 1525,1413 1467,1458 1396,1431 1305,1455 1172,1434"/>
                <Baseline points="1182,1473 1214,1475 1246,1476 1278,1476 1310,1478 1342,1478 1374,1479 1406,1479 1438,1479 1470,1479 1503,1481 1535,1481 1567,1481 1599,1481 1631,1479 1663,1479 1695,1479 1727,1478 1759,1478 1791,1476 1824,1475"/>
                <TextEquiv>
                    <Unicode>und ein gott gsasse an ghept</Unicode>
                </TextEquiv>
            </TextLine>
            <TextLine id="r1l23" custom="readingOrder {index:22;}">
                <Coords points="1169,1553 1262,1570 1367,1529 1429,1571 1476,1541 1560,1566 1609,1530 1649,1566 1690,1568 1771,1538 1771,1502 1724,1510 1683,1472 1636,1500 1557,1477 1482,1509 1407,1486 1341,1505 1254,1476 1170,1487"/>
                <Baseline points="1179,1529 1208,1529 1237,1530 1266,1530 1295,1530 1324,1530 1353,1532 1382,1532 1411,1532 1440,1532 1470,1533 1499,1533 1528,1533 1557,1533 1586,1533 1615,1533 1644,1532 1673,1532 1702,1531 1731,1530 1761,1529"/>
                <TextEquiv>
                    <Unicode>Auch von der predig ferkhon</Unicode>
                </TextEquiv>
            </TextLine>
            <TextLine id="r1l24" custom="readingOrder {index:23;}">
                <Coords points="1172,1602 1238,1621 1299,1592 1423,1585 1476,1614 1536,1591 1572,1617 1636,1621 1764,1589 1763,1537 1649,1567 1607,1530 1572,1564 1510,1569 1457,1541 1399,1557 1370,1533 1237,1559 1171,1521"/>
                <Baseline points="1181,1592 1209,1592 1238,1590 1266,1590 1295,1590 1324,1589 1352,1589 1381,1589 1410,1589 1438,1587 1467,1587 1496,1587 1524,1587 1553,1587 1582,1586 1610,1586 1639,1586 1668,1584 1696,1584 1725,1583 1754,1583"/>
                <TextEquiv>
                    <Unicode>gegen demn wirtshufs vnd</Unicode>
                </TextEquiv>
            </TextLine>
            <TextLine id="r1l25" custom="readingOrder {index:24;}">
                <Coords points="1167,1666 1294,1645 1392,1682 1478,1654 1605,1677 1661,1653 1791,1661 1790,1584 1630,1620 1538,1591 1476,1615 1423,1585 1337,1617 1290,1591 1228,1622 1166,1600"/>
                <Baseline points="1175,1646 1205,1646 1235,1646 1265,1646 1296,1646 1326,1645 1356,1644 1387,1644 1417,1644 1447,1644 1478,1644 1508,1643 1538,1643 1568,1643 1599,1642 1629,1641 1659,1641 1690,1640 1720,1638 1750,1638 1781,1637"/>
                <TextEquiv>
                    <Unicode>sy vind daselbs zmorgen gessen</Unicode>
                </TextEquiv>
            </TextLine>
            <TextLine id="r1l26" custom="readingOrder {index:25;}">
                <Coords points="1163,1719 1199,1700 1265,1735 1323,1706 1494,1726 1594,1702 1658,1745 1699,1718 1758,1742 1797,1727 1796,1665 1772,1654 1704,1681 1547,1678 1490,1654 1392,1681 1304,1644 1234,1675 1163,1662"/>
                <Baseline points="1172,1695 1202,1698 1233,1701 1264,1703 1295,1704 1326,1704 1356,1706 1387,1706 1418,1705 1449,1704 1480,1704 1510,1703 1541,1703 1572,1701 1603,1700 1634,1700 1664,1698 1695,1698 1726,1698 1757,1697 1788,1698"/>
                <TextEquiv>
                    <Unicode>do sy dar dannen gangen ✳</Unicode>
                </TextEquiv>
            </TextLine>
            <TextLine id="r1l27" custom="readingOrder {index:26;}">
                <Coords points="1184,1770 1485,1785 1554,1753 1633,1786 1690,1767 1724,1788 1765,1778 1753,1724 1663,1739 1594,1704 1520,1731 1366,1707 1319,1741 1184,1704"/>
                <Baseline points="1194,1755 1222,1758 1250,1759 1278,1761 1306,1761 1334,1762 1362,1763 1390,1763 1418,1763 1446,1762 1474,1761 1502,1761 1530,1760 1558,1760 1586,1758 1614,1758 1642,1758 1670,1758 1698,1758 1726,1758 1755,1760"/>
                <TextEquiv>
                    <Unicode>seidte er zu Ien der selbig</Unicode>
                </TextEquiv>
            </TextLine>
            <TextLine id="r1l28" custom="readingOrder {index:27;}">
                <Coords points="1171,1838 1365,1830 1401,1848 1433,1828 1495,1856 1530,1829 1602,1844 1654,1814 1718,1855 1756,1834 1756,1776 1726,1791 1664,1771 1632,1792 1549,1752 1485,1786 1224,1762 1171,1789"/>
                <Baseline points="1181,1811 1209,1813 1237,1815 1265,1816 1294,1817 1322,1817 1350,1817 1378,1817 1407,1817 1435,1817 1463,1817 1491,1815 1520,1815 1548,1815 1576,1814 1604,1814 1633,1814 1661,1814 1689,1814 1717,1815 1746,1815"/>
                <TextEquiv>
                    <Unicode>gsteer ✳ zuͦ im huser Ich</Unicode>
                </TextEquiv>
            </TextLine>
            <TextLine id="r1l29" custom="readingOrder {index:28;}">
                <Coords points="1175,1884 1321,1872 1428,1908 1473,1890 1535,1913 1581,1881 1740,1879 1778,1902 1792,1842 1713,1852 1655,1814 1555,1859 1476,1813 1400,1848 1367,1831 1175,1837"/>
                <Baseline points="1185,1865 1214,1866 1244,1869 1274,1869 1304,1871 1334,1872 1364,1874 1393,1874 1423,1875 1453,1875 1483,1875 1513,1875 1543,1875 1573,1875 1602,1875 1632,1875 1662,1874 1692,1874 1722,1872 1752,1871 1782,1869"/>
                <TextEquiv>
                    <Unicode>wolte wolte, wol gelt vber¬</Unicode>
                </TextEquiv>
            </TextLine>
            <TextLine id="r1l30" custom="readingOrder {index:29;}">
                <Coords points="1161,1944 1194,1955 1255,1935 1363,1968 1409,1935 1495,1952 1590,1926 1657,1958 1677,1954 1679,1896 1613,1878 1549,1903 1527,1881 1428,1906 1275,1872 1162,1892"/>
                <Baseline points="1170,1916 1196,1917 1222,1919 1248,1920 1274,1922 1301,1923 1327,1925 1353,1926 1379,1928 1405,1929 1432,1929 1458,1929 1484,1930 1510,1931 1536,1930 1563,1929 1589,1929 1615,1928 1641,1926 1668,1925"/>
                <TextEquiv>
                    <Unicode>khommen haben, war ich</Unicode>
                </TextEquiv>
            </TextLine>
            <TextLine id="r1l31" custom="readingOrder {index:30;}">
                <Coords points="1187,1984 1355,2017 1457,1984 1539,2009 1630,1973 1661,1993 1799,1978 1827,1968 1826,1904 1760,1896 1656,1958 1588,1927 1553,1951 1374,1954 1340,1928 1304,1952 1186,1932"/>
                <Baseline points="1196,1971 1227,1974 1258,1977 1289,1979 1320,1980 1351,1982 1382,1983 1413,1983 1444,1983 1475,1983 1506,1983 1537,1983 1568,1982 1599,1980 1630,1979 1661,1977 1692,1973 1723,1970 1754,1966 1785,1962 1817,1959"/>
                <TextEquiv>
                    <Unicode>gwollen hitte denn vff dr</Unicode>
                </TextEquiv>
            </TextLine>
            <TextLine id="r1l32" custom="readingOrder {index:31;}">
                <Coords points="1170,2030 1285,2028 1365,2069 1486,2061 1516,2037 1548,2064 1623,2044 1685,2073 1807,2054 1808,1979 1789,1971 1755,1994 1632,1975 1464,2014 1171,1976"/>
                <Baseline points="1179,2019 1210,2022 1241,2025 1272,2027 1303,2028 1334,2030 1365,2031 1396,2033 1427,2034 1458,2034 1489,2034 1520,2036 1551,2036 1582,2036 1613,2034 1644,2034 1675,2034 1706,2033 1737,2031 1768,2031 1799,2028"/>
                <TextEquiv>
                    <Unicode>dem vergangnen summer sye</Unicode>
                </TextEquiv>
            </TextLine>
            <TextLine id="r1l33" custom="readingOrder {index:32;}">
                <Coords points="1183,2097 1229,2073 1281,2097 1439,2096 1487,2125 1535,2094 1653,2131 1753,2090 1824,2096 1825,2050 1752,2069 1705,2031 1547,2064 1525,2041 1404,2067 1233,2034 1184,2052"/>
                <Baseline points="1194,2072 1225,2075 1256,2078 1287,2081 1318,2083 1349,2085 1380,2087 1411,2088 1442,2088 1473,2090 1504,2090 1535,2090 1566,2090 1597,2090 1628,2090 1659,2090 1690,2088 1721,2088 1752,2087 1783,2085 1815,2084"/>
                <TextEquiv>
                    <Unicode>si barmen gsin do sygen</Unicode>
                </TextEquiv>
            </TextLine>
            <TextLine id="r1l34" custom="readingOrder {index:33;} person {offset:4; length:17;}">
                <Coords points="1167,2131 1326,2139 1375,2174 1465,2147 1736,2190 1739,2120 1719,2115 1635,2127 1565,2097 1487,2124 1437,2095 1393,2114 1339,2095 1168,2095"/>
                <Baseline points="1176,2121 1203,2126 1231,2128 1258,2131 1286,2133 1314,2136 1341,2139 1369,2141 1396,2142 1424,2143 1452,2145 1479,2146 1507,2147 1534,2148 1562,2148 1590,2148 1617,2148 1645,2148 1672,2148 1700,2147 1728,2147"/>
                <TextEquiv>
                    <Unicode>del besthoff Cardinal etc.</Unicode>
                </TextEquiv>
            </TextLine>
            <TextLine id="r1l35" custom="readingOrder {index:34;}">
                <Coords points="1191,2195 1219,2186 1268,2228 1429,2205 1489,2209 1529,2241 1554,2221 1608,2242 1647,2215 1782,2214 1784,2177 1696,2143 1650,2174 1556,2178 1463,2148 1374,2179 1328,2139 1241,2159 1193,2136"/>
                <Baseline points="1200,2186 1228,2189 1257,2191 1285,2193 1314,2196 1343,2198 1371,2200 1400,2202 1429,2204 1457,2206 1486,2207 1515,2208 1543,2209 1572,2210 1601,2210 1629,2210 1658,2210 1687,2208 1715,2208 1744,2205 1773,2204"/>
                <TextEquiv>
                    <Unicode>da gsin da habent die</Unicode>
                </TextEquiv>
            </TextLine>
            <TextLine id="r1l36" custom="readingOrder {index:35;}">
                <Coords points="1168,2251 1214,2274 1283,2258 1319,2281 1360,2256 1387,2284 1519,2268 1550,2292 1615,2266 1655,2295 1799,2290 1799,2205 1635,2245 1572,2221 1530,2244 1503,2216 1428,2205 1363,2236 1269,2228 1216,2187 1171,2198"/>
                <Baseline points="1179,2237 1209,2241 1240,2243 1270,2247 1301,2250 1332,2253 1362,2256 1393,2259 1423,2260 1454,2262 1485,2264 1515,2267 1546,2267 1576,2268 1607,2268 1638,2268 1668,2268 1699,2268 1729,2267 1760,2265 1791,2264"/>
                <TextEquiv>
                    <Unicode>Knrcht gseit, der musser</Unicode>
                </TextEquiv>
            </TextLine>
            <TextLine id="r1l37" custom="readingOrder {index:36;}">
                <Coords points="1177,2319 1268,2302 1312,2340 1373,2316 1449,2355 1503,2318 1537,2347 1631,2317 1697,2345 1745,2330 1747,2288 1656,2294 1633,2270 1572,2292 1439,2266 1331,2290 1263,2253 1180,2268"/>
                <Baseline points="1188,2297 1215,2298 1242,2300 1270,2302 1297,2304 1325,2306 1352,2308 1380,2310 1407,2312 1435,2315 1462,2316 1489,2318 1517,2319 1544,2320 1572,2321 1599,2321 1627,2321 1654,2319 1682,2318 1709,2316 1737,2313"/>
                <TextEquiv>
                    <Unicode>gebe gelt uss gebronnen ✳</Unicode>
                </TextEquiv>
            </TextLine>
            <TextLine id="r1l38" custom="readingOrder {index:37;}">
                <Coords points="1178,2357 1251,2355 1294,2399 1361,2370 1405,2403 1537,2386 1632,2412 1690,2383 1778,2399 1781,2345 1630,2319 1571,2350 1509,2318 1474,2337 1383,2317 1312,2340 1267,2301 1180,2321"/>
                <Baseline points="1188,2343 1217,2347 1246,2350 1275,2353 1304,2357 1333,2360 1362,2363 1391,2366 1420,2368 1449,2371 1479,2374 1508,2376 1537,2378 1566,2378 1595,2379 1624,2379 1653,2378 1682,2377 1711,2376 1740,2373 1770,2369"/>
                <TextEquiv>
                    <Unicode>unnd habe derselben knech</Unicode>
                </TextEquiv>
            </TextLine>
            <TextLine id="r1l39" custom="readingOrder {index:38;}">
                <Coords points="1189,2427 1226,2439 1297,2412 1414,2443 1617,2442 1662,2462 1704,2447 1723,2469 1760,2450 1763,2396 1716,2402 1690,2382 1577,2418 1533,2402 1446,2413 1373,2371 1325,2391 1294,2359 1193,2354"/>
                <Baseline points="1200,2409 1227,2410 1255,2412 1282,2414 1310,2417 1338,2419 1365,2421 1393,2424 1420,2427 1448,2430 1476,2432 1503,2433 1531,2436 1558,2436 1586,2438 1614,2438 1641,2438 1669,2436 1696,2435 1724,2432 1752,2429"/>
                <TextEquiv>
                    <Unicode>gset, das man den sele</Unicode>
                </TextEquiv>
            </TextLine>
            <TextLine id="r1l40" custom="readingOrder {index:39;} place {offset:14; length:8;}">
                <Coords points="1228,2491 1303,2464 1405,2506 1501,2487 1683,2516 1714,2493 1752,2527 1817,2499 1808,2454 1636,2465 1582,2440 1510,2467 1483,2443 1323,2440 1298,2413 1232,2415"/>
                <Baseline points="1239,2466 1267,2466 1296,2468 1324,2469 1353,2471 1381,2472 1410,2475 1438,2478 1467,2480 1495,2483 1524,2484 1552,2487 1581,2489 1609,2489 1638,2490 1666,2490 1695,2490 1723,2489 1752,2486 1780,2484 1809,2481"/>
                <TextEquiv>
                    <Unicode>somtlich gert Eutpfrng</Unicode>
                </TextEquiv>
            </TextLine>
            <TextLine id="r1l41" custom="readingOrder {index:40;}">
                <Coords points="1222,2546 1321,2522 1491,2539 1515,2559 1606,2542 1668,2576 1744,2542 1763,2558 1824,2547 1827,2511 1784,2499 1746,2529 1713,2494 1660,2518 1626,2493 1589,2515 1527,2488 1405,2507 1313,2467 1225,2490"/>
                <Baseline points="1233,2513 1262,2514 1291,2517 1320,2519 1349,2522 1378,2525 1407,2528 1436,2531 1465,2534 1494,2537 1524,2540 1553,2541 1582,2544 1611,2544 1640,2546 1669,2547 1698,2547 1727,2547 1756,2546 1785,2544 1815,2541"/>
                <TextEquiv>
                    <Unicode>inder ach empfolen wan habe</Unicode>
                </TextEquiv>
            </TextLine>
            <TextLine id="r1l42" custom="readingOrder {index:41;}">
                <Coords points="1355,2556 1367,2556 1376,2566 1389,2566 1389,2534 1380,2534 1376,2530 1372,2532 1365,2524 1355,2524"/>
                <Baseline points="1365,2550 1380,2550"/>
                <TextEquiv>
                    <Unicode>si</Unicode>
                </TextEquiv>
            </TextLine>
            <TextLine id="r1l43" custom="readingOrder {index:42;}">
                <Coords points="1397,2565 1422,2571 1436,2561 1464,2572 1476,2564 1486,2574 1505,2576 1519,2567 1526,2574 1538,2571 1548,2581 1580,2578 1583,2548 1553,2545 1532,2551 1523,2541 1507,2546 1484,2536 1474,2545 1458,2546 1441,2531 1414,2535 1399,2530"/>
                <Baseline points="1406,2559 1433,2561 1461,2563 1488,2566 1516,2568 1543,2570 1571,2571"/>
                <TextEquiv>
                    <Unicode>nosthaff</Unicode>
                </TextEquiv>
            </TextLine>
            <TextLine id="r1l44" custom="readingOrder {index:43;}">
                <Coords points="1169,2573 1310,2573 1337,2600 1580,2596 1616,2625 1736,2603 1821,2647 1838,2646 1843,2579 1742,2545 1668,2576 1615,2553 1570,2577 1375,2561 1329,2526 1254,2545 1222,2518 1172,2526"/>
                <Baseline points="1179,2552 1211,2559 1244,2563 1277,2569 1309,2573 1342,2577 1375,2581 1407,2584 1440,2586 1473,2589 1506,2592 1538,2595 1571,2597 1604,2598 1636,2598 1669,2600 1702,2600 1734,2600 1767,2600 1800,2600 1833,2600"/>
                <TextEquiv>
                    <Unicode>Im drrnn trtt bebrommen etc.</Unicode>
                </TextEquiv>
            </TextLine>
            <TextLine id="r1l45" custom="readingOrder {index:44;}">
                <Coords points="1181,2609 1206,2621 1261,2606 1335,2637 1378,2622 1444,2663 1532,2648 1570,2671 1698,2652 1701,2623 1670,2610 1614,2626 1592,2599 1445,2612 1376,2584 1337,2598 1253,2571 1183,2585"/>
                <Baseline points="1191,2606 1217,2607 1243,2609 1269,2612 1295,2613 1322,2617 1348,2619 1374,2622 1400,2625 1426,2628 1453,2632 1479,2635 1505,2638 1531,2640 1557,2642 1584,2644 1610,2645 1636,2646 1662,2646 1689,2645"/>
                <TextEquiv>
                    <Unicode>vnd diesebben lugt haben</Unicode>
                </TextEquiv>
            </TextLine>
            <TextLine id="r1l46" custom="readingOrder {index:45;} person {offset:13; length:13;}">
                <Coords points="1192,2663 1337,2663 1636,2718 1762,2699 1812,2734 1833,2733 1840,2647 1739,2643 1666,2680 1538,2649 1471,2663 1427,2627 1195,2620"/>
                <Baseline points="1202,2654 1233,2655 1264,2657 1295,2659 1327,2663 1358,2665 1389,2669 1420,2672 1452,2676 1483,2679 1514,2682 1545,2686 1577,2688 1608,2691 1639,2694 1670,2695 1702,2696 1733,2697 1764,2697 1795,2696 1827,2694"/>
                <TextEquiv>
                    <Unicode>fruuw ka und Blauwi krutzi</Unicode>
                </TextEquiv>
            </TextLine>
            <TextLine id="r1l47" custom="readingOrder {index:46;}">
                <Coords points="1165,2696 1753,2749 1743,2710 1370,2688 1315,2661 1291,2676 1168,2669"/>
                <Baseline points="1176,2690 1204,2691 1232,2694 1261,2696 1289,2698 1318,2701 1346,2704 1375,2706 1403,2709 1432,2713 1460,2716 1488,2717 1517,2721 1545,2723 1574,2725 1602,2727 1631,2729 1659,2730 1688,2732 1716,2732 1745,2733"/>
                <TextEquiv>
                    <Unicode>in werdig aben im bregenn</Unicode>
                </TextEquiv>
            </TextLine>
            <TextEquiv>
                <Unicode>Sampstag dem 1 Jag
Jennes An 1352 dar
fresentibg. harr Vnrentz Pfister
des Efato vnd grosow Pastor
sampt den weyb₎ ginsenlich
st in der koffe gfragt
wordenn Hanns Huser ✳ von
thnn hatt anzöugtt, wie er vff
der
Epwmchttag
namliche.
inn ein dorff gan Tayssig
khommen, sye vin predig hott
gsen, do seye. Er in der
wirtshusz ✳ gang und gfragt
Ob man im woll zuoegsen
gebenn hab die ungfrouw
gsprochn er solte wartten, die
gnedig ware bald uson
dem do gsache er disen gselle
wolcher zwem schwarte strumpt
und ein gott gsasse an ghept
Auch von der predig ferkhon
gegen demn wirtshufs vnd
sy vind daselbs zmorgen gessen
do sy dar dannen gangen ✳
seidte er zu Ien der selbig
gsteer ✳ zuͦ im huser Ich
wolte wolte, wol gelt vber¬
khommen haben, war ich
gwollen hitte denn vff dr
dem vergangnen summer sye
si barmen gsin do sygen
del besthoff Cardinal etc.
da gsin da habent die
Knrcht gseit, der musser
gebe gelt uss gebronnen ✳
unnd habe derselben knech
gset, das man den sele
somtlich gert Eutpfrng
inder ach empfolen wan habe
si
nosthaff
Im drrnn trtt bebrommen etc.
vnd diesebben lugt haben
fruuw ka und Blauwi krutzi
in werdig aben im bregenn</Unicode>
            </TextEquiv>
        </TextRegion>
        <TextRegion orientation="0.0" id="r2" custom="readingOrder {index:1;}">
            <Coords points="1898,322 1898,2538 2646,2538 2646,322"/>
            <TextLine id="r2l1" custom="readingOrder {index:0;}">
                <Coords points="2532,360 2542,361 2552,373 2564,364 2568,366 2572,362 2575,363 2581,357 2585,359 2597,352 2612,353 2614,314 2593,309 2578,314 2535,314"/>
                <Baseline points="2543,348 2573,351 2603,351"/>
                <TextEquiv>
                    <Unicode>66</Unicode>
                </TextEquiv>
            </TextLine>
            <TextLine id="r2l2" custom="readingOrder {index:1;}">
                <Coords points="1987,462 2023,467 2107,426 2239,455 2325,419 2480,426 2522,402 2632,419 2628,353 2573,369 2524,346 2475,368 2401,334 2349,371 2266,336 2204,374 2146,351 1982,383"/>
                <Baseline points="1995,435 2026,432 2057,429 2089,427 2120,424 2151,423 2183,420 2214,419 2245,416 2277,415 2308,414 2339,412 2371,411 2402,408 2433,407 2465,406 2496,404 2527,402 2559,400 2590,398 2622,396"/>
                <TextEquiv>
                    <Unicode>uff das sy also mitt ein</Unicode>
                </TextEquiv>
            </TextLine>
            <TextLine id="r2l3" custom="readingOrder {index:2;}">
                <Coords points="1917,530 2130,475 2198,501 2234,470 2297,489 2392,479 2460,511 2561,469 2557,407 2322,439 2281,424 2249,451 2145,438 2034,472 1975,440 1913,468"/>
                <Baseline points="1926,516 1957,507 1988,501 2019,493 2051,487 2082,484 2113,479 2145,476 2176,474 2207,473 2239,472 2270,471 2301,470 2332,470 2364,470 2395,470 2426,468 2458,468 2489,467 2520,465 2552,464"/>
                <TextEquiv>
                    <Unicode>andern gant biss das sy</Unicode>
                </TextEquiv>
            </TextLine>
            <TextLine id="r2l4" custom="readingOrder {index:3;} place {offset:17; length:4;}">
                <Coords points="1905,592 1936,607 2042,556 2083,584 2126,547 2236,551 2277,523 2455,530 2488,556 2508,536 2608,541 2602,447 2539,498 2449,470 2389,501 2336,476 2290,494 2240,469 2200,502 2169,480 2133,514 2088,512 2041,488 1901,537"/>
                <Baseline points="1913,575 1947,566 1981,559 2015,553 2049,547 2084,543 2118,539 2152,535 2186,532 2220,530 2255,527 2289,525 2323,525 2357,524 2391,524 2426,523 2460,522 2494,522 2528,522 2562,522 2597,521"/>
                <TextEquiv>
                    <Unicode>khrrammn sind zu emei ins</Unicode>
                </TextEquiv>
            </TextLine>
            <TextLine id="r2l5" custom="readingOrder {index:4;}">
                <Coords points="1935,628 2148,609 2256,634 2379,586 2528,618 2585,609 2581,545 2507,537 2492,555 2454,525 2395,551 2273,523 2228,558 2185,535 2083,585 1932,589"/>
                <Baseline points="1943,620 1974,616 2006,611 2037,608 2069,604 2100,601 2132,599 2163,595 2195,594 2226,591 2258,588 2290,587 2321,585 2353,584 2384,582 2416,581 2447,581 2479,580 2510,579 2542,579 2574,579"/>
                <TextEquiv>
                    <Unicode>impt man zur sust do hahe</Unicode>
                </TextEquiv>
            </TextLine>
            <TextLine id="r2l6" custom="readingOrder {index:5;}">
                <Coords points="1922,695 2116,688 2178,654 2227,688 2268,652 2396,642 2506,663 2533,639 2585,663 2655,631 2653,588 2582,612 2527,588 2472,621 2378,586 2284,629 2142,609 1920,645"/>
                <Baseline points="1931,677 1966,671 2002,667 2038,662 2073,659 2109,655 2145,654 2180,651 2216,649 2252,648 2288,647 2323,646 2359,645 2395,644 2430,643 2466,642 2502,641 2537,639 2573,638 2609,635 2645,633"/>
                <TextEquiv>
                    <Unicode>dieselbig gsell inn huser gfragt</Unicode>
                </TextEquiv>
            </TextLine>
            <TextLine id="r2l7" custom="readingOrder {index:6;}">
                <Coords points="1932,733 1984,744 2075,713 2132,737 2176,709 2257,710 2337,740 2368,712 2445,721 2503,694 2570,722 2616,698 2614,644 2494,670 2454,643 2408,679 2332,644 2268,652 2226,687 2189,654 2121,685 1931,701"/>
                <Baseline points="1941,726 1974,722 2007,718 2040,714 2074,712 2107,709 2140,708 2173,707 2207,705 2240,704 2273,704 2306,704 2340,702 2373,702 2406,702 2439,702 2473,701 2506,700 2539,699 2572,698 2606,695"/>
                <TextEquiv>
                    <Unicode>was das für ein hus sye uff</Unicode>
                </TextEquiv>
            </TextLine>
            <TextLine id="r2l8" custom="readingOrder {index:7;}">
                <Coords points="1933,804 2014,781 2077,794 2113,766 2154,798 2226,768 2546,763 2544,722 2458,726 2431,708 2340,739 2220,719 2133,742 2102,713 2017,755 1930,738"/>
                <Baseline points="1941,780 1970,777 2000,774 2030,773 2060,771 2090,768 2119,767 2149,765 2179,763 2209,762 2239,760 2268,759 2298,758 2328,758 2358,756 2388,756 2417,755 2447,754 2477,753 2507,753 2537,752"/>
                <TextEquiv>
                    <Unicode>das huser geantwurtt, was</Unicode>
                </TextEquiv>
            </TextLine>
            <TextLine id="r2l9" custom="readingOrder {index:8;}">
                <Coords points="1934,850 2242,824 2292,860 2347,812 2381,832 2432,818 2480,854 2604,809 2603,768 2494,787 2397,759 2332,786 2260,765 2152,796 2110,767 2079,793 2018,778 1933,812"/>
                <Baseline points="1943,836 1975,834 2008,831 2040,830 2073,827 2105,825 2138,824 2170,823 2203,822 2235,820 2268,819 2301,818 2333,817 2366,816 2398,815 2431,814 2463,812 2496,812 2528,810 2561,809 2594,807"/>
                <TextEquiv>
                    <Unicode>nen waßer bruche das ghalte</Unicode>
                </TextEquiv>
            </TextLine>
            <TextLine id="r2l10" custom="readingOrder {index:9;}">
                <Coords points="1933,894 2119,876 2161,909 2308,909 2480,873 2547,909 2638,871 2637,820 2524,821 2483,852 2430,818 2383,840 2347,812 2293,857 2240,824 2086,853 2052,833 2013,862 1932,849"/>
                <Baseline points="1943,881 1977,881 2011,881 2045,881 2080,881 2114,881 2148,880 2182,879 2217,879 2251,878 2285,878 2319,876 2354,875 2388,874 2422,873 2456,872 2491,870 2525,868 2559,867 2593,866 2628,864"/>
                <TextEquiv>
                    <Unicode>men darin do sye diser gsell</Unicode>
                </TextEquiv>
            </TextLine>
            <TextLine id="r2l11" custom="readingOrder {index:10;}">
                <Coords points="1929,961 1977,932 2049,948 2088,927 2133,963 2158,947 2250,973 2278,946 2384,964 2490,929 2553,953 2552,910 2479,873 2437,899 2302,910 2138,889 2093,906 2020,881 1928,897"/>
                <Baseline points="1937,938 1967,935 1997,933 2027,932 2058,930 2088,930 2118,929 2149,929 2179,929 2209,929 2240,929 2270,929 2300,929 2330,929 2361,929 2391,929 2421,929 2452,929 2482,929 2512,927 2543,926"/>
                <TextEquiv>
                    <Unicode>zuͦ dem huss gang und an</Unicode>
                </TextEquiv>
            </TextLine>
            <TextLine id="r2l12" custom="readingOrder {index:11;}">
                <Coords points="1933,1014 1995,996 2037,1030 2076,1030 2125,999 2152,1025 2298,992 2354,1011 2405,994 2497,1006 2514,1002 2514,935 2414,943 2369,973 2281,946 2253,968 2189,950 2132,962 2098,930 2012,940 1973,966 1933,957"/>
                <Baseline points="1943,998 1971,995 1999,993 2027,991 2055,989 2083,988 2111,987 2139,987 2167,986 2195,986 2223,986 2251,987 2279,987 2307,987 2335,987 2363,989 2391,989 2419,989 2447,989 2475,990 2504,990"/>
                <TextEquiv>
                    <Unicode>der Ahuren geruttlet vnn</Unicode>
                </TextEquiv>
            </TextLine>
            <TextLine id="r2l13" custom="readingOrder {index:12;}">
                <Coords points="1923,1095 1957,1100 2016,1059 2054,1077 2101,1055 2203,1075 2225,1053 2259,1071 2536,1042 2586,1058 2590,990 2541,1012 2404,994 2367,1024 2289,994 2156,1025 2128,1007 2038,1032 1988,995 1921,1020"/>
                <Baseline points="1931,1061 1963,1056 1996,1054 2028,1052 2061,1050 2093,1049 2126,1047 2158,1047 2191,1046 2223,1046 2256,1046 2289,1046 2321,1044 2354,1044 2386,1044 2419,1044 2451,1043 2484,1042 2516,1041 2549,1038 2582,1037"/>
                <TextEquiv>
                    <Unicode>gsprocfen wen eener enn dies</Unicode>
                </TextEquiv>
            </TextLine>
            <TextLine id="r2l14" custom="readingOrder {index:13;}">
                <Coords points="1929,1136 2103,1108 2271,1144 2327,1099 2583,1116 2581,1064 2518,1075 2493,1051 2424,1077 2391,1058 2251,1082 2008,1063 1975,1090 1928,1089"/>
                <Baseline points="1937,1115 1968,1113 2000,1111 2032,1109 2064,1107 2096,1106 2127,1105 2159,1104 2191,1103 2223,1103 2255,1101 2286,1101 2318,1101 2350,1100 2382,1100 2414,1100 2445,1100 2477,1100 2509,1100 2541,1100 2573,1100"/>
                <TextEquiv>
                    <Unicode>sin wolte mochte Emer wol</Unicode>
                </TextEquiv>
            </TextLine>
            <TextLine id="r2l15" custom="readingOrder {index:14;}">
                <Coords points="1928,1179 2045,1158 2136,1196 2240,1162 2324,1197 2357,1164 2492,1170 2522,1156 2522,1132 2463,1108 2322,1101 2274,1139 2161,1134 2102,1108 1928,1137"/>
                <Baseline points="1937,1161 1965,1161 1994,1160 2023,1160 2052,1160 2081,1160 2109,1160 2138,1158 2167,1158 2196,1158 2225,1158 2253,1157 2282,1157 2311,1157 2340,1157 2369,1155 2397,1155 2426,1154 2455,1153 2484,1152 2513,1151"/>
                <TextEquiv>
                    <Unicode>darin khommeen zestallenn</Unicode>
                </TextEquiv>
            </TextLine>
            <TextLine id="r2l16" custom="readingOrder {index:15;}">
                <Coords points="1930,1238 2028,1223 2107,1255 2207,1254 2242,1224 2321,1252 2413,1233 2458,1260 2654,1247 2654,1181 2590,1183 2543,1145 2489,1194 2363,1162 2323,1197 2113,1193 2085,1165 1930,1178"/>
                <Baseline points="1940,1221 1975,1221 2010,1221 2045,1221 2081,1220 2116,1220 2151,1218 2186,1218 2222,1217 2257,1216 2292,1215 2327,1215 2363,1214 2398,1215 2433,1215 2468,1217 2504,1217 2539,1220 2574,1223 2609,1226 2645,1230"/>
                <TextEquiv>
                    <Unicode>unnd sygnn also fùr das janx </Unicode>
                </TextEquiv>
            </TextLine>
            <TextLine id="r2l17" custom="readingOrder {index:16;}">
                <Coords points="1888,1320 1984,1283 2010,1302 2119,1291 2167,1320 2221,1290 2289,1319 2454,1281 2580,1300 2619,1290 2619,1254 2455,1260 2414,1232 2333,1264 2237,1224 2207,1254 2096,1263 2032,1224 1887,1255"/>
                <Baseline points="1898,1295 1933,1291 1969,1288 2004,1286 2040,1284 2075,1283 2111,1281 2146,1280 2182,1280 2217,1280 2253,1280 2289,1280 2324,1280 2360,1280 2395,1280 2431,1280 2466,1280 2502,1280 2537,1280 2573,1280 2609,1280"/>
                <TextEquiv>
                    <Unicode>o sye er hnser zu eien man</Unicode>
                </TextEquiv>
            </TextLine>
            <TextLine id="r2l18" custom="readingOrder {index:17;}">
                <Coords points="1913,1363 1973,1375 2016,1348 2123,1342 2165,1370 2212,1345 2255,1378 2392,1338 2633,1353 2632,1287 2442,1283 2358,1316 2213,1324 1994,1278 1912,1317"/>
                <Baseline points="1923,1344 1958,1344 1993,1344 2028,1344 2063,1344 2098,1344 2133,1344 2168,1343 2203,1343 2238,1342 2273,1341 2308,1341 2343,1340 2378,1339 2413,1338 2448,1337 2483,1337 2518,1336 2553,1335 2588,1335 2624,1335"/>
                <TextEquiv>
                    <Unicode>khommen, welchem er das alles</Unicode>
                </TextEquiv>
            </TextLine>
            <TextLine id="r2l19" custom="readingOrder {index:18;}">
                <Coords points="1909,1423 1952,1401 2060,1437 2161,1398 2575,1404 2574,1349 2484,1362 2391,1339 2262,1374 2228,1347 2162,1370 2124,1342 2015,1348 1971,1377 1908,1361"/>
                <Baseline points="1919,1400 1951,1399 1983,1398 2015,1397 2048,1397 2080,1395 2112,1395 2144,1395 2177,1395 2209,1395 2241,1394 2273,1394 2306,1394 2338,1394 2370,1394 2402,1392 2435,1392 2467,1391 2499,1391 2531,1389 2564,1388"/>
                <TextEquiv>
                    <Unicode>Anzeugtt wie Obstatt, wie</Unicode>
                </TextEquiv>
            </TextLine>
            <TextLine id="r2l20" custom="readingOrder {index:19;}">
                <Coords points="1913,1458 2105,1453 2167,1492 2201,1471 2350,1486 2417,1463 2445,1485 2518,1447 2622,1453 2621,1387 2396,1416 2230,1395 2131,1428 2046,1399 1913,1417"/>
                <Baseline points="1923,1452 1957,1451 1991,1451 2026,1449 2060,1449 2095,1449 2129,1449 2164,1449 2198,1449 2233,1449 2267,1449 2301,1449 2336,1449 2370,1449 2405,1448 2439,1448 2474,1447 2508,1446 2543,1444 2577,1443 2612,1440"/>
                <TextEquiv>
                    <Unicode>er im thun solle do spreche</Unicode>
                </TextEquiv>
            </TextLine>
            <TextLine id="r2l21" custom="readingOrder {index:20;}">
                <Coords points="1927,1522 2008,1513 2080,1541 2130,1510 2294,1513 2417,1540 2459,1505 2619,1509 2618,1452 2520,1446 2450,1483 2415,1465 2243,1486 2147,1463 2115,1488 1927,1469"/>
                <Baseline points="1937,1506 1970,1505 2004,1505 2037,1505 2071,1505 2105,1505 2138,1505 2172,1505 2205,1505 2239,1505 2273,1505 2306,1505 2340,1503 2373,1503 2407,1502 2441,1502 2474,1500 2508,1499 2541,1497 2575,1496 2609,1494"/>
                <TextEquiv>
                    <Unicode>derselbig man ✳ os er inn darby</Unicode>
                </TextEquiv>
            </TextLine>
            <TextLine id="r2l22" custom="readingOrder {index:21;}">
                <Coords points="1937,1564 1975,1587 2039,1565 2112,1604 2182,1572 2231,1592 2415,1569 2475,1600 2595,1556 2595,1498 2416,1540 2294,1513 2172,1536 2129,1510 2050,1545 1937,1519"/>
                <Baseline points="1946,1556 1979,1558 2013,1560 2046,1562 2080,1563 2114,1564 2147,1565 2181,1565 2215,1565 2248,1565 2282,1565 2315,1565 2349,1563 2383,1563 2416,1562 2450,1560 2484,1559 2517,1556 2551,1555 2585,1553"/>
                <TextEquiv>
                    <Unicode>bhan möge, uff das er huser</Unicode>
                </TextEquiv>
            </TextLine>
            <TextLine id="r2l23" custom="readingOrder {index:22;}">
                <Coords points="1938,1659 2041,1623 2141,1663 2208,1629 2640,1623 2639,1554 2603,1545 2482,1596 2402,1569 2313,1597 2254,1576 2185,1605 1936,1565"/>
                <Baseline points="1947,1620 1981,1620 2015,1620 2049,1620 2083,1620 2117,1620 2151,1620 2186,1620 2220,1620 2254,1620 2288,1620 2322,1620 2356,1619 2390,1619 2425,1617 2459,1616 2493,1614 2527,1612 2561,1609 2595,1606 2630,1602"/>
                <TextEquiv>
                    <Unicode>gsproch nein ✳ es wäre nemendt</Unicode>
                </TextEquiv>
            </TextLine>
            <TextLine id="r2l24" custom="readingOrder {index:23;}">
                <Coords points="1940,1694 2053,1700 2072,1682 2106,1710 2331,1682 2429,1711 2480,1683 2512,1700 2596,1674 2595,1631 2525,1617 2316,1662 2253,1631 2148,1662 2035,1630 1940,1660"/>
                <Baseline points="1950,1680 1981,1680 2013,1680 2045,1679 2077,1679 2109,1679 2140,1679 2172,1679 2204,1678 2236,1677 2268,1677 2299,1677 2331,1676 2363,1676 2395,1674 2427,1674 2458,1673 2490,1673 2522,1672 2554,1671 2586,1670"/>
                <TextEquiv>
                    <Unicode>darby gin ✳ dann allein sy zwen</Unicode>
                </TextEquiv>
            </TextLine>
            <TextLine id="r2l25" custom="readingOrder {index:24;}">
                <Coords points="1948,1743 1997,1739 2027,1765 2048,1746 2121,1757 2243,1735 2354,1767 2420,1731 2491,1762 2574,1737 2574,1675 2429,1710 2374,1691 2314,1707 2273,1681 2102,1712 2072,1682 2051,1701 1948,1686"/>
                <Baseline points="1958,1731 1988,1732 2018,1733 2049,1733 2079,1733 2109,1733 2140,1733 2170,1733 2200,1733 2231,1733 2261,1733 2291,1732 2322,1731 2352,1731 2382,1731 2413,1731 2443,1730 2473,1730 2504,1730 2534,1730 2565,1730"/>
                <TextEquiv>
                    <Unicode>. mitt einandern gang do</Unicode>
                </TextEquiv>
            </TextLine>
            <TextLine id="r2l26" custom="readingOrder {index:25;}">
                <Coords points="1926,1823 1972,1795 2082,1808 2138,1791 2249,1820 2324,1796 2450,1817 2489,1783 2566,1791 2566,1750 2493,1757 2425,1731 2356,1768 2214,1737 2121,1768 2092,1746 2019,1766 1968,1738 1925,1761"/>
                <Baseline points="1935,1782 1966,1784 1997,1785 2028,1785 2059,1786 2090,1787 2121,1787 2152,1787 2183,1787 2214,1787 2245,1787 2276,1787 2307,1787 2338,1785 2369,1785 2400,1784 2431,1782 2462,1780 2493,1779 2524,1776 2556,1775"/>
                <TextEquiv>
                    <Unicode>herse inn diser man, so solte</Unicode>
                </TextEquiv>
            </TextLine>
            <TextLine id="r2l27" custom="readingOrder {index:26;}">
                <Coords points="1924,1849 2059,1888 2096,1867 2194,1884 2248,1850 2342,1866 2586,1831 2585,1782 2506,1783 2448,1815 2423,1798 2403,1815 2127,1819 1980,1792 1924,1808"/>
                <Baseline points="1934,1836 1966,1839 1998,1841 2030,1842 2062,1844 2094,1845 2126,1845 2158,1845 2190,1845 2222,1844 2255,1844 2287,1842 2319,1841 2351,1839 2383,1838 2415,1836 2447,1835 2479,1833 2511,1832 2543,1829 2576,1827"/>
                <TextEquiv>
                    <Unicode>Es schwigen weit ers nit vff</Unicode>
                </TextEquiv>
            </TextLine>
            <TextLine id="r2l28" custom="readingOrder {index:27;}">
                <Coords points="1916,1902 1966,1926 2040,1903 2127,1906 2165,1932 2197,1910 2237,1937 2328,1912 2419,1927 2417,1853 2301,1870 2270,1859 2248,1879 2209,1868 2194,1882 2096,1866 2062,1884 1950,1845 1915,1855"/>
                <Baseline points="1925,1896 1950,1899 1975,1899 2001,1901 2026,1901 2052,1901 2077,1902 2102,1902 2128,1901 2153,1901 2179,1900 2204,1899 2230,1898 2255,1897 2280,1895 2306,1894 2331,1892 2357,1889 2382,1887 2408,1884"/>
                <TextEquiv>
                    <Unicode>inn brung möͤcht₎ .</Unicode>
                </TextEquiv>
            </TextLine>
            <TextLine id="r2l29" custom="readingOrder {index:28;} place {offset:17; length:8;}">
                <Coords points="1943,1979 2060,1960 2126,1995 2173,1966 2325,1980 2364,1957 2472,1985 2571,1959 2570,1905 2504,1887 2398,1934 2333,1909 2236,1942 2161,1941 2119,1905 1942,1915"/>
                <Baseline points="1952,1958 1982,1959 2013,1961 2043,1962 2074,1962 2104,1962 2135,1962 2165,1962 2196,1962 2226,1961 2257,1961 2287,1959 2318,1958 2348,1958 2379,1956 2409,1956 2440,1955 2470,1953 2501,1953 2531,1953 2562,1953"/>
                <TextEquiv>
                    <Unicode>Aer der wirtt zu laisigen</Unicode>
                </TextEquiv>
            </TextLine>
            <TextLine id="r2l30" custom="readingOrder {index:29;}">
                <Coords points="1926,2017 2127,2039 2195,2013 2240,2027 2379,2010 2505,2032 2557,2006 2557,1978 2467,1985 2365,1957 2316,1985 2188,1966 2126,1994 2051,1963 1925,1977"/>
                <Baseline points="1935,2010 1965,2012 1996,2013 2026,2014 2057,2015 2088,2015 2118,2015 2149,2014 2179,2013 2210,2012 2241,2012 2271,2010 2302,2009 2332,2007 2363,2007 2394,2006 2424,2006 2455,2004 2485,2004 2516,2004 2547,2004"/>
                <TextEquiv>
                    <Unicode>wüsse wol das er da mit im</Unicode>
                </TextEquiv>
            </TextLine>
            <TextLine id="r2l31" custom="readingOrder {index:30;}">
                <Coords points="1931,2082 1989,2065 2038,2089 2086,2069 2257,2108 2303,2078 2343,2094 2413,2062 2503,2096 2572,2066 2555,2002 2505,2032 2405,2036 2376,2011 2300,2039 2190,2017 2046,2045 1929,2020"/>
                <Baseline points="1940,2061 1971,2065 2002,2068 2033,2069 2064,2070 2095,2072 2126,2072 2157,2072 2188,2070 2219,2070 2251,2068 2282,2067 2313,2065 2344,2064 2375,2062 2406,2060 2437,2058 2468,2057 2499,2055 2530,2055 2562,2054"/>
                <TextEquiv>
                    <Unicode>zuorg gesse denn im briste</Unicode>
                </TextEquiv>
            </TextLine>
            <TextLine id="r2l32" custom="readingOrder {index:31;}">
                <Coords points="1923,2130 2094,2144 2333,2126 2357,2110 2476,2121 2474,2074 2442,2068 2386,2066 2353,2093 2269,2075 2176,2104 2085,2069 2020,2101 1922,2081"/>
                <Baseline points="1931,2112 1957,2117 1984,2120 2011,2123 2038,2124 2064,2126 2091,2126 2118,2126 2145,2125 2171,2124 2198,2123 2225,2120 2252,2118 2278,2116 2305,2115 2332,2112 2359,2111 2385,2109 2412,2109 2439,2109 2466,2109"/>
                <TextEquiv>
                    <Unicode>Etwas an einer Utty</Unicode>
                </TextEquiv>
            </TextLine>
            <TextLine id="r2l33" custom="readingOrder {index:32;} person {offset:11; length:5;}">
                <Coords points="1934,2191 1979,2179 2025,2218 2133,2172 2209,2198 2332,2175 2376,2198 2424,2175 2449,2197 2499,2169 2630,2196 2628,2123 2526,2088 2466,2127 2361,2110 2159,2147 1933,2133"/>
                <Baseline points="1943,2171 1976,2172 2010,2175 2044,2175 2078,2177 2112,2177 2145,2176 2179,2175 2213,2174 2247,2173 2281,2172 2314,2171 2348,2169 2382,2167 2416,2166 2449,2165 2483,2164 2517,2163 2551,2163 2585,2163 2619,2163"/>
                <TextEquiv>
                    <Unicode>welches er Enser im furgsetzt</Unicode>
                </TextEquiv>
            </TextLine>
            <TextLine id="r2l34" custom="readingOrder {index:33;}">
                <Coords points="1913,2242 2055,2263 2097,2236 2118,2252 2155,2239 2256,2263 2358,2224 2387,2251 2410,2225 2523,2220 2521,2173 2449,2197 2312,2179 2265,2210 2135,2173 2049,2214 1960,2181 1911,2200"/>
                <Baseline points="1922,2237 1951,2237 1981,2238 2010,2238 2040,2238 2069,2237 2099,2237 2128,2235 2158,2234 2187,2233 2217,2231 2247,2229 2276,2228 2306,2225 2335,2223 2365,2220 2394,2219 2424,2217 2453,2216 2483,2214 2513,2213"/>
                <TextEquiv>
                    <Unicode>darzu zu im gstorechen ✳ er</Unicode>
                </TextEquiv>
            </TextLine>
            <TextLine id="r2l35" custom="readingOrder {index:34;}">
                <Coords points="1947,2298 2121,2317 2148,2291 2238,2284 2277,2312 2319,2312 2410,2265 2489,2297 2506,2290 2503,2230 2429,2221 2387,2250 2357,2225 2295,2257 2244,2227 2190,2257 2098,2237 2054,2264 1944,2249"/>
                <Baseline points="1955,2288 1982,2289 2009,2291 2036,2291 2063,2291 2090,2290 2117,2289 2144,2288 2171,2286 2198,2285 2225,2283 2252,2280 2279,2279 2306,2276 2333,2274 2360,2273 2387,2271 2414,2268 2441,2268 2468,2267 2495,2267"/>
                <TextEquiv>
                    <Unicode>Woll sich viertzechenntag</Unicode>
                </TextEquiv>
            </TextLine>
            <TextLine id="r2l36" custom="readingOrder {index:35;}">
                <Coords points="1937,2364 2026,2376 2074,2351 2130,2384 2235,2339 2356,2361 2443,2326 2581,2340 2655,2319 2651,2242 2590,2285 2476,2298 2442,2275 2326,2315 2146,2291 2123,2315 2023,2318 1933,2295"/>
                <Baseline points="1946,2343 1981,2343 2016,2345 2051,2345 2086,2345 2121,2344 2156,2343 2191,2342 2226,2340 2261,2337 2296,2335 2331,2333 2366,2331 2401,2328 2436,2325 2471,2323 2506,2320 2541,2318 2576,2316 2611,2313 2646,2313"/>
                <TextEquiv>
                    <Unicode>dargen in dem land offenthalt</Unicode>
                </TextEquiv>
            </TextLine>
            <TextLine id="r2l37" custom="readingOrder {index:36;}">
                <Coords points="1927,2404 2034,2398 2094,2439 2140,2414 2190,2437 2342,2383 2603,2399 2600,2337 2505,2354 2421,2327 2281,2365 2237,2339 2132,2381 1926,2361"/>
                <Baseline points="1937,2390 1969,2393 2002,2396 2035,2397 2068,2397 2100,2397 2133,2397 2166,2397 2199,2396 2231,2394 2264,2393 2297,2390 2330,2388 2362,2385 2395,2384 2428,2381 2461,2379 2493,2376 2526,2375 2559,2372 2592,2370"/>
                <TextEquiv>
                    <Unicode>diser gseee ✳ sye ein usglender </Unicode>
                </TextEquiv>
            </TextLine>
            <TextLine id="r2l38" custom="readingOrder {index:37;}">
                <Coords points="1929,2492 1998,2489 2062,2453 2163,2481 2295,2453 2363,2480 2416,2458 2462,2473 2535,2427 2533,2388 2386,2384 2319,2428 2264,2433 2176,2436 2147,2416 2084,2437 2031,2398 1925,2423"/>
                <Baseline points="1937,2459 1966,2460 1995,2462 2025,2462 2054,2462 2084,2462 2113,2462 2142,2460 2172,2459 2201,2457 2231,2455 2260,2453 2289,2451 2319,2448 2348,2446 2378,2443 2407,2441 2436,2438 2466,2436 2495,2435 2525,2432"/>
                <TextEquiv>
                    <Unicode>Enser vieter min zu im</Unicode>
                </TextEquiv>
            </TextLine>
            <TextLine id="r2l39" custom="readingOrder {index:38;}">
                <Coords points="1969,2540 1996,2551 2043,2531 2078,2541 2088,2535 2113,2554 2154,2562 2189,2541 2193,2476 2176,2473 2164,2481 2129,2470 2100,2476 2084,2462 2040,2474 2022,2471 1998,2489 1972,2474"/>
                <Baseline points="1980,2513 2005,2515 2030,2517 2055,2519 2080,2519 2105,2521 2130,2522 2155,2524 2181,2525"/>
                <TextEquiv>
                    <Unicode>ggnad tc.</Unicode>
                </TextEquiv>
            </TextLine>
            <TextEquiv>
                <Unicode>66
uff das sy also mitt ein
andern gant biss das sy
khrrammn sind zu emei ins
impt man zur sust do hahe
dieselbig gsell inn huser gfragt
was das für ein hus sye uff
das huser geantwurtt, was
nen waßer bruche das ghalte
men darin do sye diser gsell
zuͦ dem huss gang und an
der Ahuren geruttlet vnn
gsprocfen wen eener enn dies
sin wolte mochte Emer wol
darin khommeen zestallenn
unnd sygnn also fùr das janx 
o sye er hnser zu eien man
khommen, welchem er das alles
Anzeugtt wie Obstatt, wie
er im thun solle do spreche
derselbig man ✳ os er inn darby
bhan möge, uff das er huser
gsproch nein ✳ es wäre nemendt
darby gin ✳ dann allein sy zwen
. mitt einandern gang do
herse inn diser man, so solte
Es schwigen weit ers nit vff
inn brung möͤcht₎ .
Aer der wirtt zu laisigen
wüsse wol das er da mit im
zuorg gesse denn im briste
Etwas an einer Utty
welches er Enser im furgsetzt
darzu zu im gstorechen ✳ er
Woll sich viertzechenntag
dargen in dem land offenthalt
diser gseee ✳ sye ein usglender 
Enser vieter min zu im
ggnad tc.</Unicode>
            </TextEquiv>
        </TextRegion>
    </Page>
</PcGts>
