4032 3024
1196 360 1687 464 E zu Marse
1162 443 1850 580 Conditt wenger von Walpertz wyl
1169 527 1601 601 hat anzöugt Er sye
1598 548 1859 627 schmid z
1154 571 1882 695 Walpert wyl sein bruder bin schmid
1169 615 1371 696 zu wenge.
1390 637 1880 742 Als aber zu Wal¬
1170 675 1870 782 pertwyl gar nüt zeschmiden noc
1178 714 1863 827 ze ferdienen, vndt da sein wyb vnd
1181 773 1862 874 i kind nit erner möge, sye er
1169 829 1860 919 Han Binren und solotrn zog, da
1176 887 1865 965 Sbysten Zū Ruere vnd Cristen
1172 929 1869 1023 Schmid zu Solotin iun gan Ba¬
1169 982 1864 1083 sel gwisen, sagende, sy manslot
1173 1036 1871 1132 schmidknechte da, die knecht wäre
1183 1087 1861 1188 fast in Krg. also hab er
1172 1139 1862 1238 dar gwöll, vnd sie zistab s.
1174 1184 1841 1291 tah verschinnen zu wirtlispeck
1162 1238 1876 1354 zum schlunssel vbernacht geg
1183 1299 1735 1392 morndes an der mit woch
1181 1349 1848 1437 welsth mit im gangen, In der
1171 1400 1884 1495 kluß syent inen enthlen Crista
1187 1449 1885 1546 obstat ein frauw und eins knabli
1171 1502 1835 1589 das seit es wäre des herr von
1183 1543 1866 1647 suz bun die beid trusfn der fro
1190 1603 1864 1686 wen neiszwas zuffs ✳ den sy der
1190 1651 1869 1733 dinget zetragn bis in das dorff
1195 1705 1840 1796 ob wirtlispach, do heif sy alle
1175 1756 1868 1837 Inn erbetten, das Er die grössen
1197 1805 1804 1890 bundt dartrag, dann Cristan
1200 1839 1839 1930 vberwdt Inn mit dem, das Er
1185 1889 1856 1975 im verhiessz mit im widr gan
1209 1936 1855 2031 Sasel zehan, in gemelten dorff
1213 1991 1297 2062 haten
1293 1994 1825 2071 Sy dem plunder zn erns
1209 2042 1276 2110 r
1273 2033 1861 2127 hs der wolt inn der fro
1195 2091 1851 2179 wi san solotur fùr ✳ und f
1222 2144 1830 2223 sy über die aar in einem
1202 2157 1859 2268 dorff hat Cristen etwas fleider
1680 2241 1838 2297 das Er
1198 2224 1762 2323 die bat Er Im zetrub gorosi
1215 2273 1831 2366 than bis gan wang₎ da losst
1207 2320 1841 2410 Cristan aber etliche kleider Im
1205 2381 1856 2454 wirtshusz um vi s als sy de
1212 2419 1855 2512 dennen den haspl gwöllen, do hab
1197 2468 1863 2556 die weibel sy gfanben, Nun wusse
1196 2517 1882 2605 er von Cristens handt nit ✳ sye uber
1248 2561 1776 2635 stund nit mit im gans
1248 2587 1846 2690 bictet inn ledig ußzhlaifft
1241 2680 1889 2772 Namlich jwullig vnd sunst 1 herns
1241 2713 1314 2753 dli
2156 412 2660 510 Eoden psentihet sup C
1963 506 2697 627 in der insel bfragt ✳ Hans Burck
1980 584 2670 661 von ober ormund hat anzougt
1965 649 2644 710 Erhab ud khind vnd gange se wyb
1979 682 2681 775 groß mit dem sechsten, hab von
1981 734 2693 819 heimet gan thun wöllen in den
1973 786 2638 875 raben werck ✳ und sye spat under
1982 836 2685 925 löutign da die 3. hunser sind khon
1967 888 2680 979 hätte nit mer den 3 betze blibe deß
1974 947 2685 1043 halb in einer schür, laß im kistal
1962 993 2692 1092 ùberocht ✳ geg₎ teg fror inn ✳ hàt sich
1952 1044 2662 1130 gern gwernt, sye deßhalb zu dem
1959 1093 2698 1188 einen huz gugen heis shosthet vnd klopffet
1929 1159 2596 1235 wüsse nit ob es die husstur, oder
1949 1199 2599 1277 keller fur gsen, Er wante aber es
1957 1246 2649 1333 were die rechte husstur, do kein
1958 1295 2603 1374 der man mit kossem schwert, so
1939 1342 2670 1436 erfunet, das er vorcht er wöl im
1949 1397 2627 1481 den kopff abhouw bat inn, er
1950 1443 2672 1542 sölt inn nit hawe, dann er hätte
1965 1497 2621 1574 it Inn hände, damit er Sieh
1934 1537 2621 1636 könen weeten, als er inn wol
1933 1586 2667 1676 drysten bot und der fr nit wolt
1947 1647 2664 1729 ablan wolt er fliechen mocht aber
1942 1681 2674 1787 nit entfliechen dan das Er In
1934 1728 2639 1815 dermaß shoue, das Im lieber
1939 1785 2590 1882 ware er fütt in de kopff
1934 1830 2556 1926 abshouwen do furten sy inn d
1940 1888 2637 1990 des tsthachtlaus zu Winnis stu¬
1943 1952 2677 2047 Als hab v. Watte wil Im In dem
1955 2030 2631 2121 srocess von all₎n die ertickel ✳ wie
1934 2089 2620 2180 Er fur ein worder angeben sye etc.
1934 2120 2638 2213 fürghalten hat er anhöugt e
1959 2185 2638 2275 vnd annder gsellen, so auch angeben
1940 2229 2620 2301 spent darn zu Allen gfans
1939 2272 2563 2356 Res vnd begichtet vnd gfragt
1940 2299 2594 2393 Sy habent sich aber vnschuldi
1940 2355 2598 2440 befunden, deßhalb sy ledig ußz
1937 2401 2649 2490 glassen, vnd sye ein vßzgachter
1945 2454 2583 2533 handell, bittet Inn deßhalb ruwig
1947 2494 2613 2574 blyben zelassen, dann der ander Im
1933 2547 2571 2633 vricht tan er sehe aut
1941 2587 2226 2657 schuldig
