4032 3024
1110 334 1835 460 krin antwirt aber lunge wol
1154 381 1493 451 bisss nit was
1578 410 1791 475 Sy achte
1151 429 1479 508 dise Wolend
1478 439 1865 558 vnd der Brauwen
1145 477 1826 574 ouch der 4r meter Wilhelm
1140 528 1810 604 Schuler, syent all dry hinder
1179 570 1800 646 iß in Penstern gläbe und
1147 612 1771 689 haben vff Inn gwartet
1136 667 1823 735 als sy im darvor frowt
1209 695 1834 789 In dem sye sy fürher zum
1143 752 1804 835 brunen bang vnd hieswi
1179 800 1805 885 Ihm der huswidt hinden
1137 853 1797 928 frürher an die gasse khon
1133 896 1833 1000 dann als sy wider vom Bruken
1154 945 1849 1037 heimgauge schwure der huszwirt
1186 987 1831 1075 iess bungy Inn den Gerd ke
1161 1033 1225 1100 u
1307 1040 1810 1117 das Er thun, Als
1145 1061 1884 1173 Er der husswirt, wider vffstud
1166 1139 1870 1224 Zuckte Er Stebles, do hunwen
1150 1185 1863 1287 sy daselbs an der gassen zasen
1220 1235 1852 1316 aber sy habe gar nithit dar¬
1144 1268 1817 1371 zuͦ ereust ✳ auswysst noch viit
1151 1331 1847 1423 daruon gwust bis sys ghort
1139 1373 1356 1446 und gsech
1178 1412 1842 1507 Wyter hat sy anzolot ver¬
1174 1478 1827 1564 gangens herbsts, als sy
1165 1529 1848 1601 der ober badstub gsen könne
1166 1571 1855 1667 Stebler auch dri Schimpffete
1187 1622 1659 1685 mit ira mit wort
1181 1658 1874 1743 darnach sye sy i dost B
1190 1707 1875 1797 hus zstubett gang ✳ dahin sye
1171 1758 1867 1848 de Stebler, ouch khn bschickte
1190 1809 1841 1891 ein masse win, die sy da
1190 1845 1374 1910 strunck
1375 1854 1807 1941 Dafürhin syen
1195 1896 1859 1977 sy vil Ie Jost Zūris hūūs
1191 1939 1522 2016 byeinandern e
1196 1978 1885 2080 habe Suris frouw es ußzbracht
1181 2015 1872 2133 dahar villicht das entsprrung
1235 2086 1898 2192 aber in irs vetters hunsz syadt
1190 2139 1747 2223 Sy iie beeinandern p.
1214 2181 1836 2272 jra sye wol gseit stebler
1185 2233 1830 2329 wers ein mal inhin aub
1173 2271 1880 2376 aber sy sye dotz mal mit
1198 2326 1559 2415 dahein gs
1152 2403 1891 2512 ussglass uff ein urfer₎ ✳ die korrich
1156 2469 1778 2562 Ire söllent sy rechtfertign
2198 337 2570 442 uff donftag dem
1946 393 2640 505 ein tag Julii im de und li¬
2017 441 2634 551 presuntibus Herus Idiran
1944 473 2023 542 Jar
1957 501 2598 607 Bomngarttern des Rhats Fein
1955 539 2605 659 Lontzthi der burzernn und
1958 603 2651 707 großweydte Pastor, Sampt denn
1976 689 2115 759 wyblen
1951 705 2655 829 Ist in der kiffy gfragt werden
1962 772 2656 874 Elewey ein sun glado botschungs
1980 835 2659 916 zu Totey nitt wytt von herle¬
1969 888 2579 985 hatt anhöngt er hab ein frauw
1979 946 2608 1039 die sygmnt ettwan v. wuch
1975 992 2645 1097 in disem land gsin ✳ und es
1982 1057 2611 1152 der vrsach harmn khommen, In
1989 1111 2670 1204 willenns biderben Lutten hewerchn
1974 1166 2617 1261 dann In sen land, habe der
1985 1226 2647 1319 hagel zwey Jar einandern nach
1982 1279 2623 1371 khornn und win geschlag das
1993 1332 2668 1429 er mitt hab könden zuessen noch
1991 1376 2607 1471 zuwercken finden, der hosen
1982 1445 2655 1540 habb so er gezigen worden habe
2000 1495 2679 1592 er nitt gnommen, aber der gspbl
1994 1549 2683 1644 so mit Im gangn welcher hasen
1997 1616 2672 1692 Mrey nitt wytt von Morst dah
2013 1654 2610 1751 ninen hab sy gnommen ✳ und
2009 1712 2688 1804 wie er zu Eme khen sye haben
2006 1767 2682 1869 gsrochn sich ich hab die hosen
2011 1830 2630 1918 uff dem weg funden lieber
2024 1877 2650 1968 trag sy awenig aber ein klein
2030 1937 2610 2023 wyl hab er lùtt gsechen im
2025 1983 2657 2075 nach ilen do seit der bub
2027 2046 2583 2137 zu Em wirff die hosen
2014 2097 2609 2201 hinweg das heig er than
2006 2168 2726 2259 und die chosen hinweg gworffen
2030 2215 2648 2326 do sygnn die lütt zu in
2024 2274 2664 2381 bruder fette khommen e. und
2015 2339 2721 2443 in gfengklich angnomme daber
2038 2405 2721 2498 sm gsell hab gutt tutsch khon
2326 2458 2633 2548 dee sich geg
2029 2473 2330 2547 den dermass
2013 2501 2736 2607 ennen dersproch das sy in allem
2013 2559 2754 2667 gfang ghopt  und zu demen
2054 2631 2189 2714 der bub
