4032 3024
1136 286 1853 445 in thun noch den vtzit geben wöllen.
1112 333 1850 480 Deßhalb er Ira tröuwe vnwer
1168 402 1851 542 zenänsen da sie im geantean
1150 459 1861 606 es wurd im nitt und wol gehet
1153 521 1831 641 vas er gwindt ✳ alls im
1150 568 1849 705 dimit zwäreen lise er uffsland
1153 630 1857 761 zu ander sinen frunden nam¬
1165 685 1830 806 sich gan uttendorff unnd an¬
1159 747 1759 849 derstwo sin ✳ gang unnd
1187 806 1831 921 glicher gstallt zuen sin node
1173 884 1826 970 zu verstan gebe unnd ertwan
1179 924 1781 1034 ein in oder vierkronen
1176 981 1834 1083 pittlich ankert, die Im ouch
1172 1057 1787 1157 nützit hellff wöllen etc.
1180 1109 1821 1217 daruff, als er gsach das gar
1190 1168 1841 1271 niemants sich sien erbarnsen
1189 1217 1815 1310 und im kollffen wöllen, habe
1183 1262 1832 1365 er dem Gurtzeler zu Utten.
1165 1322 1854 1429 dorff by welchem er scherberg
1171 1385 1767 1482 gsin uss einem wansell
1175 1439 1853 1545 ein spekell einfrömbdet, darinn
1172 1511 1798 1588 als man im anzeigt httwan
1153 1552 1729 1659 sy in bronen gwäsen e.
1165 1621 1853 1720 Da dannen er nachts ganthun
1166 1673 1774 1761 gangen in siner mutter huß
1158 1725 1808 1810 unnd in einer kamenn glag
1166 1773 1798 1871 dariin stus schwagers gantzer
1178 1828 1807 1935 schanget, welches er ouch gnomen
1165 1881 1770 1988 unnd gan kontting tragen
1164 1939 1846 2049 daselbst einem frömbden gstellen
1188 1998 1738 2094 wüß nit wie er heisse und
1223 2038 1742 2140 kronen verkaufft, aber
1214 2105 1818 2191 dasselbig zelesen ime 8 tag
1216 2155 1470 2228 zub vorbhallt.
1464 2161 1843 2249 ✳ unnd demnach
1212 2204 1791 2297 ys er gan gische konen und
1203 2240 1824 2338 einer schwöster anzeigt wie und
1140 2287 1767 2385 wo des bantzer versetzt, man
1192 2322 1815 2466 sölles lösen das ouch bschechen.
1218 2389 1808 2492 dann das bantzer widerum
1313 2430 1503 2481 pudsin shr
1193 2427 1691 2526 glosst worde dervnchn
2569 329 2634 374 60
1972 342 2591 469 des wendell gsellen halb mit
1978 441 2554 522 dem bundttl ✳ als man inn
1980 472 2620 557 anzogen wie er inn angfallen und
1972 521 2553 615 mit im solle ghandlet haben
1970 572 2628 666 hat er der leuge nach allso anzeigt
1970 634 2600 755 Alls er huser mit dem santzer
1951 687 2627 796 gan kouttingen komen unnd den¬
1981 762 2631 857 selben gsellen im wirshuß funden
1961 824 2601 919 habent sy sich zusamen gsetzt
1951 884 2640 969 unnd anfach₎n zmorgn essen bald
1958 939 2595 1025 der wirt uff dem holtz komen
1961 992 2583 1079 der sye zu iuengsessen unnd
1955 1049 2546 1133 wie der wirt gsache das Vnster
1959 1098 2631 1186 allein ein sthürlitz wansel anhätt
1947 1146 2622 1230 dann im sinlädergöller zu Lut
1940 1200 2605 1293 wisl zerzert worden) seidte es der
1952 1254 2619 1342 gsell hett ein läderrock kauff
1951 1315 2576 1395 Im den ab, welches erhuser
1955 1358 2650 1450 than unnd in 2i batz₎ allso bar
1961 1416 2603 1497 darum bezallt, glich gäbnit sy
1958 1461 2530 1535 sid am wamsell ouch tusther
1961 1518 2612 1597 unser dem andern sin schürlitz wann
1976 1563 2616 1640 soll geb und das gäl wannmist
1957 1602 2613 1689 so er jetz anhab andstatt gnonmen
1948 1651 2525 1748 wie synnn allso tuscher unnd
1960 1710 2572 1803 gmardtet, seidee der gsell zu
1947 1764 2559 1846 huser, wenn er gruwen wär
1946 1817 2591 1912 so wölle er inn lidig etc. uff
1943 1871 2553 1946 das Sezablie husermaßwin
1946 1918 2583 2000 lnnd zug sin läderrock und
1923 1974 2589 2049 wansell ab, gäb ii der ander
1949 2023 2609 2106 in gellt vnd wansel auch wider
2075 2073 2201 2122 alt. 11
1919 2080 2567 2162 in dem fageder wirt von inen
1926 2136 2559 2218 gang unnd si allem glasse
1924 2177 2559 2254 der sye ein frömbder Fregs
1938 2230 2625 2304 man zu inen komen, do in dessel
1925 2277 2605 2361 den gehenwürtigkheit erhuser,
1924 2326 2547 2403 dem gsellen das antzer in
1963 2370 2571 2445 krouen ✳ als obstat der koufft
1938 2416 2538 2504 dero erjunglich vernügt
