4032 3024
1172 332 1864 475 Dodem ist gfragt worde m dar her
1249 409 1883 531 ili Langhansen torhe b
1181 464 1749 584 don froy in Kanpaigne¬
1168 518 1818 655 hatt anzongt, Ir man heise
1176 593 1835 715 inlang vnd syet habe woll
1189 656 1779 781 acht jar zu Strasoburg
1196 721 1761 820 gediennet in d niwr
1197 778 1831 897 g herrnn land habe sy und
1207 840 1785 940 er man Ewey dar kolet
1191 902 1818 1030 und von der Parsch muntz
1193 970 1764 1072 habe sy wol zwey guldin
1224 1037 1751 1134 derthan. Brogt zekouff
1210 1096 1788 1194 vnd andere spiß vnd zu
1184 1161 1776 1256 Burgdorff habe ir erst in
1181 1219 1832 1318 Further hett anfarhen gemunthn
1191 1276 1842 1381 vnd do der meyster der Eren
1194 1335 1798 1445 man gelennet hatt syge so
1205 1400 1849 1498 iin gang habe er innen fùr
1202 1456 1842 1558 dry guldin der munth gelasen
1222 1516 1853 1616 und dryerley mùnt₎ eabent
1211 1573 1832 1670 sy gemacht halb sernn beth
1484 1629 1563 1682 nd
1240 1634 1851 1731 Gasee xen So loturner falb
1234 1697 1776 1780 brtch aber sy wüsse nit
1234 1747 1810 1836 deigentlich wie man sy mache.
1163 1851 1849 1941 uff zinstag dem 23 tag juni
1186 1905 1774 1989 Im pr. vnd li. dar presortibus
1237 1947 1860 2036 drian Boumgartter des
1196 2012 1848 2101 thats Wilhei Meyer Hans Otti
1211 2054 1861 2146 veid der Burgern Grosw.
1205 2112 1824 2213 Pastor sampt den weyblen
1217 2176 1835 2279 ist Fireien Langhansen tochter
1217 2215 1770 2330 zu Marstli gfragt g worden
1222 2283 1799 2379 hatt anhangt sy habung nit
1222 2319 1768 2444 Lenger triben die falsthe
1235 2368 1834 2492 munth zemachen den sid dem
1233 2417 1770 2531 burgdorffer marin vnd
1190 2465 1858 2613 habe Lange hitt zu frauwen
1234 2529 1628 2631 brunnen gediennet
1636 2572 1767 2656 dem
2010 341 2673 462 selbigen schmid alde kollen brent
1999 405 2654 514 Witter hatt sy anzeugt se sye
1994 475 2658 569 nitt Ir man sunders in knecht
1987 526 2662 619 wyse zu derkhommen. und zwey
1976 574 2647 668 jar by ira gsin ✳ und haben
1961 635 2643 726 enst yrth well zekilch gan ✳ dar¬
1963 685 2641 793 zu so habent Ir man das model
1971 745 2660 843 nitt gmacht, sunder der so 4 das
1951 808 2575 896 handtwerck glertt ✳ hab im das
1974 860 2691 942 moder gmacht und im gelassn
2122 916 2186 951 blie
1976 906 2692 995 Vnd die Lutt Eabint wol gseit
1965 965 2643 1056 Er man sye ein odelman aber
1976 1020 2644 1107 sy wusser daßelbig nit aber sy
1963 1088 2641 1162 hab im wol geholffn die munth
1980 1122 2620 1208 machn sige ira mechtig lyd₎
1965 1164 2679 1259 und bittet uch nin herrnn um̄ gnad
1953 1223 2398 1316 ist getumlet worden
1963 1298 2636 1412 Watter ist Anthom doman
2005 1372 2651 1459 von tvoy in champaigne ✳ auch
2009 1426 2668 1512 zu Marsily gfragt worden hatt
1994 1475 2715 1567 anzougt er sye wol ein Edellma
2008 1528 2691 1614 aber die armen Edelman vnd
2010 1582 2705 1685 das sye die Vrsach, das er vse
2010 1632 2647 1734 sen land zog sye uff ein
2007 1703 2655 1785 hytt habe er din Edelman
2009 1749 2613 1844 gediennet auch zu Trey im
2004 1801 2671 1894 Champtignnd₎ do syge er des¬
2000 1863 2631 1949 olbig edelmans frouw ime
1997 1916 2639 2009 iiner dar nach gang₎ desshalb
2006 1972 2595 2059 sy zn schier zu der Liebe
2021 2001 2725 2110 gezwungen habe, do habe dieselbige
1999 2069 2722 2166 frouw ein gross gschlecht ✳ und vol
2015 2124 2629 2207 bruder, die syginn desselbigen
2018 2170 2726 2260 jenen ward und ai hass uff
2036 2225 2660 2310 inne gleit d ime tromen
2017 2283 2742 2378 zetoden ✳ und uff sin lab₎ gstelt
2008 2337 2647 2425 das habe in usz sin land
2007 2368 2703 2480 bracht vnd derselbige frouw
2001 2434 2733 2541 man werde gnemppt monst oder wine
