4032 3024
1142 386 1804 491 derloren stuch₎ wöllen unnd
1134 448 1790 552 ußhalb sine herren für inn
1129 506 1774 604 gschriben, hab er vermeint
1135 569 1796 679 nungherren wurdent sy nit
1130 621 1795 734 endteheren unnd inn ir pitt
1114 672 1771 789 gniessen lassen und dörffe
1137 739 1690 830 daruff wol Inhar khon
1158 784 1762 881 und siye ouch allso infar
1130 848 1702 958 gang sin kind zestuch
1124 908 1782 992 vermeint es söllt im mit
1114 969 1792 1060 saden, habe jetunder uff
1118 1012 1754 1102 lutzem zu gwollen und
1111 1079 1802 1167 lug ob er sin kind sener
1116 1135 1811 1232 ankomen möchte, I dem
1128 1193 1779 1286 iie er spang pitter ein
1134 1243 1837 1355 gnad woll fürhin sich redlich
1130 1312 1839 1401 hallten wie ein fromer gerner
1129 1361 1833 1446 der Er Ouch von seinen eltern
1154 1425 1800 1526 und vordern far, siyec.
1133 1488 1794 1590 siner frouwen halb ✳ hat er
1114 1550 1736 1653 fürgeben erhandle mit
1121 1599 1817 1690 unzimlichs mit ira schlache sty
1128 1660 1805 1756 meiner sey vdiene es dann
1127 1713 1790 1806 dann sy kinbosz mul habe
1135 1769 1798 1853 er trouw Ira Ouch mit vnnd
1132 1816 1818 1896 Ira ine trömwe dann wann er
1165 1863 1826 1960 w funden da er sey nit finden
1156 1915 1846 2016 ollie dörfft stis niemans anders
1498 1969 1806 2049 der trönwor
1155 1977 1365 2069 zelicheen
1180 2025 1850 2119 halb so er über zu diebolden
1193 2081 1836 2160 den erlach und den vogt
1148 2123 1865 2218 Schoren soll dhaben ußzganlas
1683 2180 1778 2275 I
1167 2180 1649 2284 Ist gar mit bekantlich
1175 2203 1836 2328 gstelis gsellschafft vnnd ander
1164 2292 1803 2382 Döser stuck₎ halb ouch mit
1163 2331 1770 2433 spricht, das er den yseli mi
1171 2398 1790 2498 kont noch im solliche laster
1181 2456 1850 2556 nit in stin gnüt komen styent
2561 312 2639 391 111.
1928 362 2590 515 mitwuchen 20 julii vsennbus her
1942 420 2644 588 fisters des Vhats vnd des groß¬
1944 523 2537 631 Weibel pasters zu Marstili
1931 588 2597 695 in dem undern stübli annili
1929 655 2530 767 Birgkli von Biel Steffan
1937 714 2514 828 Hüpschen feunds befrauw
1930 786 2636 893 hat anzeigt als bemelter
1933 844 2565 950 Ir Eeman vor ettlich Jaren
1925 885 2603 1010 die sösen blattern überkemen
1924 956 2619 1052 vnd sich zu siel artzuen lassen
1931 1016 2571 1116 habe sy ime vorgan müssen
1928 1077 2619 1169 und in dem als sey sy im wonte
1932 1133 2619 1225 und grosschwanger grengen uber
1910 1191 2566 1288 kaie sey dis Leii inmassen
1934 1241 2579 1338 das sy nüt mer könt zusamen
1928 1301 2605 1388 trag und uberkomen, deßhalb
1941 1360 2547 1450 als siy vier kind byemanden
1924 1412 2619 1500 unnd grossen mangell hattent
1923 1460 2627 1562 hiesse ir man sey die zwey elnsten
1910 1521 2653 1621 ußschicken das allmussen zusamen
1922 1567 2638 1674 ztrag das stythan und inen buol
1939 1636 2654 1725 hen gan deri und solounn zegand
1961 1683 2573 1772 unnd dadannen widerum zu
1932 1725 2479 1800 inen gan biel zekenen
1919 1758 2549 1864 In dem als sy gan soloser
1934 1829 2560 1925 komen hab sie die grosse
1925 1880 2556 1973 wasser güsse vorhanden das die
1915 1932 2633 2033 nit wandlen möchtint sonnders sich
1910 1985 2619 2073 in dem spittal daselbst enthiellnnt
1909 2044 2646 2124 dawär e als Ira der budermeister
1928 2100 2557 2174 von solouwn mitnamen mart
1935 2158 2611 2238 Schaffer so noch da seze, anzeigt
1909 2183 2531 2284 Ein Jacobb Bruder sampt einer
1903 2239 2630 2319 frouwen, die zugint das kind zu inen
1915 2290 2613 2371 liebmit es und svid mit so es mit inen
1931 2349 2580 2424 wöllet zuge wöllmit sey es für ir
1927 2388 2646 2465 kind erzien und als sy nder dibnen
1942 2435 2593 2520 de tochter ouch zu Solouwe schept
1932 2479 2630 2576 fragt der Jacobs Bruder dieselbige
1955 2534 2630 2625 tochter darun und als die im nit
