4032 3024
1151 361 1845 477 doch Shöllie sey inn bißgegen
1158 411 1753 490 tag do seredie sü iun das sr
1453 463 1678 508 und sschwitete e
1701 476 1877 543 das egan
1178 470 1865 575 sich niderleidee, als der uordh nach
1168 526 1777 605 garbräch fiengen er anzuwütten
1172 565 1776 654 einden sey für das beth unnd
1175 618 1811 714 hätte inn in dem Khäm Ulli
1137 675 1803 743 vor der brädier zu inen wölles
1144 720 1774 804 inen hellff holtzschrott₎ ✳ glich
1159 762 1786 868 daruff kaine frantz der Rosß.
1156 830 1785 904 uschrer ouch, die erbät sy by im
1149 872 1741 953 zublyben unnd grüge sey
1171 916 1736 998 Hari in dstatt Rrichte iren
1154 965 1709 1042 bruder vnnd sin frouwen
1167 1007 1777 1087 als die kämint giengt frantz
1147 1053 1765 1133 widerumgenn, vnnd blibe
1159 1110 1798 1185 elli vor uff ir nitt noch ettwan
1166 1149 1741 1224 tag by men ir bendict
1157 1198 1730 1278 soltz dar der steinlouwer
1171 1242 1738 1332 stie ouch ettwan so lang by
1164 1294 1733 1377 inengekäsen. darzu seyen
1153 1345 1815 1443 Gilgian Herman der schnyder
1314 1394 1356 1429 It
1173 1396 1689 1473 er vetters suntag rag
1171 1450 1731 1523 unnd nacht byinen gsin
1176 1486 1777 1577 dann er Istchäppeller dentz
1187 1547 1773 1624 mal vil sträntiger stinwer
1173 1598 1674 1679 gätts wann andre mal
1162 1634 1778 1729 Item die ersten wuchen hab er ouch
1157 1687 1822 1778 fast gwunet unnd silager
1166 1737 1668 1826 alltag umal ghept ec.
1181 1804 1710 1893 Er hab ira anzeigt sin
1177 1857 1733 1939 branckheit gang inn an
1203 1895 1778 1984 zoupt an und durch einader
1194 1956 1614 2049 dem hertzen zu etc.
1141 2001 1763 2110 unnd sye dm allso wider
1431 2082 1725 2160 Namlich wie
1151 2084 1315 2165 faren
1169 2134 1740 2211 er durch den brängart₎n
1170 2174 1720 2261 ttar gegen das hochgricht
1167 2230 1766 2313 komen, do syent 3 warn
1181 2277 1767 2359 wind an inn zwäygt unnd
1158 2321 1788 2416 inmassen gruschen unnd rosser
1178 2377 1724 2472 als ob einer 3 hut nahar
1165 2435 1787 2522 schleipffte, Deßhalb er gott
1955 332 2675 445 satt₎ inn vor denen zebefutt₎ uff
1980 375 2678 499 das im mit bösers darnach volg
1975 425 2632 541 genthäwetc. nachdem habe er
1973 482 2562 590 die gschray ghört, die er nit
1969 528 2678 635 wüsse dheiein andern gschrey ze ver
1967 576 2634 698 glichenc. Bald wie er für das
1962 643 2655 752 hochzich uszhär uff das velld
1963 701 2668 802 kommen syen iro dr im hinden
1985 746 2643 846 nacher gfaren mi anderst dann
1967 804 2621 901 als ob sy mit starcken possen
1960 854 2631 943 ditint, dero ir einsr länger
1948 910 2646 994 unnd grösser dann der ander
1957 957 2583 1049 gsin, dieselben haben dun
1947 1013 2577 1091 ustellt ✳ unnd einer im
1959 1058 2595 1137 ein sockel₎ sott₎ darinn syye
1951 1103 2548 1186 gold unnd gellt, er alli
1951 1150 2558 1233 gott bätten inn zesplüttenn
1975 1201 2625 1292 daruff sey im anzeigt ergangen
1958 1251 2525 1337 on Armutwillen allso
1961 1295 2589 1385 einhär unnd so er sich einer
1963 1352 2571 1441 person verlougnen wöllie
1960 1409 2620 1490 so wölltent sty imen gold unnd
1962 1455 2589 1537 gellts gnug gan ✳ do habe er
1963 1508 2602 1573 inen glantwurt das verbiet
1957 1555 2598 1638 mir gott das ich wäder gold
1963 1608 2607 1687 midt nochgaben von Sichmanne
1943 1650 2620 1729 ict will wader uwers guis noch
1964 1696 2530 1769 dierspitzfündigkeit mit
1965 1727 2580 1818 unn gott der allmaͤchtig sehùt
1963 1786 2619 1864 mit doruff, sprächent sig gott
1978 1829 2605 1914 gättohnen nachglassen das sy inn
1970 1883 2590 1958 möchtnit anfärtten, antwurte er
1956 1926 2560 2008 Os gott schon inen nachglasste₎n
1953 1976 2561 2054 Inn anzfächen, so hätte er in
1944 2015 2579 2103 doch nit zuglassen um zeläber.
1950 2070 2578 2154 werden, daruff griffnit sti
1954 2116 2569 2197 gegen im do zuckte er unnd
1958 2165 2593 2248 wardie sich sidtnit sy wann
1957 2210 2614 2295 er sich so wol gottes eroste warun
1940 2263 2615 2341 er dann mit dem schwärdt fachte
1938 2293 2635 2387 Antwurte er gott hattgsprochen
1958 2356 2536 2433 mentsch hillff dir selb sso
1948 2403 2509 2486 will ich dir duch hellff
1969 2435 2546 2537 videmm sywischer das wollt
1975 2491 2622 2589 lich schwärdt wurd inn nüt hellffen
1995 2535 2563 2644 noch schirmen et Antwurre
