3024 4032
188 86 232 199 1
281 93 404 183 180.
806 177 1099 328 1648.
450 274 1537 565 großen guts sy von ihren Legats wys zuseben
446 355 809 477 haben werde.
425 442 1556 684 Ege also zu furm Schumachen Nehmens Jacob
438 552 1577 799 dr der vorstatt zu Besell vorhatft gaegen
456 638 1573 873 ihme der brieff angëben und guzestellen,
466 734 1571 949 bekohlen, den brieff zemachen, alß ob er von
460 822 1581 1045 dern von ihren schb Dachselhaffer an sy aß
490 922 1581 1104 zn Daser geschriben ware, darin er sy be¬
474 1029 1610 1216 richte, wie daß gott der her syn leebe schngen
474 1123 1599 1298 die frauw Bengglerin zu synen graden berufft
475 1225 1612 1409 dieselbige habe aber ein restament gemacht
472 1313 1610 1477 darin sy ihrgr vierbigthusent pfand pfh ihr
495 1411 1584 1577 huß by der insul ihr grose matten, sampt
483 1499 1568 1667 Einnn pferd vnd vier Khne, nach klich
486 1594 1625 1760 Inharten Acher uff dem Weld vergebet, wyl
499 1692 1628 1858 nun die Erben die Theilung angetretten,
517 1780 1631 1942 alß habe man ihren solich ihr eeget aß billich
526 1871 1630 2027 nebent sich gelegt und soliches ihme alß ihrem
502 1963 1613 2133 gegebnen vogt ubergeben, deß habe er sy
503 2064 1630 2250 hiemit berichten wöllen, damit sy sich alheo
524 2157 1569 2311 begelen vnd ihr gut selbs nuzen konne
508 2289 1622 2453 ist scheyber nun habe obgemelten schmmacher
527 2374 1611 2541 ordenlich verferbiget, selbiges in Ihrem
519 2446 1637 2663 bysn mit einem alten pntschwir, so er ghag
529 2544 1654 2720 und inein Duderwapen glych sicht) verpüt-
559 2633 1666 2818 chiert und uß ihrem bekeltch fürin Batlen
542 2712 1664 2943 ankh ubergeben, der selbiges zu ihrer frauwen
526 2824 1651 3038 haß, alß ob ser es tog Beri brachte, tregen
562 2895 1658 3139 solle, so auch beschechen. Alß nun daß scheyben
538 3003 1690 3231 der frauwen gegehendiget worden, habe sy gefahlen
531 3092 1677 3365 daß es nit an sy, sonder an ihr magt gestellt
579 3181 1673 3456 ge, Ihra es also geben wollen, Sy aber hate
572 3285 1657 3571 sich entschuldiget, sy könne nit laßen, die
563 3381 1669 3638 framw solle es nar vffthun vnd ihro vor¬
560 3473 1664 3750 en des se and e
1540 3631 1656 3734 daß
568 3574 1657 3865 und obgemeltem Jungling ihrem vattern
1567 385 1679 502 lies.
2037 248 2341 369 1643.
1701 250 2805 506 daß Scheyben In ihrem bysge zulesen geben.
1705 392 2800 587 Al sy nun daruß vernommen, daß sy ein so
1717 480 2826 705 groß helgcht belanget, habeit sy sich darab
1722 569 2853 754 gefrunderet und besturtzt und hernach nach
1731 659 2815 824 nitlen getrachtet, daß solich groß erbguht
1718 737 2475 912 Nach Basell kommen möchte.
1709 814 2831 1013 habe also der jnngling kein zyt verlahren,
1726 889 2878 1076 sonderen by sich selbs betrachtet, wyl syn vatter
1719 970 2835 1165 veemitlest furer Panguerorte umb daß
1719 1047 2902 1281 sie gekomen und er schlechten glauben und geringe
1738 1156 2822 1316 entel zu Basell mehr habe, alß ware
1740 1237 2856 1407 ist iber ein gschik für ihn, ihne widerumb
1751 1332 2866 1535 zu guten michtlen zebring, se also zu syner
1754 1415 2917 1574 sand gengen, denselben diße froliche petschafft
1737 1507 2912 1693 angekeüt und dero Sahats darüber gepflegt,
1728 1589 2894 1762 dlß nun dieselbhn befudn, daß ihrem jungen
1745 1686 2827 1832 und von allen mitlen desanten vetteren
1751 1793 2896 1931 widerumb zuweg geholffen werden möchte, habe
1755 1862 2903 2008 Er sich by ihre alsobald ganz zu dappisch
1763 1955 2879 2101 gemacht, by ihre mit vil courteheren
1721 2049 2951 2197 deßen es doch nit vornöhten war, obglychwohl
1745 2117 2972 2283 bonne nine gehalten umb die ehe angehalten
1753 2224 2893 2369 die y dan ihme (alß die da anders mit
1765 2319 2872 2469 gesicht) uf gefallen ihrer herr frinden und
1769 2413 2877 2576 verrenten iub falso titulo) versprochen
1725 2512 2893 2676 Dauff ein habe der gute Zneyling vnd
1768 2636 2904 2777 vermeinte syche man. sy alsobald zierlich
1773 2709 2923 2870 beklegden, sy auch ihme ein Schonen Ladernen
1783 2810 2966 2995 yb und andere ingehörd eß reciproce fet
1784 2900 2906 3060 lehntem gelt) machl laßen und also mit
1792 2981 2984 3193 Einanderen ahero vff die Erbschafft geritten,
1777 3065 2959 3309 da aß y ihrer erbschafft shor für endt ge
1794 3181 2956 3385 sechen und der gute fanfalte Juegling, hin
1778 3234 2956 3482 vnd wider gar schlechte speranh zu großer
1758 3340 2947 3572 sizgstumb erpfangen, habe sy zwar der
1781 3471 2933 3705 glschen than und gesagt, sy wolle zu ihrene
2746 3685 2885 3811 hern
2861 180 2969 277 181.
