<?xml version="1.0" encoding="UTF-8" standalone="yes"?>
<PcGts xmlns="http://schema.primaresearch.org/PAGE/gts/pagecontent/2013-07-15" xmlns:xsi="http://www.w3.org/2001/XMLSchema-instance" xsi:schemaLocation="http://schema.primaresearch.org/PAGE/gts/pagecontent/2013-07-15 http://schema.primaresearch.org/PAGE/gts/pagecontent/2013-07-15/pagecontent.xsd">
    <Metadata>
        <Creator>prov=University of Rostock/Institute of Mathematics/CITlab|PLANET AI GmbH/Gundram Leifert/gundram.leifert@planet-ai.de:name=German_Kurrent_XVI-XVIII_M1(htr_id=19584)::::v=2.6.7
prov=University of Rostock/Institute of Mathematics/CITlab|PLANET AI GmbH/Tobias Gruening/tobias.gruening@planet-ai.de:name=de.uros.citlab.module.baseline2polygon.B2PSeamMultiOriented:v=2.6.7
prov=University of Rostock/Institute of Mathematics/CITlab|PLANET AI GmbH/Gundram Leifert/gundram.leifert@planet-ai.de:name=German_Kurrent_XIX_comb-Huber_M2(htr_id=23847)::::v=2.6.6
prov=University of Rostock/Institute of Mathematics/CITlab|PLANET AI GmbH/Tobias Gruening/tobias.gruening@planet-ai.de:name=de.uros.citlab.module.baseline2polygon.B2PSeamMultiOriented:v=2.6.6
prov=University of Rostock/Institute of Mathematics/CITlab|PLANET AI GmbH/Tobias Gruening/tobias.gruening@planet-ai.de:name=/net_tf/LA73_249_0mod360.pb:de.uros.citlab.segmentation.CITlab_LA_ML:v=2.6.6
Transkribus</Creator>
        <Created>2020-10-05T12:43:12.078+02:00</Created>
        <LastChange>2022-09-09T16:32:35.628+02:00</LastChange>
        <TranskribusMetadata docId="1334822" pageId="52360182" pageNr="39" tsid="114641941" status="IN_PROGRESS" userId="9570" imgUrl="https://files.transkribus.eu/Get?id=ULXBYENOSEZRDMOKIDSWQCNJ&amp;fileType=view" xmlUrl="https://files.transkribus.eu/Get?id=TUSSMHVWQDETQDMSEKBWEGYG" imageId="16049060"/>
    </Metadata>
    <Page imageFilename="IMG_3549.jpeg" imageWidth="3024" imageHeight="4032">
        <ReadingOrder>
            <OrderedGroup id="ro_1687513762028" caption="Regions reading order">
                <RegionRefIndexed index="0" regionRef="r1"/>
                <RegionRefIndexed index="1" regionRef="r2"/>
                <RegionRefIndexed index="2" regionRef="r3"/>
                <RegionRefIndexed index="3" regionRef="r4"/>
                <RegionRefIndexed index="4" regionRef="r5"/>
                <RegionRefIndexed index="5" regionRef="r6"/>
            </OrderedGroup>
        </ReadingOrder>
        <TextRegion orientation="0.0" id="r1" custom="readingOrder {index:0;}">
            <Coords points="252,97 252,250 336,250 336,97"/>
            <TextLine id="r1l1" custom="readingOrder {index:0;}">
                <Coords points="243,218 260,218 272,208 279,208 283,213 296,208 312,210 334,199 343,199 345,147 328,148 312,163 286,156 272,163 263,157 245,158"/>
                <Baseline points="252,197 280,197 308,197 336,200"/>
                <TextEquiv>
                    <Unicode>40</Unicode>
                </TextEquiv>
            </TextLine>
            <TextEquiv>
                <Unicode>40</Unicode>
            </TextEquiv>
        </TextRegion>
        <TextRegion orientation="0.0" id="r2" custom="readingOrder {index:1;}">
            <Coords points="317,226 317,3660 1584,3660 1584,226"/>
            <TextLine id="r2l1" custom="readingOrder {index:0;}">
                <Coords points="788,286 835,274 871,302 887,297 901,308 935,291 959,314 1016,302 1035,318 1051,312 1057,248 1023,260 989,219 958,223 895,182 838,214 795,211"/>
                <Baseline points="798,263 825,266 853,268 880,271 908,274 935,277 963,279 990,281 1018,285 1046,288"/>
                <TextEquiv>
                    <Unicode>1642.</Unicode>
                </TextEquiv>
            </TextLine>
            <TextLine id="r2l2" custom="readingOrder {index:1;}">
                <Coords points="369,388 416,431 500,392 811,447 903,404 1300,492 1378,465 1489,546 1497,455 1448,422 1301,423 941,295 872,337 706,283 376,314"/>
                <Baseline points="378,377 433,382 488,386 544,389 599,392 654,394 710,395 765,398 820,400 876,402 931,404 986,408 1042,413 1097,418 1152,425 1208,433 1263,444 1318,455 1374,470 1429,485 1485,504"/>
                <TextEquiv>
                    <Unicode>sagt, so bald y ahrei der banden ledig worden</Unicode>
                </TextEquiv>
            </TextLine>
            <TextLine id="r2l3" custom="readingOrder {index:2;}">
                <Coords points="1463,443 1476,443 1504,456 1509,452 1518,459 1522,454 1529,459 1546,446 1573,454 1595,447 1587,375 1557,368 1532,389 1507,372 1456,373"/>
                <Baseline points="1469,422 1497,422 1526,418 1555,414 1584,411"/>
                <TextEquiv>
                    <Unicode>Aus.</Unicode>
                </TextEquiv>
            </TextLine>
            <TextLine id="r2l4" custom="readingOrder {index:3;} place {offset:17; length:13;}">
                <Coords points="379,505 439,475 487,514 650,488 770,546 830,506 888,541 967,510 1249,557 1319,528 1451,583 1478,543 1378,465 1227,497 1082,424 1023,471 897,421 710,448 629,398 385,422"/>
                <Baseline points="389,465 443,470 497,473 551,476 605,477 659,479 713,480 767,482 821,483 875,485 929,486 983,489 1037,492 1091,497 1145,503 1199,509 1253,517 1307,528 1361,539 1415,552 1469,569"/>
                <TextEquiv>
                    <Unicode>habe sich iu das friburggepiet zu einem iheer</Unicode>
                </TextEquiv>
            </TextLine>
            <TextLine id="r2l5" custom="readingOrder {index:4;}">
                <Coords points="351,623 524,576 766,620 855,586 894,621 946,579 1069,626 1200,599 1255,643 1305,606 1456,690 1495,687 1499,633 1373,551 1329,585 821,512 769,547 650,487 603,526 520,492 358,526"/>
                <Baseline points="363,563 419,565 475,567 532,569 588,570 644,570 701,572 757,573 813,573 870,575 926,577 982,579 1039,582 1095,587 1151,592 1208,600 1264,606 1320,617 1377,629 1433,642 1490,659"/>
                <TextEquiv>
                    <Unicode>gebätterten begeben, da sy sich dan etlich v</Unicode>
                </TextEquiv>
            </TextLine>
            <TextLine id="r2l6" custom="readingOrder {index:5;}">
                <Coords points="360,665 602,702 788,672 865,718 1122,703 1172,741 1243,716 1495,798 1502,686 1376,638 1273,659 1204,604 914,632 855,587 762,627 720,587 623,611 569,576 364,613"/>
                <Baseline points="369,654 425,657 481,659 537,660 593,662 649,663 705,665 761,665 817,667 873,668 930,671 986,673 1042,677 1098,681 1154,685 1210,692 1266,698 1322,706 1378,716 1434,727 1491,740"/>
                <TextEquiv>
                    <Unicode>uffgehalten und er ihr gvatter ihrem kind</Unicode>
                </TextEquiv>
            </TextLine>
            <TextLine id="r2l7" custom="readingOrder {index:6;}">
                <Coords points="350,776 480,744 911,763 972,797 1040,770 1129,833 1225,794 1471,851 1492,797 1340,729 1045,738 989,697 898,729 816,686 747,724 627,682 354,708"/>
                <Baseline points="360,743 416,745 472,747 528,748 584,750 640,751 696,753 752,755 808,756 864,758 921,761 977,764 1033,767 1089,771 1145,776 1201,782 1257,789 1313,795 1369,805 1425,814 1482,825"/>
                <TextEquiv>
                    <Unicode>ein gottenrockli mache laßen, von dannen</Unicode>
                </TextEquiv>
            </TextLine>
            <TextLine id="r2l8" custom="readingOrder {index:7;} place {offset:17; length:9;}">
                <Coords points="369,863 482,903 734,851 826,913 928,858 1227,877 1313,941 1405,948 1495,916 1498,860 1401,819 1302,839 1207,801 1122,838 942,769 828,800 778,764 374,779"/>
                <Baseline points="378,831 433,834 489,837 544,839 600,841 655,843 711,844 766,845 822,848 877,849 933,851 988,854 1044,857 1099,860 1155,864 1210,869 1266,874 1321,880 1377,888 1432,895 1488,905"/>
                <TextEquiv>
                    <Unicode>hab sy sich nach Roßfuhren gemacht daselbstee</Unicode>
                </TextEquiv>
            </TextLine>
            <TextLine id="r2l9" custom="readingOrder {index:8;}">
                <Coords points="375,966 457,989 557,931 599,970 668,925 1085,992 1141,951 1434,1027 1488,1017 1493,915 1389,948 1165,889 1007,919 933,858 827,911 755,865 475,904 380,857"/>
                <Baseline points="384,926 438,926 493,927 548,929 603,929 658,930 713,932 768,933 823,934 878,935 933,938 987,940 1042,942 1097,945 1152,949 1207,954 1262,958 1317,964 1372,970 1427,979 1482,986"/>
                <TextEquiv>
                    <Unicode>thag gang einem paren gesammnen, alß</Unicode>
                </TextEquiv>
            </TextLine>
            <TextLine id="r2l10" custom="readingOrder {index:9;}">
                <Coords points="374,1026 593,1018 709,1068 758,1031 798,1070 1011,1023 1159,1095 1235,1043 1332,1045 1484,1111 1488,1016 1409,1025 1313,972 376,969"/>
                <Baseline points="381,1017 435,1019 490,1020 545,1020 600,1020 655,1022 710,1022 765,1023 820,1023 875,1025 930,1026 984,1028 1039,1030 1094,1033 1149,1035 1204,1040 1259,1044 1314,1050 1369,1056 1424,1063 1479,1071"/>
                <TextEquiv>
                    <Unicode>an anderen ehethen und sich also mit ehrlichen</Unicode>
                </TextEquiv>
            </TextLine>
            <TextLine id="r2l11" custom="readingOrder {index:10;}">
                <Coords points="388,1134 564,1106 649,1153 816,1115 1093,1162 1225,1127 1505,1203 1509,1116 1361,1049 1235,1043 1159,1095 979,1046 797,1070 758,1031 635,1081 546,1032 391,1048"/>
                <Baseline points="396,1107 451,1109 506,1110 561,1110 616,1111 671,1112 726,1112 782,1112 837,1113 892,1113 947,1115 1002,1116 1057,1118 1112,1121 1168,1125 1223,1129 1278,1134 1333,1140 1388,1146 1443,1154 1499,1164"/>
                <TextEquiv>
                    <Unicode>erbeit erhalten und diser tagen fer ehrheym</Unicode>
                </TextEquiv>
            </TextLine>
            <TextLine id="r2l12" custom="readingOrder {index:11;} place {offset:26; length:6;}">
                <Coords points="390,1214 525,1203 627,1263 717,1206 823,1251 890,1212 1114,1226 1230,1280 1354,1229 1486,1246 1488,1189 1176,1182 1127,1136 1054,1190 946,1126 792,1122 718,1166 574,1113 526,1151 393,1139"/>
                <Baseline points="398,1196 452,1196 506,1196 560,1197 614,1197 668,1197 722,1199 776,1199 830,1200 884,1202 938,1203 992,1205 1046,1207 1100,1209 1154,1212 1208,1216 1262,1220 1316,1223 1370,1227 1424,1232 1479,1238"/>
                <TextEquiv>
                    <Unicode>widerkehren möllen und zu Biggen by einer</Unicode>
                </TextEquiv>
            </TextLine>
            <TextLine id="r2l13" custom="readingOrder {index:12;}">
                <Coords points="387,1308 459,1295 515,1341 596,1286 684,1345 831,1297 923,1363 1026,1370 1159,1299 1316,1360 1445,1331 1489,1370 1506,1243 1227,1279 976,1219 628,1263 514,1213 390,1251"/>
                <Baseline points="396,1281 450,1283 505,1284 560,1287 615,1287 670,1289 725,1290 780,1290 835,1292 890,1293 945,1295 999,1296 1054,1298 1109,1301 1164,1304 1219,1307 1274,1313 1329,1317 1384,1323 1439,1330 1494,1337"/>
                <TextEquiv>
                    <Unicode>mittfrauwen ubernacht gsin, da syge sy ee</Unicode>
                </TextEquiv>
            </TextLine>
            <TextLine id="r2l14" custom="readingOrder {index:13;}">
                <Coords points="386,1404 1044,1394 1260,1457 1318,1420 1369,1463 1487,1465 1491,1368 1295,1359 1197,1304 1025,1371 841,1357 766,1311 683,1346 582,1295 514,1342 484,1311 389,1333"/>
                <Baseline points="396,1371 450,1373 504,1376 558,1377 613,1379 667,1380 721,1382 776,1382 830,1383 884,1385 939,1386 993,1388 1047,1391 1101,1392 1156,1395 1210,1398 1264,1403 1319,1407 1373,1412 1427,1418 1482,1425"/>
                <TextEquiv>
                    <Unicode>nebent 3 andern so auch dot vbernacht ge¬</Unicode>
                </TextEquiv>
            </TextLine>
            <TextLine id="r2l15" custom="readingOrder {index:14;}">
                <Coords points="400,1499 548,1482 590,1524 676,1475 843,1524 923,1480 1118,1494 1214,1543 1257,1513 1483,1540 1485,1467 1051,1402 979,1453 901,1392 835,1424 747,1391 677,1435 402,1410"/>
                <Baseline points="408,1463 461,1466 514,1468 568,1470 621,1473 675,1475 728,1476 781,1478 835,1479 888,1480 942,1481 995,1482 1048,1484 1102,1485 1155,1487 1209,1487 1262,1490 1315,1491 1369,1493 1422,1496 1476,1499"/>
                <TextEquiv>
                    <Unicode>lagen,, ohne das sy hemnants einiches leyd zu¬</Unicode>
                </TextEquiv>
            </TextLine>
            <TextLine id="r2l16" custom="readingOrder {index:15;}">
                <Coords points="387,1596 723,1571 860,1626 1202,1579 1251,1622 1427,1574 1486,1607 1487,1552 1368,1519 1187,1548 1040,1511 963,1546 902,1488 800,1536 698,1477 594,1526 552,1487 389,1493"/>
                <Baseline points="396,1554 450,1557 504,1560 558,1563 612,1565 666,1566 720,1568 775,1569 829,1569 883,1571 937,1571 991,1572 1045,1572 1099,1572 1154,1572 1208,1574 1262,1574 1316,1574 1370,1575 1424,1576 1479,1577"/>
                <TextEquiv>
                    <Unicode>gefügt habind gefangen genomen und alher</Unicode>
                </TextEquiv>
            </TextLine>
            <TextLine id="r2l17" custom="readingOrder {index:16;}">
                <Coords points="396,1691 658,1658 751,1698 876,1669 965,1697 1102,1662 1258,1720 1351,1679 1413,1726 1477,1687 1478,1601 1305,1588 1249,1621 1200,1579 1070,1631 1011,1599 855,1629 490,1570 397,1611"/>
                <Baseline points="405,1646 458,1648 511,1650 564,1652 618,1653 671,1655 724,1656 777,1656 831,1656 884,1658 937,1658 990,1658 1044,1658 1097,1659 1150,1659 1203,1661 1257,1661 1310,1662 1363,1663 1416,1665 1470,1667"/>
                <TextEquiv>
                    <Unicode>geführt worden, habe aber nüt bäses sithar</Unicode>
                </TextEquiv>
            </TextLine>
            <TextLine id="r2l18" custom="readingOrder {index:17;}">
                <Coords points="394,1747 747,1776 795,1741 907,1801 966,1762 1230,1789 1319,1760 1386,1810 1444,1784 1444,1730 1354,1683 1223,1725 1082,1681 928,1720 876,1670 802,1713 395,1696"/>
                <Baseline points="402,1743 453,1742 505,1742 557,1740 609,1740 660,1740 712,1740 764,1740 816,1740 867,1742 919,1742 971,1743 1023,1743 1074,1745 1126,1746 1178,1748 1230,1748 1281,1750 1333,1751 1385,1752 1437,1754"/>
                <TextEquiv>
                    <Unicode>verbringen helffen, pette hiemit rus</Unicode>
                </TextEquiv>
            </TextLine>
            <TextLine id="r2l19" custom="readingOrder {index:18;}">
                <Coords points="385,1873 467,1857 519,1888 602,1847 783,1843 837,1877 931,1881 991,1844 1157,1840 1157,1789 1051,1803 965,1761 913,1801 848,1751 753,1794 556,1746 513,1778 386,1766"/>
                <Baseline points="393,1832 430,1832 468,1830 506,1830 544,1830 582,1829 619,1829 657,1829 695,1828 733,1827 771,1827 808,1827 846,1827 884,1827 922,1828 960,1829 997,1830 1035,1832 1073,1833 1111,1836 1149,1838"/>
                <TextEquiv>
                    <Unicode>vmb gnädige Erlaßung</Unicode>
                </TextEquiv>
            </TextLine>
            <TextLine id="r2l20" custom="readingOrder {index:19;}">
                <Coords points="355,1951 415,1918 832,1952 876,1913 1214,1907 1501,1942 1500,1880 1403,1842 1213,1829 782,1890 566,1862 498,1902 354,1842"/>
                <Baseline points="362,1922 418,1922 475,1920 531,1920 588,1920 644,1920 701,1919 757,1919 814,1919 870,1917 927,1917 984,1917 1040,1916 1097,1914 1153,1914 1210,1913 1266,1912 1323,1910 1379,1908 1436,1907 1493,1905"/>
                <TextEquiv>
                    <Unicode>Ist der 3. jan 1642 by der nuwenstrecki mit betrougen</Unicode>
                </TextEquiv>
            </TextLine>
            <TextLine id="r2l21" custom="readingOrder {index:20;} place {offset:14; length:5;} person {offset:22; length:14;}">
                <Coords points="363,1995 803,2023 1028,1978 1072,2009 1110,1978 1473,1997 1485,1937 1215,1907 840,1952 362,1942"/>
                <Baseline points="371,1985 426,1985 481,1985 537,1985 592,1985 647,1984 703,1983 758,1982 813,1982 869,1980 924,1979 979,1977 1035,1977 1090,1976 1145,1974 1201,1973 1256,1973 1311,1971 1367,1971 1422,1971 1478,1971"/>
                <TextEquiv>
                    <Unicode>der marter zu Bysyo h Damid Msellers vom kleinen</Unicode>
                </TextEquiv>
            </TextLine>
            <TextLine id="r2l22" custom="readingOrder {index:21;} place {offset:28; length:13;}">
                <Coords points="350,2074 662,2046 1248,2077 1300,2042 1466,2049 1466,1993 802,2023 699,1992 647,2034 502,1992 348,2003"/>
                <Baseline points="357,2057 412,2055 467,2054 522,2054 577,2053 632,2052 687,2052 743,2051 798,2049 853,2049 908,2048 963,2046 1018,2045 1073,2044 1129,2042 1184,2040 1239,2038 1294,2036 1349,2033 1404,2030 1460,2027"/>
                <TextEquiv>
                    <Unicode>fr fraes von Goeßsetten von großen schatt und </Unicode>
                </TextEquiv>
            </TextLine>
            <TextLine id="r2l23" custom="readingOrder {index:22;}">
                <Coords points="345,2184 688,2110 752,2139 1469,2100 1433,2036 1256,2082 1220,2052 342,2081"/>
                <Baseline points="351,2133 406,2130 461,2126 517,2123 572,2120 628,2117 683,2116 739,2115 794,2114 850,2112 905,2111 960,2111 1016,2109 1071,2108 1127,2106 1182,2105 1238,2103 1293,2100 1349,2097 1404,2094 1460,2090"/>
                <TextEquiv>
                    <Unicode>Gro�weibell weebers excamnint worden, aber nüt</Unicode>
                </TextEquiv>
            </TextLine>
            <TextLine id="r2l24" custom="readingOrder {index:23;}">
                <Coords points="374,2194 1472,2170 1479,2112 717,2157 642,2117 373,2167"/>
                <Baseline points="381,2189 435,2187 490,2184 544,2183 599,2180 653,2178 708,2177 762,2175 817,2174 871,2172 926,2171 981,2169 1035,2168 1090,2166 1144,2165 1199,2163 1253,2161 1308,2159 1362,2157 1417,2155 1472,2153"/>
                <TextEquiv>
                    <Unicode>wgrers bekannen wollen ist so erchmahle mit einer</Unicode>
                </TextEquiv>
            </TextLine>
            <TextLine id="r2l25" custom="readingOrder {index:24;}">
                <Coords points="373,2283 469,2288 567,2237 649,2260 728,2232 838,2279 924,2247 1042,2268 1117,2214 1442,2230 1416,2156 926,2206 855,2172 370,2206"/>
                <Baseline points="380,2243 432,2243 485,2241 537,2240 590,2237 643,2235 695,2234 748,2232 801,2230 853,2228 906,2226 959,2223 1011,2221 1064,2219 1117,2217 1169,2215 1222,2213 1275,2211 1327,2208 1380,2206 1433,2204"/>
                <TextEquiv>
                    <Unicode>strangen centuri, er ihr beneat gewisen worden.</Unicode>
                </TextEquiv>
            </TextLine>
            <TextLine id="r2l26" custom="readingOrder {index:25;} person {offset:0; length:17; continued:true;}">
                <Coords points="652,2379 730,2349 955,2372 993,2337 1039,2365 1107,2344 1204,2369 1285,2328 1399,2342 1406,2236 1299,2226 1200,2302 766,2291 723,2323 650,2285"/>
                <Baseline points="659,2349 696,2348 733,2347 770,2346 807,2345 844,2345 881,2345 918,2344 955,2343 992,2343 1029,2343 1066,2342 1103,2342 1140,2340 1177,2340 1214,2339 1251,2337 1288,2336 1325,2334 1362,2331 1400,2328"/>
                <TextEquiv>
                    <Unicode>Derena Tanner Vor</Unicode>
                </TextEquiv>
            </TextLine>
            <TextLine id="r2l27" custom="readingOrder {index:26;} person {offset:0; length:9; continued:true;}">
                <Coords points="759,2428 1037,2481 1131,2447 1205,2469 1468,2451 1462,2322 1426,2311 1355,2376 1302,2383 1103,2344 1001,2398 938,2377 910,2403 822,2351 757,2390"/>
                <Baseline points="767,2423 801,2424 836,2424 870,2423 905,2423 939,2423 974,2421 1008,2420 1043,2420 1077,2418 1112,2417 1146,2414 1181,2412 1215,2411 1250,2408 1284,2407 1319,2405 1353,2403 1388,2400 1422,2397 1457,2396"/>
                <TextEquiv>
                    <Unicode>LannsWeyl Selothernespits</Unicode>
                </TextEquiv>
            </TextLine>
            <TextLine id="r2l28" custom="readingOrder {index:27;}">
                <Coords points="311,2656 471,2620 739,2663 966,2591 1149,2644 1470,2563 1467,2486 1044,2564 894,2494 758,2499 527,2582 390,2496 304,2503"/>
                <Baseline points="317,2612 374,2612 431,2612 488,2610 546,2610 603,2609 660,2607 718,2604 775,2603 832,2600 890,2597 947,2594 1004,2591 1061,2588 1119,2585 1176,2581 1233,2577 1291,2573 1348,2570 1405,2566 1463,2564"/>
                <TextEquiv>
                    <Unicode>Ebenmeßig ist disere verrichenen Martin</Unicode>
                </TextEquiv>
            </TextLine>
            <TextLine id="r2l29" custom="readingOrder {index:28;}">
                <Coords points="357,2741 676,2743 828,2681 979,2681 1058,2723 1160,2674 1224,2715 1330,2668 1390,2701 1466,2642 1378,2569 1149,2644 648,2646 556,2678 480,2621 351,2642"/>
                <Baseline points="363,2712 417,2709 472,2706 527,2703 582,2699 636,2697 691,2693 746,2690 801,2686 855,2682 910,2680 965,2676 1020,2673 1074,2669 1129,2666 1184,2662 1239,2658 1293,2654 1348,2651 1403,2648 1458,2643"/>
                <TextEquiv>
                    <Unicode>mieits wegen eines argwonigen hinde iro</Unicode>
                </TextEquiv>
            </TextLine>
            <TextLine id="r2l30" custom="readingOrder {index:29;}">
                <Coords points="376,2849 577,2797 645,2841 922,2787 1033,2807 1146,2759 1246,2797 1303,2746 1478,2743 1472,2657 1383,2701 1337,2665 1276,2719 1141,2688 873,2731 727,2696 674,2745 370,2770"/>
                <Baseline points="381,2808 435,2804 489,2801 544,2796 598,2793 653,2788 707,2785 761,2781 816,2778 870,2774 925,2770 979,2766 1033,2763 1088,2759 1142,2755 1197,2751 1251,2747 1305,2742 1360,2738 1414,2733 1469,2729"/>
                <TextEquiv>
                    <Unicode>gefundenen käßes gezogen und examinirt,</Unicode>
                </TextEquiv>
            </TextLine>
            <TextLine id="r2l31" custom="readingOrder {index:30;}">
                <Coords points="368,2927 862,2883 1029,2908 1126,2847 1502,2832 1496,2761 1454,2755 1375,2807 1212,2808 1154,2765 1018,2829 919,2789 675,2862 611,2819 565,2857 495,2821 364,2867"/>
                <Baseline points="375,2906 433,2902 492,2897 551,2894 610,2889 669,2885 728,2880 787,2874 846,2870 905,2864 963,2859 1022,2854 1081,2849 1140,2844 1199,2839 1258,2834 1317,2829 1376,2825 1435,2821 1494,2817"/>
                <TextEquiv>
                    <Unicode>alßo sy aber nüt bekennen wöllen ledig gelosen</Unicode>
                </TextEquiv>
            </TextLine>
            <TextLine id="r2l32" custom="readingOrder {index:31;}">
                <Coords points="368,3012 562,3049 887,2963 1006,3008 1084,2948 1374,2964 1504,2885 1488,2830 1364,2892 1182,2872 955,2926 862,2884 792,2921 495,2922 450,2973 363,2950"/>
                <Baseline points="375,2997 431,2993 487,2990 543,2986 599,2983 655,2978 711,2974 767,2970 823,2966 879,2960 936,2956 992,2951 1048,2944 1104,2939 1160,2933 1216,2927 1272,2921 1328,2914 1384,2908 1440,2901 1497,2894"/>
                <TextEquiv>
                    <Unicode>und ir ihr hieiet gewisen, verschiren shett</Unicode>
                </TextEquiv>
            </TextLine>
            <TextLine id="r2l33" custom="readingOrder {index:32;} person {offset:26; length:10;}">
                <Coords points="370,3110 439,3128 626,3075 728,3108 857,3063 1095,3059 1125,3025 1423,3030 1465,2992 1461,2957 1348,2949 1205,2988 1082,2961 1017,3013 846,2995 783,3036 363,3039"/>
                <Baseline points="375,3090 429,3087 483,3083 537,3078 591,3074 645,3069 699,3064 753,3060 807,3056 861,3051 916,3045 970,3039 1024,3034 1078,3030 1132,3025 1186,3019 1240,3014 1294,3008 1348,3003 1402,2999 1457,2993"/>
                <TextEquiv>
                    <Unicode>tags aber auch mit obiger Anna Aenis von</Unicode>
                </TextEquiv>
            </TextLine>
            <TextLine id="r2l34" custom="readingOrder {index:33;}">
                <Coords points="1020,3098 1052,3093 1073,3097 1084,3089 1107,3091 1139,3075 1149,3076 1147,3029 1136,3032 1124,3025 1090,3059 1060,3045 1042,3051 1017,3049"/>
                <Baseline points="1026,3078 1055,3075 1084,3072 1113,3071 1142,3074"/>
                <TextEquiv>
                    <Unicode>daraff</Unicode>
                </TextEquiv>
            </TextLine>
            <TextLine id="r2l35" custom="readingOrder {index:34;}">
                <Coords points="355,3222 404,3244 691,3168 772,3214 1077,3123 1394,3107 1491,3078 1482,2991 1410,3056 1257,3028 1068,3097 853,3063 706,3140 586,3088 532,3148 344,3121"/>
                <Baseline points="360,3194 416,3187 472,3182 528,3177 584,3171 640,3166 696,3161 752,3155 808,3150 864,3144 921,3137 977,3132 1033,3126 1089,3120 1145,3113 1201,3106 1257,3098 1313,3092 1369,3083 1425,3074 1482,3066"/>
                <TextEquiv>
                    <Unicode>Diglen alhar gesent und exammirt worden, e</Unicode>
                </TextEquiv>
            </TextLine>
            <TextLine id="r2l36" custom="readingOrder {index:35;}">
                <Coords points="369,3291 806,3247 897,3285 1202,3205 1360,3239 1457,3171 1447,3079 1136,3120 947,3203 744,3218 588,3173 517,3235 363,3244"/>
                <Baseline points="375,3284 428,3277 482,3271 535,3265 589,3260 643,3255 696,3250 750,3245 804,3239 857,3234 911,3229 965,3223 1018,3218 1072,3212 1126,3206 1179,3200 1233,3194 1287,3186 1340,3178 1394,3170 1448,3161"/>
                <TextEquiv>
                    <Unicode>aber unzit bekennen, den dassit letsten ihr</Unicode>
                </TextEquiv>
            </TextLine>
            <TextLine id="r2l37" custom="readingOrder {index:36;}">
                <Coords points="380,3423 486,3362 617,3401 718,3340 809,3363 1009,3297 1248,3340 1474,3241 1466,3172 1363,3239 1279,3216 1192,3263 993,3240 869,3293 640,3280 553,3322 464,3284 367,3318"/>
                <Baseline points="383,3386 437,3375 491,3365 545,3358 599,3349 653,3342 707,3335 762,3330 816,3324 870,3318 924,3313 978,3306 1032,3302 1086,3295 1141,3290 1195,3283 1249,3276 1303,3268 1357,3259 1411,3251 1466,3239"/>
                <TextEquiv>
                    <Unicode>gefangenschafft hie vnd aider, alß auch see¬</Unicode>
                </TextEquiv>
            </TextLine>
            <TextLine id="r2l38" custom="readingOrder {index:37;} place {offset:11; length:9;}">
                <Coords points="370,3480 758,3426 894,3449 941,3403 1146,3426 1420,3349 1467,3321 1460,3259 1289,3296 1240,3346 768,3352 524,3426 364,3428"/>
                <Baseline points="378,3476 432,3464 486,3455 540,3446 594,3439 648,3432 702,3425 757,3418 811,3413 865,3408 919,3402 973,3396 1027,3391 1081,3386 1136,3379 1190,3372 1244,3365 1298,3357 1352,3348 1406,3338 1461,3327"/>
                <TextEquiv>
                    <Unicode>derlich zu Huttligen und thun geerbeitet und</Unicode>
                </TextEquiv>
            </TextLine>
            <TextLine id="r2l39" custom="readingOrder {index:38;}">
                <Coords points="393,3617 532,3547 699,3555 740,3516 835,3555 922,3495 1119,3513 1179,3468 1439,3443 1477,3368 1320,3364 1215,3431 768,3428 380,3505"/>
                <Baseline points="393,3555 447,3545 501,3536 555,3527 609,3520 663,3513 717,3508 771,3502 825,3496 879,3492 933,3486 987,3482 1041,3476 1095,3470 1149,3463 1203,3456 1257,3448 1311,3440 1365,3429 1419,3417 1473,3404"/>
                <TextEquiv>
                    <Unicode>sich ehrlich damit erhalten, und habe jetz rach stacht</Unicode>
                </TextEquiv>
            </TextLine>
            <TextLine id="r2l40" custom="readingOrder {index:39;}">
                <Coords points="388,3695 468,3649 584,3681 676,3627 770,3657 983,3579 1063,3619 1136,3562 1429,3526 1455,3442 1389,3435 1332,3481 1188,3470 1118,3531 1051,3491 857,3551 621,3536 377,3618"/>
                <Baseline points="389,3642 442,3635 495,3628 548,3622 602,3614 655,3608 708,3602 762,3595 815,3588 868,3582 922,3575 975,3570 1028,3563 1081,3556 1135,3549 1188,3542 1241,3533 1295,3526 1348,3517 1401,3507 1455,3497"/>
                <TextEquiv>
                    <Unicode>seie zu ihrer schweester wöllen, die aldort by</Unicode>
                </TextEquiv>
            </TextLine>
            <TextLine id="r2l41" custom="readingOrder {index:40;}">
                <Coords points="1294,3644 1312,3634 1328,3634 1343,3623 1362,3626 1392,3602 1405,3606 1422,3590 1441,3591 1455,3580 1449,3554 1425,3556 1415,3565 1386,3559 1373,3572 1340,3556 1327,3561 1316,3577 1299,3572 1291,3584 1282,3585"/>
                <Baseline points="1296,3618 1321,3612 1346,3607 1372,3600 1397,3596 1422,3592 1448,3587"/>
                <TextEquiv>
                    <Unicode>einem</Unicode>
                </TextEquiv>
            </TextLine>
            <TextEquiv>
                <Unicode>1642.
sagt, so bald y ahrei der banden ledig worden
Aus.
habe sich iu das friburggepiet zu einem iheer
gebätterten begeben, da sy sich dan etlich v
uffgehalten und er ihr gvatter ihrem kind
ein gottenrockli mache laßen, von dannen
hab sy sich nach Roßfuhren gemacht daselbstee
thag gang einem paren gesammnen, alß
an anderen ehethen und sich also mit ehrlichen
erbeit erhalten und diser tagen fer ehrheym
widerkehren möllen und zu Biggen by einer
mittfrauwen ubernacht gsin, da syge sy ee
nebent 3 andern so auch dot vbernacht ge¬
lagen,, ohne das sy hemnants einiches leyd zu¬
gefügt habind gefangen genomen und alher
geführt worden, habe aber nüt bäses sithar
verbringen helffen, pette hiemit rus
vmb gnädige Erlaßung
Ist der 3. jan 1642 by der nuwenstrecki mit betrougen
der marter zu Bysyo h Damid Msellers vom kleinen
fr fraes von Goeßsetten von großen schatt und 
Gro�weibell weebers excamnint worden, aber nüt
wgrers bekannen wollen ist so erchmahle mit einer
strangen centuri, er ihr beneat gewisen worden.
Derena Tanner Vor
LannsWeyl Selothernespits
Ebenmeßig ist disere verrichenen Martin
mieits wegen eines argwonigen hinde iro
gefundenen käßes gezogen und examinirt,
alßo sy aber nüt bekennen wöllen ledig gelosen
und ir ihr hieiet gewisen, verschiren shett
tags aber auch mit obiger Anna Aenis von
daraff
Diglen alhar gesent und exammirt worden, e
aber unzit bekennen, den dassit letsten ihr
gefangenschafft hie vnd aider, alß auch see¬
derlich zu Huttligen und thun geerbeitet und
sich ehrlich damit erhalten, und habe jetz rach stacht
seie zu ihrer schweester wöllen, die aldort by
einem</Unicode>
            </TextEquiv>
        </TextRegion>
        <TextRegion orientation="0.0" id="r3" custom="readingOrder {index:2;}">
            <Coords points="1511,1528 1511,1641 1596,1641 1596,1528"/>
            <TextLine id="r3l1" custom="readingOrder {index:0;}">
                <Coords points="1531,1574 1545,1575 1550,1568 1566,1569 1584,1555 1592,1559 1604,1554 1594,1488 1581,1494 1567,1485 1562,1492 1556,1491 1548,1500 1532,1501 1528,1506 1521,1507"/>
                <Baseline points="1536,1557 1566,1551 1596,1548"/>
                <TextEquiv>
                    <Unicode>gehe</Unicode>
                </TextEquiv>
            </TextLine>
            <TextLine id="r3l2" custom="readingOrder {index:1;}">
                <Coords points="1503,1597 1513,1597 1526,1591 1534,1596 1566,1592 1574,1597 1583,1588 1603,1583 1602,1556 1591,1560 1580,1557 1575,1562 1561,1563 1551,1563 1545,1558 1536,1566 1528,1559 1522,1564 1510,1552 1502,1552"/>
                <Baseline points="1511,1589 1539,1586 1567,1585 1595,1586"/>
                <TextEquiv>
                    <Unicode>ei am</Unicode>
                </TextEquiv>
            </TextLine>
            <TextLine id="r3l3" custom="readingOrder {index:2;}">
                <Coords points="1513,1659 1525,1659 1536,1665 1564,1691 1570,1691 1577,1684 1588,1684 1588,1599 1574,1601 1567,1594 1559,1596 1554,1591 1547,1599 1533,1596 1528,1591 1513,1594"/>
                <Baseline points="1521,1631 1551,1631 1581,1631"/>
                <TextEquiv>
                    <Unicode>sei</Unicode>
                </TextEquiv>
            </TextLine>
            <TextEquiv>
                <Unicode>gehe
ei am
sei</Unicode>
            </TextEquiv>
        </TextRegion>
        <TextRegion orientation="0.0" id="r4" custom="readingOrder {index:3;}">
            <Coords points="1521,2857 1521,3007 1587,3007 1587,2857"/>
            <TextLine id="r4l1" custom="readingOrder {index:0;}">
                <Coords points="1513,2980 1531,2975 1554,2981 1567,2974 1594,2986 1594,2798 1579,2794 1561,2809 1547,2809 1513,2824"/>
                <Baseline points="1521,2957 1554,2957 1587,2957"/>
                <TextEquiv>
                    <Unicode>C</Unicode>
                </TextEquiv>
            </TextLine>
            <TextEquiv>
                <Unicode>C</Unicode>
            </TextEquiv>
        </TextRegion>
        <TextRegion orientation="0.0" id="r5" custom="readingOrder {index:4;}">
            <Coords points="1578,198 1578,3657 2825,3657 2825,198"/>
            <TextLine id="r5l1" custom="readingOrder {index:0;}">
                <Coords points="2288,252 2303,252 2314,260 2320,254 2335,251 2335,204 2326,204 2325,206 2314,200 2297,211 2288,211"/>
                <Baseline points="2295,240 2328,240"/>
                <TextEquiv>
                    <Unicode></Unicode>
                </TextEquiv>
            </TextLine>
            <TextLine id="r5l2" custom="readingOrder {index:1;}">
                <Coords points="1989,316 2084,275 2170,294 2203,259 2225,258 2248,242 2238,195 2223,205 2178,194 2159,213 2129,213 2090,196 2038,243 2009,236 2000,245 1973,244"/>
                <Baseline points="1992,291 2019,284 2047,277 2074,271 2102,264 2129,258 2157,251 2184,247 2212,242 2240,236"/>
                <TextEquiv>
                    <Unicode>1642.</Unicode>
                </TextEquiv>
            </TextLine>
            <TextLine id="r5l3" custom="readingOrder {index:2;}">
                <Coords points="1617,539 1740,473 2512,316 2657,299 2769,350 2836,293 2812,166 2496,285 2320,314 2239,273 1893,372 1804,347 1711,424 1593,416"/>
                <Baseline points="1617,500 1677,486 1737,473 1798,458 1858,445 1919,429 1979,415 2039,402 2100,389 2160,374 2221,362 2281,350 2341,338 2402,327 2462,318 2523,307 2583,300 2643,292 2704,287 2764,281 2825,278"/>
                <TextEquiv>
                    <Unicode>e e e </Unicode>
                </TextEquiv>
            </TextLine>
            <TextLine id="r5l4" custom="readingOrder {index:3;}">
                <Coords points="1622,586 1844,574 2157,461 2542,452 2625,379 2749,357 2741,312 2010,413 1614,543"/>
                <Baseline points="1629,578 1684,562 1740,547 1795,532 1851,519 1907,507 1962,495 2018,483 2073,473 2129,462 2185,452 2240,442 2296,432 2351,423 2407,413 2463,404 2518,395 2574,384 2629,375 2685,365 2741,354"/>
                <TextEquiv>
                    <Unicode>ubernacht gsin und ohne das H einich bösesle</Unicode>
                </TextEquiv>
            </TextLine>
            <TextLine id="r5l5" custom="readingOrder {index:4;}">
                <Coords points="1622,676 1765,613 1963,628 2048,563 2297,550 2448,484 2581,512 2628,467 2739,459 2722,372 2687,402 2627,378 2569,446 2271,451 2091,518 1999,494 1842,574 1608,603"/>
                <Baseline points="1626,653 1681,638 1736,624 1791,610 1846,598 1901,587 1956,575 2011,563 2066,553 2121,543 2176,534 2231,525 2286,515 2341,506 2396,498 2451,488 2506,478 2561,468 2616,459 2671,448 2726,437"/>
                <TextEquiv>
                    <Unicode>gangen achar gefenklich geführt worden, sonst</Unicode>
                </TextEquiv>
            </TextLine>
            <TextLine id="r5l6" custom="readingOrder {index:5;}">
                <Coords points="1616,758 1781,682 2257,655 2313,593 2413,619 2476,567 2657,570 2791,507 2778,436 2668,498 2225,528 1984,629 1845,607 1605,695"/>
                <Baseline points="1620,732 1678,717 1736,703 1794,690 1852,676 1911,664 1969,652 2027,641 2085,630 2143,621 2202,610 2260,602 2318,591 2376,582 2434,573 2493,563 2551,553 2609,543 2667,535 2725,524 2784,513"/>
                <TextEquiv>
                    <Unicode>halsy sich sidh einem halben fahr das ihr mag gen</Unicode>
                </TextEquiv>
            </TextLine>
            <TextLine id="r5l7" custom="readingOrder {index:6;}">
                <Coords points="1621,832 1956,730 2040,774 2081,718 2147,759 2284,685 2349,720 2457,659 2576,695 2749,603 2715,551 2618,587 2485,572 2409,624 2302,601 2257,656 2115,645 1966,705 1781,680 1610,765"/>
                <Baseline points="1623,798 1678,786 1734,774 1790,762 1846,752 1902,740 1958,730 2014,719 2070,709 2126,701 2182,690 2237,682 2293,674 2349,665 2405,656 2461,647 2517,638 2573,630 2629,622 2685,613 2741,605"/>
                <TextEquiv>
                    <Unicode>sterkh mit negen erhalten und den magden hin</Unicode>
                </TextEquiv>
            </TextLine>
            <TextLine id="r5l8" custom="readingOrder {index:7;}">
                <Coords points="1609,900 1671,898 1718,862 1820,830 1931,834 1953,815 2104,794 2118,787 2105,719 2042,772 1953,748 1908,794 1833,793 1810,812 1770,786 1730,828 1694,812 1637,823 1602,863"/>
                <Baseline points="1613,878 1639,872 1665,866 1691,860 1717,855 1743,849 1769,843 1795,837 1821,832 1847,827 1874,822 1900,817 1926,812 1952,808 1978,804 2004,800 2030,795 2056,790 2082,786 2109,783"/>
                <TextEquiv>
                    <Unicode>nd ande geeliget</Unicode>
                </TextEquiv>
            </TextLine>
            <TextLine id="r5l9" custom="readingOrder {index:8;}">
                <Coords points="1572,987 2156,861 2293,901 2374,826 2778,780 2816,763 2805,696 2718,735 2582,686 2446,751 2296,749 2229,807 2119,789 2013,849 1926,830 1560,916"/>
                <Baseline points="1578,975 1639,959 1700,943 1762,928 1823,915 1885,903 1946,891 2008,880 2069,870 2131,859 2192,851 2253,842 2315,833 2376,825 2438,816 2499,807 2561,798 2622,789 2684,780 2745,769 2807,759"/>
                <TextEquiv>
                    <Unicode>Ist den 4. jan 1642 mit dem eydtvon zrsy statt</Unicode>
                </TextEquiv>
            </TextLine>
            <TextLine id="r5l10" custom="readingOrder {index:9;}">
                <Coords points="1613,1038 1661,1010 1876,974 1962,997 2070,950 2136,976 2212,967 2196,874 2138,866 2094,898 2056,890 2038,916 1999,893 1860,910 1792,930 1765,965 1675,950 1604,989"/>
                <Baseline points="1616,1016 1646,1010 1676,1005 1707,999 1737,994 1768,987 1798,981 1829,975 1859,969 1890,963 1920,957 1951,952 1981,947 2012,941 2042,936 2073,931 2103,927 2134,922 2164,918 2195,914"/>
                <TextEquiv>
                    <Unicode>und land verwisen worden.</Unicode>
                </TextEquiv>
            </TextLine>
            <TextLine id="r5l11" custom="readingOrder {index:10;} person {offset:0; length:16;} place {offset:21; length:11;}">
                <Coords points="1746,1240 2143,1162 2190,1191 2354,1136 2494,1172 2548,1131 2595,1165 2679,1152 2751,1107 2745,1047 2668,1020 2278,1071 2048,1045 1945,1124 1887,1102 1740,1182"/>
                <Baseline points="1752,1215 1801,1207 1851,1200 1900,1193 1950,1187 2000,1179 2049,1172 2099,1166 2148,1160 2198,1154 2248,1149 2297,1144 2347,1139 2396,1134 2446,1130 2496,1127 2545,1124 2595,1121 2644,1118 2694,1116 2744,1115"/>
                <TextEquiv>
                    <Unicode>Obraria Theyerin von Schnistigen</Unicode>
                </TextEquiv>
            </TextLine>
            <TextLine id="r5l12" custom="readingOrder {index:11;} place {offset:3; length:5;}">
                <Coords points="1974,1311 2113,1255 2244,1296 2304,1236 2394,1224 2672,1244 2801,1184 2790,1091 2601,1164 2549,1132 2498,1177 2433,1149 2407,1175 2358,1142 2255,1202 2137,1166 1963,1214"/>
                <Baseline points="1976,1265 2016,1260 2057,1255 2098,1250 2139,1245 2180,1241 2220,1235 2261,1230 2302,1225 2343,1220 2384,1215 2424,1210 2465,1204 2506,1201 2547,1196 2588,1192 2628,1188 2669,1184 2710,1180 2751,1178 2792,1173"/>
                <TextEquiv>
                    <Unicode>by Baden mit einem jungen kidt</Unicode>
                </TextEquiv>
            </TextLine>
            <TextLine id="r5l13" custom="readingOrder {index:12;}">
                <Coords points="1593,1461 1781,1458 2000,1380 2714,1343 2729,1266 2485,1303 2339,1257 2222,1328 2082,1264 1980,1329 1785,1308 1715,1342 1578,1291"/>
                <Baseline points="1596,1413 1652,1410 1709,1406 1765,1401 1822,1395 1878,1389 1935,1385 1991,1378 2048,1373 2104,1367 2161,1361 2217,1356 2274,1351 2330,1345 2387,1341 2443,1336 2500,1332 2556,1328 2613,1326 2669,1323 2726,1322"/>
                <TextEquiv>
                    <Unicode>E echthals ist auch disere mit obigen beiden</Unicode>
                </TextEquiv>
            </TextLine>
            <TextLine id="r5l14" custom="readingOrder {index:13;}">
                <Coords points="1620,1521 1770,1483 1982,1513 2069,1459 2108,1490 2458,1412 2666,1442 2741,1420 2734,1332 1614,1450"/>
                <Baseline points="1626,1490 1681,1485 1736,1479 1791,1474 1847,1469 1902,1462 1957,1457 2013,1452 2068,1446 2123,1442 2179,1437 2234,1432 2289,1427 2344,1422 2400,1419 2455,1415 2510,1410 2566,1406 2621,1403 2676,1400 2732,1397"/>
                <TextEquiv>
                    <Unicode>achtspersohnen verschinen sohntags iu der nacht</Unicode>
                </TextEquiv>
            </TextLine>
            <TextLine id="r5l15" custom="readingOrder {index:14;}">
                <Coords points="1625,1604 2021,1540 2317,1554 2370,1505 2484,1533 2522,1489 2698,1551 2772,1517 2768,1465 2526,1412 2303,1492 2165,1467 2117,1496 2069,1459 2024,1509 1938,1485 1845,1533 1772,1494 1620,1535"/>
                <Baseline points="1631,1572 1687,1568 1744,1563 1800,1557 1857,1551 1914,1546 1970,1541 2027,1534 2083,1530 2140,1524 2197,1519 2253,1514 2310,1509 2366,1505 2423,1501 2480,1497 2536,1494 2593,1493 2649,1491 2706,1490 2763,1490"/>
                <TextEquiv>
                    <Unicode>heeberg ergriffen und alhero gebracht worden.</Unicode>
                </TextEquiv>
            </TextLine>
            <TextLine id="r5l16" custom="readingOrder {index:15;} person {offset:35; length:8; continued:true;}">
                <Coords points="1635,1685 1681,1707 1740,1643 1979,1624 2133,1659 2188,1614 2376,1591 2448,1634 2539,1586 2751,1602 2757,1518 2694,1552 2576,1507 2513,1542 2396,1509 2251,1585 2136,1540 1942,1550 1857,1608 1629,1590"/>
                <Baseline points="1640,1646 1695,1642 1751,1637 1806,1634 1862,1629 1918,1625 1973,1620 2029,1616 2085,1612 2140,1608 2196,1604 2252,1600 2307,1596 2363,1593 2419,1590 2474,1587 2530,1584 2586,1582 2641,1580 2697,1578 2753,1577"/>
                <TextEquiv>
                    <Unicode>sampt ihrem kndt, so sy angibt bey Heinrich</Unicode>
                </TextEquiv>
            </TextLine>
            <TextLine id="r5l17" custom="readingOrder {index:16;} person {offset:0; length:7; continued:true;}">
                <Coords points="1620,1762 1908,1705 1976,1759 2065,1751 2108,1702 2244,1738 2296,1684 2390,1708 2561,1655 2677,1713 2736,1696 2730,1601 2596,1584 2453,1636 2343,1599 2287,1640 2209,1609 2078,1667 1979,1624 1921,1682 1746,1641 1680,1709 1615,1689"/>
                <Baseline points="1626,1731 1681,1726 1736,1720 1791,1715 1846,1710 1901,1706 1956,1701 2011,1697 2066,1692 2121,1688 2176,1686 2231,1682 2286,1678 2341,1675 2396,1673 2451,1670 2506,1667 2561,1664 2616,1662 2671,1660 2726,1658"/>
                <TextEquiv>
                    <Unicode>hlorvan ihrem ehenan verzüget ze haben, so uß</Unicode>
                </TextEquiv>
            </TextLine>
            <TextLine id="r5l18" custom="readingOrder {index:17;} place {offset:4; length:9;}">
                <Coords points="1607,1820 1848,1801 1928,1840 2268,1770 2395,1822 2748,1732 2746,1698 2655,1721 2563,1655 2244,1738 2152,1701 1992,1761 1919,1729 1829,1773 1748,1725 1603,1743"/>
                <Baseline points="1614,1806 1670,1802 1726,1798 1783,1794 1839,1791 1895,1787 1952,1783 2008,1779 2064,1775 2121,1772 2177,1769 2233,1766 2290,1763 2346,1760 2402,1758 2459,1755 2515,1752 2571,1751 2628,1749 2684,1748 2741,1746"/>
                <TextEquiv>
                    <Unicode>dem Miderland age, vnd hievor Schlyfsteinen</Unicode>
                </TextEquiv>
            </TextLine>
            <TextLine id="r5l19" custom="readingOrder {index:18;}">
                <Coords points="1631,1898 1807,1876 1881,1925 1993,1877 2241,1855 2321,1885 2522,1842 2597,1893 2649,1848 2720,1893 2772,1875 2768,1800 2658,1745 2484,1810 2340,1788 2227,1824 2148,1776 2011,1837 1628,1837"/>
                <Baseline points="1637,1881 1693,1880 1749,1877 1805,1874 1862,1871 1918,1868 1974,1865 2030,1862 2087,1859 2143,1856 2199,1853 2255,1850 2312,1847 2368,1844 2424,1842 2480,1839 2537,1836 2593,1835 2649,1833 2705,1832 2762,1830"/>
                <TextEquiv>
                    <Unicode>vebeinandern getragen, farwacher ey den scoren</Unicode>
                </TextEquiv>
            </TextLine>
            <TextLine id="r5l20" custom="readingOrder {index:19;}">
                <Coords points="1630,1971 1827,1961 1887,2001 2019,1946 2122,1988 2268,1941 2713,1928 2712,1894 2632,1867 2439,1910 2376,1863 2139,1867 1824,1932 1735,1884 1628,1897"/>
                <Baseline points="1637,1958 1690,1956 1743,1953 1797,1950 1850,1949 1904,1946 1957,1944 2010,1941 2064,1940 2117,1938 2171,1935 2224,1934 2277,1932 2331,1931 2384,1931 2438,1929 2491,1928 2544,1928 2598,1926 2651,1926 2705,1926"/>
                <TextEquiv>
                    <Unicode>Im kegoaw gearbeitet, diseren sumer aber</Unicode>
                </TextEquiv>
            </TextLine>
            <TextLine id="r5l21" custom="readingOrder {index:20;}">
                <Coords points="1618,2049 2044,2043 2127,2008 2191,2059 2374,2012 2440,2055 2481,2023 2566,2051 2734,2012 2732,1935 2520,1987 2265,1946 2118,1988 2039,1948 1887,2001 1704,1958 1617,1996"/>
                <Baseline points="1626,2034 1681,2031 1736,2028 1791,2025 1846,2022 1901,2019 1956,2018 2011,2016 2066,2015 2121,2013 2176,2012 2231,2010 2286,2010 2341,2009 2396,2009 2451,2009 2506,2009 2561,2009 2616,2009 2671,2009 2726,2009"/>
                <TextEquiv>
                    <Unicode>mit braden almasen nachgezogen sye, hab nit</Unicode>
                </TextEquiv>
            </TextLine>
            <TextLine id="r5l22" custom="readingOrder {index:21;}">
                <Coords points="1628,2127 1965,2115 2024,2154 2387,2090 2783,2128 2768,2012 2622,2064 2503,2027 2262,2076 2057,2037 1832,2080 1715,2032 1627,2059"/>
                <Baseline points="1635,2109 1694,2105 1754,2103 1814,2101 1874,2099 1934,2097 1994,2096 2054,2094 2114,2094 2174,2093 2234,2093 2294,2093 2354,2093 2414,2093 2474,2091 2534,2091 2594,2091 2654,2091 2714,2091 2774,2091"/>
                <TextEquiv>
                    <Unicode>aur niemants einichen schaden noch leid zugefugt,</Unicode>
                </TextEquiv>
            </TextLine>
            <TextLine id="r5l23" custom="readingOrder {index:22;}">
                <Coords points="1603,2226 2343,2168 2584,2223 2648,2182 2734,2225 2783,2123 2695,2097 2643,2139 2603,2106 2496,2142 2387,2089 2248,2146 1834,2109 1756,2156 1602,2135"/>
                <Baseline points="1610,2174 1668,2174 1726,2174 1784,2174 1843,2174 1901,2172 1959,2172 2017,2171 2076,2171 2134,2171 2192,2169 2250,2169 2309,2169 2367,2168 2425,2168 2483,2168 2542,2168 2600,2166 2658,2166 2716,2166 2775,2168"/>
                <TextEquiv>
                    <Unicode>sondern also uß bosem verdacht beide geferklich</Unicode>
                </TextEquiv>
            </TextLine>
            <TextLine id="r5l24" custom="readingOrder {index:23;}">
                <Coords points="1608,2307 1736,2250 1836,2292 1942,2256 2000,2301 2099,2257 2523,2288 2640,2254 2760,2299 2803,2283 2804,2183 2728,2230 2277,2175 1609,2219"/>
                <Baseline points="1616,2247 1678,2247 1740,2247 1802,2247 1864,2247 1926,2247 1988,2247 2050,2247 2112,2247 2174,2247 2236,2247 2298,2247 2360,2249 2422,2249 2484,2250 2546,2252 2608,2253 2670,2255 2732,2256 2795,2259"/>
                <TextEquiv>
                    <Unicode>angenommen und alhero gesent worden, werde sich</Unicode>
                </TextEquiv>
            </TextLine>
            <TextLine id="r5l25" custom="readingOrder {index:24;}">
                <Coords points="1582,2341 2172,2390 2245,2337 2373,2351 2420,2392 2491,2378 2491,2328 2351,2249 2279,2295 2086,2267 1993,2304 1809,2267 1717,2304 1583,2263"/>
                <Baseline points="1590,2328 1634,2332 1679,2336 1724,2339 1768,2339 1813,2340 1858,2340 1902,2340 1947,2340 1992,2340 2037,2339 2081,2339 2126,2339 2171,2337 2215,2337 2260,2339 2305,2339 2349,2342 2394,2343 2439,2348 2484,2352"/>
                <TextEquiv>
                    <Unicode>aber nüt boses uff sy erfiden konen.</Unicode>
                </TextEquiv>
            </TextLine>
            <TextLine id="r5l26" custom="readingOrder {index:25;}">
                <Coords points="1572,2448 1837,2479 1900,2439 2006,2479 2076,2441 2210,2499 2351,2449 2707,2490 2723,2431 2615,2379 2512,2426 2248,2340 2159,2403 2072,2362 1574,2348"/>
                <Baseline points="1580,2427 1636,2430 1693,2432 1750,2433 1806,2436 1863,2438 1920,2438 1976,2439 2033,2441 2090,2442 2147,2444 2203,2444 2260,2445 2317,2447 2373,2448 2430,2450 2487,2451 2543,2453 2600,2455 2657,2457 2714,2460"/>
                <TextEquiv>
                    <Unicode>Ist den 4. jani 1642 sampt ihrem man kein</Unicode>
                </TextEquiv>
            </TextLine>
            <TextLine id="r5l27" custom="readingOrder {index:26;}">
                <Coords points="1580,2543 1861,2502 1976,2509 2049,2567 2151,2524 2288,2566 2562,2524 2804,2552 2807,2458 2769,2434 2704,2492 2301,2454 2236,2498 2117,2443 2017,2480 1898,2440 1820,2481 1583,2447"/>
                <Baseline points="1589,2495 1649,2497 1709,2499 1770,2501 1830,2502 1890,2505 1951,2508 2011,2510 2071,2512 2132,2514 2192,2517 2252,2519 2313,2522 2373,2523 2433,2525 2494,2526 2554,2529 2614,2529 2675,2531 2735,2532 2796,2532"/>
                <TextEquiv>
                    <Unicode>flerman mit dem eydt vor er g statt und landt</Unicode>
                </TextEquiv>
            </TextLine>
            <TextLine id="r5l28" custom="readingOrder {index:27;}">
                <Coords points="1624,2579 1708,2582 1768,2628 1878,2578 1933,2586 1975,2623 2004,2618 2007,2534 1970,2537 1943,2513 1877,2550 1774,2514 1693,2546 1626,2519"/>
                <Baseline points="1632,2568 1658,2570 1684,2571 1710,2571 1736,2571 1762,2572 1788,2573 1815,2573 1841,2574 1867,2574 1893,2576 1919,2578 1945,2580 1971,2582 1998,2585"/>
                <TextEquiv>
                    <Unicode>verausen worden.</Unicode>
                </TextEquiv>
            </TextLine>
            <TextLine id="r5l29" custom="readingOrder {index:28;} person {offset:0; length:14;} person {offset:15; length:10;}">
                <Coords points="1822,2774 2074,2782 2143,2831 2285,2800 2344,2827 2471,2812 2651,2865 2657,2784 2586,2780 2515,2724 2434,2744 2354,2681 2282,2705 2238,2671 2195,2704 2109,2705 2076,2678 1974,2730 1827,2698"/>
                <Baseline points="1830,2759 1870,2763 1911,2768 1952,2772 1993,2776 2034,2780 2074,2784 2115,2787 2156,2790 2197,2793 2238,2796 2278,2799 2319,2801 2360,2803 2401,2807 2442,2809 2482,2811 2523,2814 2564,2817 2605,2819 2646,2822"/>
                <TextEquiv>
                    <Unicode>Dnni Haffnerin Poir Hagli</Unicode>
                </TextEquiv>
            </TextLine>
            <TextLine id="r5l30" custom="readingOrder {index:29;} place {offset:23; length:8;}">
                <Coords points="1897,2885 2297,2938 2373,2894 2637,2937 2711,2908 2692,2873 2467,2814 2366,2845 2278,2802 2189,2839 2099,2794 2048,2831 1983,2792 1905,2790"/>
                <Baseline points="1908,2846 1947,2850 1987,2852 2027,2855 2067,2858 2106,2861 2146,2863 2186,2865 2226,2868 2265,2871 2305,2874 2345,2877 2385,2879 2424,2882 2464,2886 2504,2889 2544,2893 2583,2898 2623,2903 2663,2907 2703,2912"/>
                <TextEquiv>
                    <Unicode>uß der Margrahfschafft röhtelen.</Unicode>
                </TextEquiv>
            </TextLine>
            <TextLine id="r5l31" custom="readingOrder {index:30;}">
                <Coords points="1593,2963 1828,3009 1989,2991 2070,3049 2321,3021 2389,3070 2658,3055 2712,3090 2758,3073 2765,3008 2692,3029 2558,2961 2268,2973 1982,2896 1898,2925 1810,2868 1600,2899"/>
                <Baseline points="1602,2952 1659,2958 1716,2964 1774,2970 1831,2975 1889,2981 1946,2987 2004,2992 2061,2998 2119,3002 2176,3008 2233,3014 2291,3019 2348,3025 2406,3031 2463,3036 2521,3043 2578,3050 2636,3056 2693,3062 2751,3069"/>
                <TextEquiv>
                    <Unicode>ises meitlin von ohegfahr 28 jahren. Ist auch</Unicode>
                </TextEquiv>
            </TextLine>
            <TextLine id="r5l32" custom="readingOrder {index:31;}">
                <Coords points="1586,3050 1952,3124 2153,3084 2336,3163 2406,3114 2452,3154 2533,3126 2689,3162 2779,3137 2786,3066 2439,3092 2324,3025 2063,3056 1981,2993 1746,3009 1594,2965"/>
                <Baseline points="1596,3029 1654,3034 1713,3040 1772,3045 1831,3052 1889,3057 1948,3065 2007,3071 2066,3078 2124,3083 2183,3089 2242,3096 2301,3102 2359,3108 2418,3113 2477,3118 2536,3123 2594,3128 2653,3131 2712,3135 2771,3138"/>
                <TextEquiv>
                    <Unicode>mit obigen ppersohnen voer kiglen ahero geschikt,</Unicode>
                </TextEquiv>
            </TextLine>
            <TextLine id="r5l33" custom="readingOrder {index:32;}">
                <Coords points="1574,3121 1915,3192 2192,3169 2490,3262 2771,3238 2776,3192 2643,3135 2504,3178 2400,3121 2340,3164 2255,3113 2170,3131 2112,3082 2022,3125 1579,3077"/>
                <Baseline points="1584,3105 1643,3111 1702,3116 1761,3123 1820,3129 1879,3136 1938,3142 1997,3150 2056,3156 2115,3164 2174,3170 2233,3177 2292,3183 2351,3189 2410,3195 2469,3200 2528,3206 2587,3210 2646,3215 2705,3218 2765,3221"/>
                <TextEquiv>
                    <Unicode>weorden, agly man sy sy einandeen funden, sagt aber</Unicode>
                </TextEquiv>
            </TextLine>
            <TextLine id="r5l34" custom="readingOrder {index:33;}">
                <Coords points="1592,3208 1962,3285 2047,3243 2246,3265 2300,3308 2376,3280 2498,3333 2596,3290 2720,3309 2729,3229 2555,3270 2236,3178 1988,3201 1597,3154"/>
                <Baseline points="1601,3194 1656,3199 1712,3205 1767,3211 1823,3218 1879,3224 1934,3232 1990,3238 2046,3245 2101,3252 2157,3258 2213,3265 2268,3271 2324,3276 2380,3282 2435,3286 2491,3290 2547,3295 2602,3298 2658,3300 2714,3303"/>
                <TextEquiv>
                    <Unicode>es habe der übriger kein kuntstme ghan und</Unicode>
                </TextEquiv>
            </TextLine>
            <TextLine id="r5l35" custom="readingOrder {index:34;}">
                <Coords points="1583,3283 1806,3362 1980,3331 2092,3387 2151,3347 2259,3388 2470,3376 2530,3436 2627,3378 2772,3399 2704,3312 2617,3295 2302,3331 2190,3272 1815,3271 1589,3208"/>
                <Baseline points="1590,3281 1648,3289 1707,3297 1766,3304 1825,3311 1884,3319 1942,3325 2001,3331 2060,3337 2119,3342 2178,3348 2236,3353 2295,3357 2354,3361 2413,3365 2472,3369 2530,3373 2589,3375 2648,3378 2707,3380 2766,3383"/>
                <TextEquiv>
                    <Unicode>tunun mehr by 3 Jahren das syn vatter, Ie dem</Unicode>
                </TextEquiv>
            </TextLine>
            <TextLine id="r5l36" custom="readingOrder {index:35;}">
                <Coords points="1581,3371 1811,3444 2005,3416 2091,3475 2170,3436 2375,3490 2485,3465 2556,3519 2704,3471 2709,3414 2661,3396 2525,3435 2469,3377 2258,3387 2202,3355 2118,3399 2017,3335 1744,3363 1589,3293"/>
                <Baseline points="1589,3366 1644,3373 1699,3381 1755,3389 1810,3396 1865,3403 1921,3410 1976,3415 2031,3422 2087,3427 2142,3432 2197,3438 2253,3442 2308,3446 2363,3450 2419,3453 2474,3456 2529,3461 2585,3463 2640,3465 2696,3468"/>
                <TextEquiv>
                    <Unicode>keirgswesen umbkomen, and es dardurch zn</Unicode>
                </TextEquiv>
            </TextLine>
            <TextLine id="r5l37" custom="readingOrder {index:36;}">
                <Coords points="1569,3501 1825,3494 2104,3573 2239,3542 2297,3593 2437,3551 2682,3563 2626,3501 2548,3530 2471,3482 2220,3497 2069,3470 2000,3417 1887,3407 1814,3449 1748,3400 1581,3392"/>
                <Baseline points="1583,3441 1637,3452 1692,3462 1746,3471 1801,3480 1856,3488 1910,3495 1965,3502 2019,3508 2074,3515 2129,3519 2183,3525 2238,3529 2292,3534 2347,3538 2402,3542 2456,3545 2511,3549 2565,3552 2620,3556 2675,3560"/>
                <TextEquiv>
                    <Unicode>diser land sich ze begebhn vertesachet worden</Unicode>
                </TextEquiv>
            </TextLine>
            <TextLine id="r5l38" custom="readingOrder {index:37;}">
                <Coords points="2576,3675 2583,3676 2622,3647 2671,3655 2703,3650 2705,3599 2688,3597 2680,3604 2657,3599 2650,3605 2621,3583 2612,3592 2593,3588 2579,3591"/>
                <Baseline points="2586,3632 2613,3633 2641,3632 2668,3633 2696,3639"/>
                <TextEquiv>
                    <Unicode>Da</Unicode>
                </TextEquiv>
            </TextLine>
            <TextEquiv>
                <Unicode>
1642.
e e e 
ubernacht gsin und ohne das H einich bösesle
gangen achar gefenklich geführt worden, sonst
halsy sich sidh einem halben fahr das ihr mag gen
sterkh mit negen erhalten und den magden hin
nd ande geeliget
Ist den 4. jan 1642 mit dem eydtvon zrsy statt
und land verwisen worden.
Obraria Theyerin von Schnistigen
by Baden mit einem jungen kidt
E echthals ist auch disere mit obigen beiden
achtspersohnen verschinen sohntags iu der nacht
heeberg ergriffen und alhero gebracht worden.
sampt ihrem kndt, so sy angibt bey Heinrich
hlorvan ihrem ehenan verzüget ze haben, so uß
dem Miderland age, vnd hievor Schlyfsteinen
vebeinandern getragen, farwacher ey den scoren
Im kegoaw gearbeitet, diseren sumer aber
mit braden almasen nachgezogen sye, hab nit
aur niemants einichen schaden noch leid zugefugt,
sondern also uß bosem verdacht beide geferklich
angenommen und alhero gesent worden, werde sich
aber nüt boses uff sy erfiden konen.
Ist den 4. jani 1642 sampt ihrem man kein
flerman mit dem eydt vor er g statt und landt
verausen worden.
Dnni Haffnerin Poir Hagli
uß der Margrahfschafft röhtelen.
ises meitlin von ohegfahr 28 jahren. Ist auch
mit obigen ppersohnen voer kiglen ahero geschikt,
weorden, agly man sy sy einandeen funden, sagt aber
es habe der übriger kein kuntstme ghan und
tunun mehr by 3 Jahren das syn vatter, Ie dem
keirgswesen umbkomen, and es dardurch zn
diser land sich ze begebhn vertesachet worden
Da</Unicode>
            </TextEquiv>
        </TextRegion>
        <TextRegion orientation="0.0" id="r6" custom="readingOrder {index:5;}">
            <Coords points="2790,19 2790,182 2879,182 2879,19"/>
            <TextLine id="r6l1" custom="readingOrder {index:0;}">
                <Coords points="2787,166 2813,162 2833,166 2852,147 2867,150 2873,141 2891,145 2881,75 2873,76 2853,66 2836,80 2829,81 2819,74 2797,96 2778,105"/>
                <Baseline points="2790,132 2819,126 2849,122 2879,119"/>
                <TextEquiv>
                    <Unicode>41</Unicode>
                </TextEquiv>
            </TextLine>
            <TextEquiv>
                <Unicode>41</Unicode>
            </TextEquiv>
        </TextRegion>
    </Page>
</PcGts>
