<?xml version="1.0" encoding="UTF-8" standalone="yes"?>
<PcGts xmlns="http://schema.primaresearch.org/PAGE/gts/pagecontent/2013-07-15" xmlns:xsi="http://www.w3.org/2001/XMLSchema-instance" xsi:schemaLocation="http://schema.primaresearch.org/PAGE/gts/pagecontent/2013-07-15 http://schema.primaresearch.org/PAGE/gts/pagecontent/2013-07-15/pagecontent.xsd">
    <Metadata>
        <Creator>prov=University of Rostock/Institute of Mathematics/CITlab|PLANET AI GmbH/Gundram Leifert/gundram.leifert@planet-ai.de:name=German_Kurrent_XVI-XVIII_M1(htr_id=19584)::::v=2.6.7
prov=University of Rostock/Institute of Mathematics/CITlab|PLANET AI GmbH/Tobias Gruening/tobias.gruening@planet-ai.de:name=de.uros.citlab.module.baseline2polygon.B2PSeamMultiOriented:v=2.6.7
prov=University of Rostock/Institute of Mathematics/CITlab|PLANET AI GmbH/Gundram Leifert/gundram.leifert@planet-ai.de:name=German_Kurrent_XIX_comb-Huber_M2(htr_id=23847)::::v=2.6.6
prov=University of Rostock/Institute of Mathematics/CITlab|PLANET AI GmbH/Tobias Gruening/tobias.gruening@planet-ai.de:name=de.uros.citlab.module.baseline2polygon.B2PSeamMultiOriented:v=2.6.6
prov=University of Rostock/Institute of Mathematics/CITlab|PLANET AI GmbH/Tobias Gruening/tobias.gruening@planet-ai.de:name=/net_tf/LA73_249_0mod360.pb:de.uros.citlab.segmentation.CITlab_LA_ML:v=2.6.6
Transkribus</Creator>
        <Created>2020-10-05T12:43:14.117+02:00</Created>
        <LastChange>2022-09-09T16:34:19.834+02:00</LastChange>
        <TranskribusMetadata docId="1334822" pageId="52360531" pageNr="96" tsid="114642294" status="IN_PROGRESS" userId="9570" imgUrl="https://files.transkribus.eu/Get?id=QDMRQRHJHJMUHHHODSNZSBOR&amp;fileType=view" xmlUrl="https://files.transkribus.eu/Get?id=FRCNAMIAUDDIFHXMSBQBCHSK" imageId="16049226"/>
    </Metadata>
    <Page imageFilename="IMG_3606.jpeg" imageWidth="3024" imageHeight="4032">
        <ReadingOrder>
            <OrderedGroup id="ro_1687513763986" caption="Regions reading order">
                <RegionRefIndexed index="0" regionRef="r1"/>
                <RegionRefIndexed index="1" regionRef="r2"/>
                <RegionRefIndexed index="2" regionRef="r3"/>
                <RegionRefIndexed index="3" regionRef="r4"/>
                <RegionRefIndexed index="4" regionRef="r5"/>
            </OrderedGroup>
        </ReadingOrder>
        <TextRegion orientation="0.0" id="r1" custom="readingOrder {index:0;}">
            <Coords points="266,104 266,3756 1649,3756 1649,104"/>
            <TextLine id="r1l1" custom="readingOrder {index:0;}">
                <Coords points="258,158 288,170 302,169 312,181 339,167 351,167 370,181 387,178 390,130 373,129 347,107 333,110 320,95 310,99 292,95 281,104 261,101"/>
                <Baseline points="266,147 294,146 323,147 352,150 381,152"/>
                <TextEquiv>
                    <Unicode>152.</Unicode>
                </TextEquiv>
            </TextLine>
            <TextLine id="r1l2" custom="readingOrder {index:1;}">
                <Coords points="894,224 934,255 964,239 982,246 991,238 1018,256 1067,252 1086,236 1127,248 1143,236 1163,242 1165,195 1139,192 1108,164 1078,179 1058,173 1012,137 969,160 896,171"/>
                <Baseline points="902,228 927,227 952,225 977,225 1003,225 1028,226 1053,227 1079,230 1104,232 1129,235 1155,239"/>
                <TextEquiv>
                    <Unicode>1642.</Unicode>
                </TextEquiv>
            </TextLine>
            <TextLine id="r1l3" custom="readingOrder {index:2;} person {offset:0; length:12;} place {offset:17; length:3;}">
                <Coords points="624,369 898,361 1006,446 1154,380 1254,420 1309,399 1423,470 1464,454 1470,355 1362,282 1264,341 1174,298 1126,312 1038,255 917,323 764,211 634,216"/>
                <Baseline points="632,357 673,357 714,356 755,355 797,354 838,354 879,354 921,354 962,354 1003,356 1045,357 1086,359 1127,362 1168,366 1210,371 1251,375 1292,381 1334,389 1375,396 1416,406 1458,416"/>
                <TextEquiv>
                    <Unicode>Ursula Schor von Bey.</Unicode>
                </TextEquiv>
            </TextLine>
            <TextLine id="r1l4" custom="readingOrder {index:3;}">
                <Coords points="306,487 485,536 619,485 690,534 780,470 1028,476 1111,514 1216,491 1277,555 1330,509 1538,556 1540,506 1243,414 828,449 434,319 310,386"/>
                <Baseline points="314,483 374,479 435,476 496,473 557,470 618,468 678,467 739,467 800,467 861,467 922,469 982,471 1043,476 1104,480 1165,485 1226,491 1286,498 1347,507 1408,515 1469,526 1530,539"/>
                <TextEquiv>
                    <Unicode>Es hatt zwar nechermahls disere weges</Unicode>
                </TextEquiv>
            </TextLine>
            <TextLine id="r1l5" custom="readingOrder {index:4;}">
                <Coords points="471,592 849,588 925,548 1153,613 1340,582 1552,656 1594,571 1406,563 1344,515 1281,553 1189,498 865,504 832,472 692,532 610,487 474,534"/>
                <Baseline points="480,557 535,556 590,555 645,554 700,554 755,554 810,552 866,552 921,554 976,555 1031,556 1086,560 1141,563 1196,567 1252,573 1307,580 1362,587 1417,598 1472,609 1527,620 1583,636"/>
                <TextEquiv>
                    <Unicode>persohn nit gestendig hyu wöllen, daß </Unicode>
                </TextEquiv>
            </TextLine>
            <TextLine id="r1l6" custom="readingOrder {index:5;} person {offset:4; length:18;}">
                <Coords points="496,654 588,683 855,646 1013,701 1093,645 1152,696 1347,672 1463,724 1501,693 1593,716 1596,630 1318,637 1226,583 1053,610 929,549 691,620 630,585 499,602"/>
                <Baseline points="504,650 558,650 612,648 666,647 720,647 774,645 828,645 882,645 936,645 990,647 1045,648 1099,650 1153,653 1207,657 1261,660 1315,666 1369,673 1423,681 1477,689 1531,699 1586,711"/>
                <TextEquiv>
                    <Unicode>die Hranc Stackfischen selbsten genommen uß</Unicode>
                </TextEquiv>
            </TextLine>
            <TextLine id="r1l7" custom="readingOrder {index:6;}">
                <Coords points="494,761 562,750 615,795 711,747 870,781 1116,748 1347,802 1420,768 1531,842 1567,809 1604,839 1608,748 1501,695 1221,710 1093,646 985,703 857,646 779,715 622,662 497,686"/>
                <Baseline points="503,741 557,743 612,744 667,744 722,744 776,744 831,744 886,744 941,744 995,744 1050,744 1105,746 1160,748 1214,750 1269,754 1324,758 1379,764 1433,771 1488,780 1543,792 1598,804"/>
                <TextEquiv>
                    <Unicode>hnbsteriebdet habe, sondern synn ihre von für</Unicode>
                </TextEquiv>
            </TextLine>
            <TextLine id="r1l8" custom="readingOrder {index:7;}">
                <Coords points="511,850 769,869 862,832 1012,877 1134,839 1260,895 1370,847 1468,902 1586,876 1588,824 1533,847 1475,793 1404,821 1258,786 1204,814 1147,757 1080,802 1000,762 856,810 776,765 596,811 514,744"/>
                <Baseline points="519,834 574,834 630,836 686,834 741,834 797,834 853,833 909,833 964,831 1020,831 1076,833 1132,833 1187,835 1243,837 1299,840 1355,845 1410,851 1466,858 1522,867 1578,878"/>
                <TextEquiv>
                    <Unicode>procebli frauwen ze verkancfen uberliferet</Unicode>
                </TextEquiv>
            </TextLine>
            <TextLine id="r1l9" custom="readingOrder {index:8;}">
                <Coords points="516,935 665,914 825,970 934,924 1129,924 1197,961 1398,931 1578,1015 1580,931 1365,903 1314,849 1258,895 1206,847 1117,841 1059,886 849,841 773,894 678,851 517,896"/>
                <Baseline points="525,914 577,917 629,920 682,920 734,921 786,921 839,921 891,921 943,921 996,920 1048,920 1100,920 1153,921 1205,923 1257,924 1310,926 1362,931 1414,935 1467,942 1519,949 1572,959"/>
                <TextEquiv>
                    <Unicode>worden, alß sy aber uß er gn uhrirn</Unicode>
                </TextEquiv>
            </TextLine>
            <TextLine id="r1l10" custom="readingOrder {index:9;}">
                <Coords points="486,1039 1041,1009 1119,1065 1203,1009 1315,1020 1373,1075 1490,1027 1616,1074 1618,994 1562,1018 1398,961 1338,992 1263,938 1199,966 1130,925 1026,978 926,939 800,975 687,942 488,964"/>
                <Baseline points="495,1010 550,1011 606,1011 662,1011 718,1011 773,1010 829,1008 885,1008 941,1007 996,1007 1052,1005 1108,1005 1164,1007 1219,1008 1275,1010 1331,1013 1387,1018 1442,1023 1498,1030 1554,1038 1610,1047"/>
                <TextEquiv>
                    <Unicode>weelch den 1. dec diß mit mehrerem erst</Unicode>
                </TextEquiv>
            </TextLine>
            <TextLine id="r1l11" custom="readingOrder {index:10;}">
                <Coords points="501,1151 846,1131 945,1175 1172,1121 1594,1146 1595,1070 1385,1077 1292,1018 1139,1068 1044,1035 853,1075 754,1020 599,1057 503,1027"/>
                <Baseline points="510,1112 563,1112 617,1110 671,1109 725,1107 779,1106 833,1104 886,1104 940,1102 994,1101 1048,1100 1102,1100 1156,1101 1210,1101 1263,1104 1317,1106 1371,1110 1425,1114 1479,1119 1533,1126 1587,1134"/>
                <TextEquiv>
                    <Unicode>Joly s mynes hochl hrrn kirhen und hrr</Unicode>
                </TextEquiv>
            </TextLine>
            <TextLine id="r1l12" custom="readingOrder {index:11;}">
                <Coords points="520,1235 1113,1197 1569,1237 1609,1206 1609,1174 1420,1133 1366,1175 1231,1143 960,1172 520,1146"/>
                <Baseline points="527,1206 580,1205 634,1204 688,1203 742,1201 795,1199 849,1197 903,1196 957,1194 1010,1193 1064,1193 1118,1191 1172,1191 1225,1193 1279,1193 1333,1195 1387,1197 1440,1200 1494,1205 1548,1210 1602,1217"/>
                <TextEquiv>
                    <Unicode>Grosweibel Terbers exammit worden</Unicode>
                </TextEquiv>
            </TextLine>
            <TextLine id="r1l13" custom="readingOrder {index:12;}">
                <Coords points="526,1308 764,1331 812,1287 1086,1274 1624,1329 1624,1270 1525,1274 1412,1207 1276,1247 1146,1201 1049,1245 997,1211 526,1249"/>
                <Baseline points="534,1292 588,1292 642,1292 696,1290 750,1290 804,1289 858,1287 913,1287 967,1286 1021,1284 1075,1284 1129,1283 1183,1284 1237,1284 1292,1286 1346,1287 1400,1290 1454,1293 1508,1298 1562,1303 1617,1310"/>
                <TextEquiv>
                    <Unicode>hatt sy ohne marter bekennen müeßen, daß</Unicode>
                </TextEquiv>
            </TextLine>
            <TextLine id="r1l14" custom="readingOrder {index:13;}">
                <Coords points="531,1390 837,1420 904,1385 1154,1380 1277,1427 1379,1372 1616,1402 1577,1312 1470,1355 1326,1350 1091,1276 1012,1323 530,1331"/>
                <Baseline points="539,1388 592,1388 645,1386 699,1385 752,1383 806,1382 859,1381 913,1379 966,1377 1020,1376 1073,1375 1126,1374 1180,1373 1233,1373 1287,1373 1340,1373 1394,1374 1447,1375 1501,1377 1554,1380 1608,1383"/>
                <TextEquiv>
                    <Unicode>y selbige za verkoufft genomen vnd</Unicode>
                </TextEquiv>
            </TextLine>
            <TextLine id="r1l15" custom="readingOrder {index:14;}">
                <Coords points="523,1536 607,1480 850,1465 929,1503 996,1463 1175,1474 1290,1519 1390,1464 1447,1512 1553,1482 1620,1514 1620,1432 1516,1409 1467,1443 1159,1410 1096,1441 986,1393 523,1403"/>
                <Baseline points="531,1484 585,1481 639,1479 693,1477 747,1475 801,1473 855,1472 909,1470 963,1470 1017,1469 1072,1467 1126,1467 1180,1467 1234,1467 1288,1468 1342,1469 1396,1470 1450,1472 1504,1474 1558,1477 1613,1479"/>
                <TextEquiv>
                    <Unicode>zeverkauffen geben, daß sy aber so vil</Unicode>
                </TextEquiv>
            </TextLine>
            <TextLine id="r1l16" custom="readingOrder {index:15;}">
                <Coords points="544,1595 668,1612 709,1574 932,1554 994,1602 1221,1572 1272,1610 1309,1583 1399,1627 1494,1590 1572,1626 1615,1613 1614,1519 1357,1534 1311,1497 1256,1532 1176,1479 1124,1525 1049,1480 854,1539 780,1476 543,1543"/>
                <Baseline points="551,1581 603,1578 656,1575 709,1572 762,1569 815,1566 867,1563 920,1562 973,1560 1026,1559 1079,1557 1131,1557 1184,1557 1237,1557 1290,1557 1343,1559 1395,1560 1448,1563 1501,1566 1554,1569 1607,1574"/>
                <TextEquiv>
                    <Unicode>entfröebdet alß geklagt werden, daß</Unicode>
                </TextEquiv>
            </TextLine>
            <TextLine id="r1l17" custom="readingOrder {index:16;}">
                <Coords points="556,1701 626,1669 1051,1697 1461,1647 1611,1674 1610,1625 1390,1626 1310,1583 1147,1633 1081,1594 983,1620 799,1566 657,1614 554,1586"/>
                <Baseline points="563,1670 615,1668 667,1665 719,1664 771,1661 823,1659 875,1658 927,1655 979,1653 1031,1652 1083,1652 1135,1650 1187,1650 1239,1649 1291,1649 1343,1650 1395,1650 1447,1652 1499,1654 1551,1656 1604,1659"/>
                <TextEquiv>
                    <Unicode>su nit, sondern habe ner die fenig ge¬</Unicode>
                </TextEquiv>
            </TextLine>
            <TextLine id="r1l18" custom="readingOrder {index:17;}">
                <Coords points="562,1776 881,1805 1184,1749 1304,1784 1349,1741 1606,1790 1642,1782 1641,1710 1349,1653 1269,1687 1142,1670 1048,1723 819,1697 760,1736 561,1743"/>
                <Baseline points="569,1764 622,1764 675,1763 728,1761 782,1759 835,1758 888,1755 941,1754 995,1752 1048,1751 1101,1749 1154,1746 1208,1746 1261,1745 1314,1745 1367,1745 1421,1746 1474,1747 1527,1749 1580,1752 1634,1755"/>
                <TextEquiv>
                    <Unicode>moren, so sy der lohner zeverkauffen geben</Unicode>
                </TextEquiv>
            </TextLine>
            <TextLine id="r1l19" custom="readingOrder {index:18;}">
                <Coords points="571,1874 734,1902 802,1869 845,1899 890,1862 1128,1838 1400,1875 1451,1831 1550,1868 1600,1858 1598,1769 1526,1754 1443,1796 1353,1758 1201,1807 1132,1752 954,1824 850,1787 569,1800"/>
                <Baseline points="578,1854 628,1854 679,1853 730,1853 780,1851 831,1849 882,1848 932,1845 983,1844 1034,1842 1085,1839 1135,1838 1186,1836 1237,1835 1287,1833 1338,1832 1389,1832 1439,1832 1490,1833 1541,1834 1592,1836"/>
                <TextEquiv>
                    <Unicode>daß sye ihro aber von herren ledt</Unicode>
                </TextEquiv>
            </TextLine>
            <TextLine id="r1l20" custom="readingOrder {index:19;}">
                <Coords points="576,1979 852,1935 905,1970 992,1926 1126,1959 1441,1919 1514,1951 1546,1916 1623,1922 1622,1847 1553,1882 1439,1846 1276,1880 1178,1839 1115,1886 895,1903 573,1874"/>
                <Baseline points="582,1943 633,1941 685,1940 737,1938 788,1937 840,1935 892,1934 943,1931 995,1929 1047,1927 1099,1925 1150,1925 1202,1922 1254,1921 1305,1919 1357,1919 1409,1917 1460,1917 1512,1916 1564,1916 1616,1917"/>
                <TextEquiv>
                    <Unicode>settet ein gr obrigkeit, die wöllenbe</Unicode>
                </TextEquiv>
            </TextLine>
            <TextLine id="r1l21" custom="readingOrder {index:20;}">
                <Coords points="553,2041 709,2090 791,2026 841,2051 980,2010 1116,2047 1198,2007 1318,2068 1427,2006 1636,2007 1633,1926 1262,1972 1087,1934 1001,1971 700,1957 625,2007 551,1996"/>
                <Baseline points="560,2034 613,2033 666,2030 720,2027 773,2025 827,2022 880,2020 933,2018 987,2016 1040,2015 1094,2012 1147,2011 1200,2009 1254,2009 1307,2007 1361,2006 1414,2004 1467,2003 1521,2003 1574,2002 1628,2001"/>
                <TextEquiv>
                    <Unicode>dercken, daß sy soliches uß hochstere Niege</Unicode>
                </TextEquiv>
            </TextLine>
            <TextLine id="r1l22" custom="readingOrder {index:21;}">
                <Coords points="574,2141 712,2158 902,2106 1153,2152 1329,2101 1573,2136 1619,2124 1616,2026 1504,2019 1454,2057 1385,2032 1279,2073 1026,2026 845,2087 571,2064"/>
                <Baseline points="581,2123 632,2119 683,2116 735,2114 786,2111 838,2108 889,2106 941,2105 992,2103 1044,2102 1095,2102 1146,2100 1198,2099 1249,2097 1301,2096 1352,2096 1404,2094 1455,2092 1507,2090 1558,2088 1610,2087"/>
                <TextEquiv>
                    <Unicode>und huegert nocht gethan und sy nit</Unicode>
                </TextEquiv>
            </TextLine>
            <TextLine id="r1l23" custom="readingOrder {index:22;}">
                <Coords points="578,2241 852,2251 906,2198 978,2194 1089,2196 1180,2246 1270,2212 1354,2237 1406,2203 1402,2126 1265,2105 1035,2165 944,2121 882,2167 767,2126 701,2169 575,2187"/>
                <Baseline points="584,2210 624,2208 665,2206 705,2205 746,2202 787,2200 827,2198 868,2196 909,2193 949,2190 990,2188 1031,2186 1071,2184 1112,2181 1153,2180 1193,2178 1234,2177 1275,2177 1315,2175 1356,2175 1397,2177"/>
                <TextEquiv>
                    <Unicode>nach strenge darumb abstraffen.</Unicode>
                </TextEquiv>
            </TextLine>
            <TextLine id="r1l24" custom="readingOrder {index:23;}">
                <Coords points="537,2373 765,2332 938,2374 1152,2318 1572,2326 1622,2290 1619,2215 1296,2284 1050,2226 898,2300 746,2250 711,2280 532,2263"/>
                <Baseline points="543,2336 596,2334 650,2333 703,2330 757,2328 810,2325 864,2324 917,2321 971,2319 1024,2317 1078,2314 1132,2312 1185,2310 1239,2307 1292,2304 1346,2301 1399,2300 1453,2297 1506,2294 1560,2292 1614,2289"/>
                <TextEquiv>
                    <Unicode>Alß aber auch ermelte tohneri mit ihr</Unicode>
                </TextEquiv>
            </TextLine>
            <TextLine id="r1l25" custom="readingOrder {index:24;}">
                <Coords points="560,2432 830,2464 936,2409 1045,2440 1145,2391 1235,2437 1305,2382 1614,2386 1610,2315 1485,2307 1446,2342 1377,2314 1058,2365 971,2343 940,2374 779,2331 713,2387 558,2384"/>
                <Baseline points="567,2423 618,2420 670,2415 722,2411 774,2408 826,2405 878,2402 930,2400 982,2397 1034,2394 1086,2393 1137,2389 1189,2388 1241,2385 1293,2382 1345,2380 1397,2378 1449,2375 1501,2372 1553,2369 1605,2366"/>
                <TextEquiv>
                    <Unicode>confrontirt worden, hatt sy anzeigt sy har</Unicode>
                </TextEquiv>
            </TextLine>
            <TextLine id="r1l26" custom="readingOrder {index:25;}">
                <Coords points="552,2541 1623,2454 1608,2382 1328,2438 1175,2402 1130,2452 1006,2462 699,2432 548,2484"/>
                <Baseline points="558,2523 610,2519 663,2514 716,2510 769,2507 822,2502 874,2498 927,2495 980,2491 1033,2486 1086,2483 1138,2478 1191,2474 1244,2469 1297,2465 1350,2461 1402,2456 1455,2452 1508,2448 1561,2442 1614,2438"/>
                <TextEquiv>
                    <Unicode>ohngfahr 14 thag vor Martini ihra die lis</Unicode>
                </TextEquiv>
            </TextLine>
            <TextLine id="r1l27" custom="readingOrder {index:26;}">
                <Coords points="555,2662 725,2599 1357,2590 1633,2509 1628,2453 1555,2440 1423,2516 1343,2472 1144,2525 1097,2492 999,2531 761,2515 701,2572 546,2545"/>
                <Baseline points="558,2606 611,2602 664,2599 718,2597 771,2594 825,2590 878,2587 931,2583 985,2579 1038,2575 1092,2571 1145,2567 1198,2562 1252,2558 1305,2552 1359,2547 1412,2541 1465,2535 1519,2529 1572,2523 1626,2516"/>
                <TextEquiv>
                    <Unicode>zuerkauffen geben by ohngfahr 23 stuk</Unicode>
                </TextEquiv>
            </TextLine>
            <TextLine id="r1l28" custom="readingOrder {index:27;}">
                <Coords points="551,2704 740,2740 875,2676 1017,2696 1094,2650 1132,2677 1524,2615 1596,2654 1645,2626 1634,2513 1392,2603 1285,2570 973,2642 873,2589 548,2678"/>
                <Baseline points="558,2697 611,2694 665,2691 719,2687 773,2683 827,2678 880,2675 934,2669 988,2665 1042,2660 1096,2654 1149,2650 1203,2643 1257,2638 1311,2632 1365,2627 1418,2620 1472,2614 1526,2607 1580,2601 1634,2594"/>
                <TextEquiv>
                    <Unicode>dere jedeß ein pfaldt oder darby gewogen</Unicode>
                </TextEquiv>
            </TextLine>
            <TextLine id="r1l29" custom="readingOrder {index:28;}">
                <Coords points="558,2801 923,2798 961,2755 1079,2773 1181,2735 1409,2767 1473,2692 1543,2684 1664,2730 1649,2623 1421,2680 1305,2634 1092,2657 1004,2707 936,2679 798,2696 756,2747 630,2721 553,2754"/>
                <Baseline points="564,2784 618,2781 672,2779 726,2775 781,2771 835,2767 889,2762 943,2755 998,2750 1052,2744 1106,2738 1160,2731 1215,2724 1269,2717 1323,2710 1377,2704 1432,2697 1486,2690 1540,2683 1594,2676 1649,2669"/>
                <TextEquiv>
                    <Unicode>und gesagt, so marße dieselbig ener vosti</Unicode>
                </TextEquiv>
            </TextLine>
            <TextLine id="r1l30" custom="readingOrder {index:29;}">
                <Coords points="585,2899 824,2850 996,2872 1108,2826 1266,2868 1359,2828 1403,2851 1535,2775 1642,2796 1635,2722 576,2823"/>
                <Baseline points="590,2876 642,2872 694,2868 746,2863 798,2858 850,2852 902,2847 954,2842 1006,2836 1058,2831 1110,2824 1162,2818 1214,2813 1266,2806 1318,2799 1370,2793 1422,2786 1474,2779 1526,2773 1578,2766 1631,2759"/>
                <TextEquiv>
                    <Unicode>verkauffen, die sy nit kamnsen dorfen, sy</Unicode>
                </TextEquiv>
            </TextLine>
            <TextLine id="r1l31" custom="readingOrder {index:30;}">
                <Coords points="582,2983 725,3007 774,2973 820,3002 937,2938 1122,2912 1185,2945 1614,2902 1603,2806 1522,2786 1274,2870 1079,2835 937,2912 822,2850 704,2937 577,2936"/>
                <Baseline points="588,2972 638,2967 689,2960 739,2955 790,2949 841,2943 891,2936 942,2930 993,2923 1043,2917 1094,2912 1145,2906 1195,2899 1246,2894 1297,2888 1347,2882 1398,2876 1449,2871 1499,2865 1550,2860 1601,2856"/>
                <TextEquiv>
                    <Unicode>auch etlich stack Beatysei dorty gs</Unicode>
                </TextEquiv>
            </TextLine>
            <TextLine id="r1l32" custom="readingOrder {index:31;}">
                <Coords points="614,3093 676,3116 724,3062 859,3069 923,3020 1005,3039 1213,2989 1300,3012 1409,2956 1606,2935 1537,2891 1381,2930 1268,2911 1184,2964 1121,2935 994,2986 863,2966 725,3008 680,2984 606,3030"/>
                <Baseline points="618,3069 667,3061 716,3053 765,3045 814,3038 863,3031 912,3025 961,3019 1010,3012 1059,3006 1108,3000 1157,2994 1206,2988 1255,2982 1304,2976 1353,2969 1402,2963 1451,2956 1500,2948 1549,2942 1598,2933"/>
                <TextEquiv>
                    <Unicode>o sy ihro hernach aber widrgeben und die</Unicode>
                </TextEquiv>
            </TextLine>
            <TextLine id="r1l33" custom="readingOrder {index:32;}">
                <Coords points="590,3173 732,3144 902,3170 1030,3110 1380,3061 1441,3089 1483,3038 1556,3065 1637,3032 1625,2959 1415,3023 1077,3015 859,3091 785,3051 677,3116 578,3082"/>
                <Baseline points="596,3162 647,3155 699,3149 750,3142 802,3135 853,3129 905,3122 956,3115 1008,3109 1059,3102 1111,3095 1162,3090 1214,3082 1265,3075 1317,3068 1368,3059 1420,3052 1471,3043 1523,3034 1574,3024 1626,3012"/>
                <TextEquiv>
                    <Unicode>stackfusch ihro verkaufft umb 3 h die erste</Unicode>
                </TextEquiv>
            </TextLine>
            <TextLine id="r1l34" custom="readingOrder {index:33;}">
                <Coords points="596,3271 1532,3158 1636,3102 1627,3034 1501,3082 1248,3080 1168,3143 1034,3136 987,3179 938,3150 891,3199 586,3202"/>
                <Baseline points="602,3257 653,3250 704,3242 756,3235 807,3228 858,3222 910,3214 961,3208 1012,3202 1064,3194 1115,3188 1166,3180 1218,3173 1269,3165 1320,3158 1372,3149 1423,3140 1474,3132 1526,3121 1577,3112 1629,3101"/>
                <TextEquiv>
                    <Unicode>die andern aber Amb 10 k Ab. vnd ihre</Unicode>
                </TextEquiv>
            </TextLine>
            <TextLine id="r1l35" custom="readingOrder {index:34;}">
                <Coords points="591,3364 775,3398 845,3349 982,3357 1031,3294 1457,3224 1519,3244 1630,3186 1596,3124 1559,3168 1478,3146 1275,3230 1095,3200 1041,3253 793,3241 738,3292 582,3306"/>
                <Baseline points="597,3353 648,3346 699,3339 750,3333 802,3326 853,3319 904,3312 956,3305 1007,3297 1058,3290 1110,3281 1161,3273 1212,3265 1263,3257 1315,3246 1366,3238 1417,3229 1469,3217 1520,3207 1571,3196 1623,3185"/>
                <TextEquiv>
                    <Unicode>das gelst zugestelt, habe aber nit gewüsn</Unicode>
                </TextEquiv>
            </TextLine>
            <TextLine id="r1l36" custom="readingOrder {index:35;}">
                <Coords points="587,3491 722,3451 811,3492 914,3406 1013,3424 1089,3382 1354,3385 1398,3347 1494,3379 1633,3289 1615,3179 1519,3245 1463,3224 1253,3270 1163,3336 1068,3311 1004,3365 852,3348 768,3406 574,3408"/>
                <Baseline points="588,3449 639,3442 691,3434 743,3428 794,3421 846,3415 898,3409 949,3401 1001,3394 1053,3387 1105,3379 1156,3371 1208,3363 1260,3353 1311,3344 1363,3333 1415,3322 1466,3310 1518,3298 1570,3284 1622,3270"/>
                <TextEquiv>
                    <Unicode>dt saen vogti sch </Unicode>
                </TextEquiv>
            </TextLine>
            <TextLine id="r1l37" custom="readingOrder {index:36;}">
                <Coords points="594,3548 684,3570 747,3517 1007,3514 1075,3474 1240,3498 1294,3440 1422,3465 1493,3394 1488,3367 1398,3347 1355,3385 1120,3400 1051,3441 886,3433 810,3493 585,3493"/>
                <Baseline points="600,3542 644,3535 688,3529 732,3522 776,3516 821,3509 865,3501 909,3496 953,3489 997,3481 1042,3474 1086,3467 1130,3460 1174,3452 1218,3444 1263,3436 1307,3427 1351,3418 1395,3409 1439,3400 1484,3390"/>
                <TextEquiv>
                    <Unicode>wohl darvon hette hüeth wollen.</Unicode>
                </TextEquiv>
            </TextLine>
            <TextLine id="r1l38" custom="readingOrder {index:37;}">
                <Coords points="562,3695 779,3613 849,3634 1050,3577 1133,3614 1182,3563 1438,3501 1489,3533 1573,3517 1605,3498 1582,3366 1424,3465 1026,3492 754,3554 696,3600 544,3595"/>
                <Baseline points="564,3660 615,3650 666,3642 718,3633 769,3623 821,3616 872,3607 924,3599 975,3590 1027,3581 1078,3573 1129,3564 1181,3555 1232,3547 1284,3538 1335,3529 1387,3517 1438,3508 1490,3498 1541,3486 1593,3474"/>
                <TextEquiv>
                    <Unicode> den een de l</Unicode>
                </TextEquiv>
            </TextLine>
            <TextLine id="r1l39" custom="readingOrder {index:38;} place {offset:12; length:6;}">
                <Coords points="540,3782 717,3712 1039,3672 1158,3694 1233,3641 1316,3663 1363,3599 1501,3575 1490,3517 1451,3511 1420,3550 1323,3540 1133,3614 1043,3581 913,3645 774,3628 684,3689 567,3670 525,3701"/>
                <Baseline points="540,3741 587,3732 635,3725 682,3716 730,3709 777,3701 825,3693 872,3684 920,3676 967,3668 1015,3659 1062,3651 1110,3642 1157,3633 1205,3624 1252,3614 1300,3604 1347,3594 1395,3582 1442,3571 1490,3560"/>
                <TextEquiv>
                    <Unicode>Bennat nach murten verwisen worden.</Unicode>
                </TextEquiv>
            </TextLine>
            <TextEquiv>
                <Unicode>152.
1642.
Ursula Schor von Bey.
Es hatt zwar nechermahls disere weges
persohn nit gestendig hyu wöllen, daß 
die Hranc Stackfischen selbsten genommen uß
hnbsteriebdet habe, sondern synn ihre von für
procebli frauwen ze verkancfen uberliferet
worden, alß sy aber uß er gn uhrirn
weelch den 1. dec diß mit mehrerem erst
Joly s mynes hochl hrrn kirhen und hrr
Grosweibel Terbers exammit worden
hatt sy ohne marter bekennen müeßen, daß
y selbige za verkoufft genomen vnd
zeverkauffen geben, daß sy aber so vil
entfröebdet alß geklagt werden, daß
su nit, sondern habe ner die fenig ge¬
moren, so sy der lohner zeverkauffen geben
daß sye ihro aber von herren ledt
settet ein gr obrigkeit, die wöllenbe
dercken, daß sy soliches uß hochstere Niege
und huegert nocht gethan und sy nit
nach strenge darumb abstraffen.
Alß aber auch ermelte tohneri mit ihr
confrontirt worden, hatt sy anzeigt sy har
ohngfahr 14 thag vor Martini ihra die lis
zuerkauffen geben by ohngfahr 23 stuk
dere jedeß ein pfaldt oder darby gewogen
und gesagt, so marße dieselbig ener vosti
verkauffen, die sy nit kamnsen dorfen, sy
auch etlich stack Beatysei dorty gs
o sy ihro hernach aber widrgeben und die
stackfusch ihro verkaufft umb 3 h die erste
die andern aber Amb 10 k Ab. vnd ihre
das gelst zugestelt, habe aber nit gewüsn
dt saen vogti sch 
wohl darvon hette hüeth wollen.
 den een de l
Bennat nach murten verwisen worden.</Unicode>
            </TextEquiv>
        </TextRegion>
        <TextRegion orientation="0.0" id="r2" custom="readingOrder {index:1;}">
            <Coords points="1574,260 1574,419 1622,419 1622,260"/>
            <TextLine id="r2l1" custom="readingOrder {index:0;}">
                <Coords points="1568,354 1576,355 1578,359 1583,355 1607,389 1613,387 1625,391 1635,337 1626,334 1590,280 1582,279"/>
                <Baseline points="1574,360 1622,369"/>
                <TextEquiv>
                    <Unicode>d.</Unicode>
                </TextEquiv>
            </TextLine>
            <TextEquiv>
                <Unicode>d.</Unicode>
            </TextEquiv>
        </TextRegion>
        <TextRegion orientation="0.0" id="r3" custom="readingOrder {index:2;}">
            <Coords points="1668,250 1668,425 1772,425 1772,250"/>
            <TextLine id="r3l1" custom="readingOrder {index:0;}">
                <Coords points="1664,390 1683,390 1692,384 1706,389 1714,377 1742,370 1747,362 1761,368 1782,359 1763,287 1750,290 1741,286 1730,299 1721,299 1710,308 1687,334 1679,329 1672,338 1651,340"/>
                <Baseline points="1668,375 1694,371 1720,363 1746,355 1772,350"/>
                <TextEquiv>
                    <Unicode>eb.</Unicode>
                </TextEquiv>
            </TextLine>
            <TextEquiv>
                <Unicode>eb.</Unicode>
            </TextEquiv>
        </TextRegion>
        <TextRegion orientation="0.0" id="r4" custom="readingOrder {index:3;}">
            <Coords points="1728,734 1728,884 1758,884 1758,734"/>
            <TextLine id="r4l1" custom="readingOrder {index:0;}">
                <Coords points="1720,858 1738,857 1756,840 1766,840 1766,793 1752,793 1744,799 1735,800 1732,803 1727,799 1720,799"/>
                <Baseline points="1728,834 1758,834"/>
                <TextEquiv>
                    <Unicode>C</Unicode>
                </TextEquiv>
            </TextLine>
            <TextEquiv>
                <Unicode>C</Unicode>
            </TextEquiv>
        </TextRegion>
        <TextRegion orientation="0.0" id="r5" custom="readingOrder {index:4;}">
            <Coords points="1739,122 1739,3728 3021,3728 3021,122"/>
            <TextLine id="r5l1" custom="readingOrder {index:0;}">
                <Coords points="2203,239 2234,240 2277,202 2373,223 2414,175 2461,180 2479,166 2512,168 2501,108 2446,85 2417,108 2350,88 2272,154 2245,144 2228,159 2189,162"/>
                <Baseline points="2205,206 2232,204 2259,200 2286,196 2313,190 2340,186 2367,180 2394,174 2421,169 2448,164 2475,161 2502,159"/>
                <TextEquiv>
                    <Unicode>1642</Unicode>
                </TextEquiv>
            </TextLine>
            <TextLine id="r5l2" custom="readingOrder {index:1;}">
                <Coords points="2003,517 2170,453 2767,344 2747,240 2671,214 2628,255 2493,252 2407,370 2231,324 2115,425 1994,474"/>
                <Baseline points="2007,497 2044,487 2082,478 2119,468 2157,459 2195,450 2232,442 2270,433 2307,424 2345,416 2383,408 2420,400 2458,391 2495,385 2533,377 2571,370 2608,362 2646,354 2683,348 2721,342 2759,335"/>
                <TextEquiv>
                    <Unicode>nn Sonmnntar don</Unicode>
                </TextEquiv>
            </TextLine>
            <TextLine id="r5l3" custom="readingOrder {index:2;}">
                <Coords points="1996,579 2136,534 2221,552 2250,510 2329,544 2358,511 2488,515 2648,424 2768,417 2756,354 2530,422 2409,410 2313,460 2033,488 1984,520"/>
                <Baseline points="2000,560 2039,552 2079,542 2119,533 2159,525 2199,516 2239,508 2279,498 2319,490 2359,482 2399,474 2439,466 2479,458 2519,450 2559,442 2599,435 2639,428 2679,420 2719,414 2759,408"/>
                <TextEquiv>
                    <Unicode>bedige ztegenl.</Unicode>
                </TextEquiv>
            </TextLine>
            <TextLine id="r5l4" custom="readingOrder {index:3;}">
                <Coords points="1732,787 1903,772 2232,653 2294,682 2428,625 2530,643 2596,589 2789,611 2938,538 2929,492 2684,542 2511,518 2250,630 2062,580 1957,674 1828,618 1711,683"/>
                <Baseline points="1739,783 1798,764 1858,746 1917,730 1977,714 2036,699 2096,684 2155,671 2215,659 2274,648 2334,635 2394,626 2453,615 2513,605 2572,595 2632,585 2691,576 2751,566 2810,556 2870,546 2930,536"/>
                <TextEquiv>
                    <Unicode>Ruchden dißere jeybspersohn von ihrerer</Unicode>
                </TextEquiv>
            </TextLine>
            <TextLine id="r5l5" custom="readingOrder {index:4;}">
                <Coords points="1782,861 2617,660 2869,701 2933,675 2912,561 2786,611 2657,586 2528,649 2462,627 2289,695 2097,680 1980,766 1768,789"/>
                <Baseline points="1785,837 1841,821 1898,804 1954,789 2011,776 2067,762 2124,751 2180,738 2237,728 2293,717 2350,708 2406,698 2463,688 2519,679 2576,670 2632,662 2689,654 2745,645 2802,637 2858,629 2915,620"/>
                <TextEquiv>
                    <Unicode>tochterman der segferen und derglychen</Unicode>
                </TextEquiv>
            </TextLine>
            <TextLine id="r5l6" custom="readingOrder {index:5;}">
                <Coords points="1791,914 2009,854 2059,875 2128,818 2270,857 2394,784 2554,832 2774,735 2881,756 2920,686 2665,670 2534,725 2411,711 2292,780 2200,739 2120,806 2006,794 1966,843 1842,834 1786,886"/>
                <Baseline points="1797,909 1853,894 1909,878 1965,865 2021,851 2077,839 2133,827 2189,816 2245,805 2301,796 2357,786 2413,778 2469,769 2525,761 2581,754 2637,747 2693,740 2749,733 2805,726 2861,719 2918,713"/>
                <TextEquiv>
                    <Unicode>abergleibigen sachen und daß sy ihme syn</Unicode>
                </TextEquiv>
            </TextLine>
            <TextLine id="r5l7" custom="readingOrder {index:6;}">
                <Coords points="1793,992 1903,961 1980,991 2043,926 2215,889 2426,868 2547,900 2616,846 2804,828 2865,866 2908,825 2896,746 2534,834 2415,787 2271,858 2158,824 1783,927"/>
                <Baseline points="1799,980 1853,966 1908,952 1963,940 2018,928 2073,917 2128,908 2183,899 2238,890 2293,882 2348,874 2402,867 2457,860 2512,854 2567,846 2622,839 2677,833 2732,826 2787,819 2842,811 2897,803"/>
                <TextEquiv>
                    <Unicode>tochter hinderufs und wider synen willen</Unicode>
                </TextEquiv>
            </TextLine>
            <TextLine id="r5l8" custom="readingOrder {index:7;}">
                <Coords points="1810,1065 1884,1089 2102,980 2312,957 2417,987 2451,946 2623,960 2661,919 2851,891 2920,917 2945,820 2865,866 2801,831 2334,929 2125,912 1962,996 1862,968 1803,1020"/>
                <Baseline points="1815,1050 1871,1037 1928,1023 1984,1011 2041,999 2097,989 2154,979 2210,970 2267,962 2323,955 2380,947 2437,941 2493,935 2550,927 2606,921 2663,914 2719,908 2776,900 2832,893 2889,885 2946,878"/>
                <TextEquiv>
                    <Unicode>entführ und in derglychen boßer stacken</Unicode>
                </TextEquiv>
            </TextLine>
            <TextLine id="r5l9" custom="readingOrder {index:8;}">
                <Coords points="1797,1151 1986,1138 2107,1077 2308,1104 2453,1031 2836,1043 2891,980 2976,974 2965,883 2827,950 2754,913 2670,975 2586,939 2511,986 2453,945 2415,995 2334,971 2248,1035 2137,996 1882,1091 1788,1076"/>
                <Baseline points="1802,1127 1860,1117 1918,1106 1977,1096 2035,1086 2093,1077 2152,1069 2210,1060 2268,1053 2327,1045 2385,1038 2443,1031 2502,1024 2560,1017 2618,1011 2677,1004 2735,999 2793,992 2852,986 2910,981 2969,974"/>
                <TextEquiv>
                    <Unicode>vnderwisen habe, verklagt gefenk</Unicode>
                </TextEquiv>
            </TextLine>
            <TextLine id="r5l10" custom="readingOrder {index:9;}">
                <Coords points="1810,1217 2027,1227 2157,1152 2220,1176 2482,1108 2926,1103 2917,1021 2531,1080 2457,1043 2413,1092 2242,1115 2136,1077 1998,1149 1930,1129 1806,1176"/>
                <Baseline points="1818,1212 1872,1200 1927,1190 1982,1180 2037,1169 2092,1160 2147,1153 2202,1144 2257,1137 2312,1130 2367,1123 2421,1118 2476,1112 2531,1106 2586,1102 2641,1098 2696,1094 2751,1091 2806,1088 2861,1085 2916,1083"/>
                <TextEquiv>
                    <Unicode>lich gezogen und exanmet worden, hatt sy</Unicode>
                </TextEquiv>
            </TextLine>
            <TextLine id="r5l11" custom="readingOrder {index:10;}">
                <Coords points="1810,1347 1878,1286 2059,1287 2147,1232 2558,1248 2652,1184 2854,1211 2921,1179 2915,1126 2764,1152 2707,1122 2351,1200 2196,1159 2026,1229 1796,1226"/>
                <Baseline points="1812,1293 1867,1282 1922,1271 1977,1262 2032,1252 2087,1246 2142,1238 2197,1231 2252,1226 2307,1220 2362,1215 2417,1210 2472,1205 2527,1201 2582,1196 2637,1191 2692,1187 2747,1181 2802,1174 2857,1169 2912,1161"/>
                <TextEquiv>
                    <Unicode>wwar damahls etliche derglychen sagen</Unicode>
                </TextEquiv>
            </TextLine>
            <TextLine id="r5l12" custom="readingOrder {index:11;}">
                <Coords points="1806,1396 1870,1418 1916,1369 2095,1328 2139,1354 2342,1307 2422,1340 2509,1298 2644,1296 2729,1352 2870,1271 2866,1230 2653,1234 2607,1198 2542,1266 2428,1224 2345,1278 2276,1230 2236,1276 2189,1246 2096,1305 1925,1296 1802,1355"/>
                <Baseline points="1811,1373 1863,1363 1916,1356 1968,1348 2021,1341 2073,1334 2126,1328 2178,1323 2231,1318 2283,1313 2336,1309 2389,1304 2441,1301 2494,1296 2546,1293 2599,1289 2651,1285 2704,1281 2756,1278 2809,1274 2862,1269"/>
                <TextEquiv>
                    <Unicode>angeben und bekent, wyl aber sithar</Unicode>
                </TextEquiv>
            </TextLine>
            <TextLine id="r5l13" custom="readingOrder {index:12;}">
                <Coords points="1786,1465 1990,1496 2244,1407 2400,1441 2539,1392 3025,1369 3020,1308 2764,1311 2721,1349 2613,1298 2374,1373 2288,1330 2150,1393 2012,1368 1953,1414 1782,1412"/>
                <Baseline points="1794,1457 1855,1448 1916,1440 1977,1433 2038,1426 2099,1419 2160,1414 2222,1407 2283,1402 2344,1398 2405,1394 2466,1390 2527,1385 2588,1382 2650,1378 2711,1374 2772,1371 2833,1368 2894,1365 2955,1362 3017,1359"/>
                <TextEquiv>
                    <Unicode>dorch zugelangte berichten s d vernerer</Unicode>
                </TextEquiv>
            </TextLine>
            <TextLine id="r5l14" custom="readingOrder {index:13;}">
                <Coords points="1807,1560 1851,1582 2078,1516 2157,1543 2346,1484 2957,1493 2953,1429 2826,1409 2765,1448 2697,1400 2436,1456 2115,1435 2039,1495 1802,1477"/>
                <Baseline points="1812,1533 1868,1529 1925,1523 1982,1519 2039,1515 2096,1510 2152,1505 2209,1501 2266,1497 2323,1493 2380,1489 2436,1486 2493,1482 2550,1480 2607,1477 2664,1474 2720,1472 2777,1470 2834,1469 2891,1468 2948,1467"/>
                <TextEquiv>
                    <Unicode>regneren, so sy solle verebt haben, ver</Unicode>
                </TextEquiv>
            </TextLine>
            <TextLine id="r5l15" custom="readingOrder {index:14;}">
                <Coords points="1808,1659 1869,1616 1960,1642 2218,1584 2292,1633 2422,1583 2527,1641 2670,1581 2776,1629 2837,1579 2912,1621 3009,1592 3005,1509 2931,1485 2885,1518 2813,1484 2726,1536 2559,1492 2463,1557 2349,1518 1804,1570"/>
                <Baseline points="1814,1614 1873,1610 1932,1607 1991,1603 2051,1598 2110,1595 2169,1590 2228,1587 2288,1583 2347,1580 2406,1576 2465,1574 2525,1571 2584,1568 2643,1565 2702,1563 2762,1561 2821,1559 2880,1559 2939,1557 2999,1557"/>
                <TextEquiv>
                    <Unicode>stendiget worden, haben deselben nohtwendig</Unicode>
                </TextEquiv>
            </TextLine>
            <TextLine id="r5l16" custom="readingOrder {index:15;}">
                <Coords points="1811,1716 1953,1749 2275,1672 2778,1700 2829,1662 2969,1672 2938,1606 2714,1636 2659,1596 2487,1650 2412,1585 2287,1635 2216,1581 2124,1640 1809,1653"/>
                <Baseline points="1818,1709 1875,1703 1932,1698 1989,1693 2046,1689 2103,1685 2160,1682 2217,1679 2274,1676 2331,1674 2389,1671 2446,1670 2503,1668 2560,1667 2617,1665 2674,1665 2731,1664 2788,1662 2845,1662 2902,1661 2960,1661"/>
                <TextEquiv>
                    <Unicode>befuden sy darüber mit angrendung der</Unicode>
                </TextEquiv>
            </TextLine>
            <TextLine id="r5l17" custom="readingOrder {index:16;}">
                <Coords points="1810,1811 1995,1781 2083,1820 2213,1772 2313,1833 2397,1761 2986,1775 2985,1715 2855,1683 2534,1735 2349,1680 2288,1743 1808,1730"/>
                <Baseline points="1818,1797 1876,1792 1934,1785 1992,1781 2050,1777 2108,1772 2166,1770 2224,1767 2282,1764 2340,1763 2398,1761 2456,1761 2514,1760 2572,1760 2630,1760 2688,1760 2746,1760 2804,1760 2862,1760 2920,1760 2979,1761"/>
                <TextEquiv>
                    <Unicode>Marter mehrers ernsts Exammires vnd be¬</Unicode>
                </TextEquiv>
            </TextLine>
            <TextLine id="r5l18" custom="readingOrder {index:17;}">
                <Coords points="1811,1900 1933,1926 2023,1873 2116,1910 2217,1857 2342,1892 2595,1861 2670,1895 2731,1856 2787,1892 2898,1858 2896,1790 2799,1812 2665,1771 2582,1822 2420,1763 2314,1832 2126,1832 2044,1787 1926,1842 1809,1814"/>
                <Baseline points="1818,1877 1871,1875 1925,1872 1978,1871 2032,1868 2086,1866 2139,1864 2193,1862 2247,1860 2300,1859 2354,1857 2408,1856 2461,1854 2515,1853 2569,1853 2622,1851 2676,1851 2730,1851 2783,1851 2837,1851 2891,1853"/>
                <TextEquiv>
                    <Unicode>fragen ze laßen, weliches dar mohntags</Unicode>
                </TextEquiv>
            </TextLine>
            <TextLine id="r5l19" custom="readingOrder {index:18;}">
                <Coords points="1807,1986 1926,1971 1988,2023 2100,1963 2217,2002 2492,1964 2562,2006 2672,1945 2767,1942 2865,1998 2962,1967 2960,1893 2817,1907 2741,1860 2496,1920 2378,1870 2313,1904 2212,1875 2153,1918 2065,1880 1881,1946 1806,1919"/>
                <Baseline points="1814,1964 1871,1962 1928,1961 1985,1959 2042,1958 2099,1955 2156,1953 2213,1952 2270,1950 2327,1948 2384,1946 2441,1945 2498,1943 2555,1943 2612,1941 2669,1941 2726,1941 2783,1941 2840,1943 2897,1944 2954,1946"/>
                <TextEquiv>
                    <Unicode>den5. diß in bys myner hoch und wohl</Unicode>
                </TextEquiv>
            </TextLine>
            <TextLine id="r5l20" custom="readingOrder {index:19;} person {offset:16; length:11;}">
                <Coords points="1798,2089 1924,2052 2029,2083 2143,2033 2211,2069 2475,2034 2607,2071 2669,2032 3005,2074 3004,2018 2837,1984 1797,1997"/>
                <Baseline points="1805,2045 1864,2045 1924,2046 1983,2046 2043,2045 2103,2043 2162,2042 2222,2040 2281,2038 2341,2036 2401,2034 2460,2033 2520,2031 2579,2030 2639,2030 2699,2031 2758,2031 2818,2034 2877,2037 2937,2040 2997,2046"/>
                <TextEquiv>
                    <Unicode>geherten hern h Jacob Rachs veroflenen</Unicode>
                </TextEquiv>
            </TextLine>
            <TextLine id="r5l21" custom="readingOrder {index:20;} person {offset:2; length:11;}">
                <Coords points="1809,2154 1916,2141 1990,2185 2086,2129 2312,2121 2501,2181 2747,2125 3001,2163 3001,2072 2893,2043 2810,2092 2759,2050 2592,2078 2542,2046 2331,2087 2272,2046 1809,2082"/>
                <Baseline points="1817,2129 1875,2129 1934,2127 1993,2127 2052,2126 2111,2124 2169,2122 2228,2121 2287,2119 2346,2118 2405,2117 2463,2116 2522,2115 2581,2115 2640,2116 2699,2117 2757,2118 2816,2121 2875,2124 2934,2129 2993,2133"/>
                <TextEquiv>
                    <Unicode>h Abrahem gut vom großen shat, hi sa</Unicode>
                </TextEquiv>
            </TextLine>
            <TextLine id="r5l22" custom="readingOrder {index:21;}">
                <Coords points="1804,2220 2601,2253 2836,2208 2988,2277 2989,2155 2949,2132 2777,2183 2709,2136 2513,2190 2349,2139 2254,2182 2198,2152 1804,2175"/>
                <Baseline points="1812,2208 1870,2210 1928,2211 1987,2211 2045,2213 2104,2213 2162,2213 2221,2211 2279,2211 2338,2211 2396,2211 2454,2210 2513,2210 2571,2210 2630,2210 2688,2211 2747,2211 2805,2213 2864,2215 2922,2217 2981,2220"/>
                <TextEquiv>
                    <Unicode>einel lerbers Großweibels vnd etlichen</Unicode>
                </TextEquiv>
            </TextLine>
            <TextLine id="r5l23" custom="readingOrder {index:22;}">
                <Coords points="1804,2313 1963,2300 2127,2351 2219,2303 2303,2355 2353,2312 2632,2297 2870,2318 2952,2376 2976,2240 2635,2277 2424,2221 2152,2275 1805,2238"/>
                <Baseline points="1812,2286 1869,2289 1927,2292 1985,2293 2043,2294 2100,2295 2158,2297 2216,2297 2274,2298 2331,2298 2389,2300 2447,2300 2505,2300 2562,2301 2620,2302 2678,2303 2736,2304 2793,2306 2851,2307 2909,2310 2967,2313"/>
                <TextEquiv>
                    <Unicode>anderen weiblen berichtet worden, da sy das</Unicode>
                </TextEquiv>
            </TextLine>
            <TextLine id="r5l24" custom="readingOrder {index:23;} place {offset:16; length:9;}">
                <Coords points="1804,2394 2596,2410 2734,2459 2875,2405 2946,2424 2948,2357 2796,2378 2633,2297 2538,2370 2323,2365 2181,2298 2063,2356 1806,2326"/>
                <Baseline points="1812,2369 1868,2372 1924,2375 1981,2378 2037,2381 2093,2383 2150,2385 2206,2387 2262,2390 2319,2391 2375,2393 2431,2394 2488,2396 2544,2397 2600,2398 2657,2399 2713,2400 2769,2400 2826,2400 2882,2400 2939,2400"/>
                <TextEquiv>
                    <Unicode>uber voracheden Segnergen nach nachtob</Unicode>
                </TextEquiv>
            </TextLine>
            <TextLine id="r5l25" custom="readingOrder {index:24;}">
                <Coords points="1797,2490 1959,2460 2185,2518 2290,2487 2492,2517 2569,2491 2630,2518 2646,2436 2486,2405 2384,2441 2315,2399 2280,2432 2247,2406 2124,2439 2022,2375 1945,2419 1878,2383 1800,2410"/>
                <Baseline points="1806,2450 1847,2452 1889,2456 1930,2459 1972,2462 2013,2464 2055,2466 2096,2469 2138,2471 2179,2473 2221,2475 2263,2476 2304,2478 2346,2479 2387,2480 2429,2481 2470,2482 2512,2483 2553,2484 2595,2484 2637,2484"/>
                <TextEquiv>
                    <Unicode>gene begeben und bekent:</Unicode>
                </TextEquiv>
            </TextLine>
            <TextLine id="r5l26" custom="readingOrder {index:25;}">
                <Coords points="1795,2581 2030,2605 2071,2641 2126,2607 2214,2652 2493,2623 2534,2662 2647,2628 2819,2651 2892,2633 2894,2592 2690,2598 2539,2535 2271,2560 2164,2498 1974,2549 1882,2492 1799,2497"/>
                <Baseline points="1803,2573 1857,2580 1911,2587 1965,2593 2019,2598 2073,2603 2127,2607 2181,2610 2235,2613 2289,2615 2344,2617 2398,2619 2452,2621 2506,2622 2560,2624 2614,2625 2668,2627 2722,2628 2776,2630 2830,2632 2885,2634"/>
                <TextEquiv>
                    <Unicode>aißerstlich, daß sy underschidenliche</Unicode>
                </TextEquiv>
            </TextLine>
            <TextLine id="r5l27" custom="readingOrder {index:26;}">
                <Coords points="1801,2674 2151,2685 2295,2736 2372,2693 2452,2754 2549,2707 2983,2736 3005,2665 2876,2630 2736,2684 2472,2626 2236,2669 2139,2611 1954,2641 1804,2588"/>
                <Baseline points="1809,2649 1868,2658 1927,2666 1986,2672 2046,2677 2105,2681 2164,2685 2223,2688 2283,2690 2342,2693 2401,2694 2460,2696 2520,2697 2579,2699 2638,2699 2697,2702 2757,2703 2816,2706 2875,2709 2934,2713 2994,2717"/>
                <TextEquiv>
                    <Unicode>kinder und andere persohnen, theils durch</Unicode>
                </TextEquiv>
            </TextLine>
            <TextLine id="r5l28" custom="readingOrder {index:27;}">
                <Coords points="1803,2754 1895,2743 2012,2798 2075,2759 3016,2818 3032,2739 2843,2718 2648,2761 2549,2706 2449,2754 2372,2707 1938,2718 1807,2670"/>
                <Baseline points="1812,2727 1872,2736 1932,2744 1993,2751 2053,2756 2114,2761 2174,2765 2235,2768 2295,2771 2356,2773 2416,2775 2476,2777 2537,2778 2597,2779 2658,2780 2718,2782 2779,2784 2839,2787 2900,2790 2960,2793 3021,2798"/>
                <TextEquiv>
                    <Unicode>naturliche mittell und trüter, theilß aber</Unicode>
                </TextEquiv>
            </TextLine>
            <TextLine id="r5l29" custom="readingOrder {index:28;}">
                <Coords points="1809,2829 2136,2872 2332,2845 2440,2919 2543,2864 2728,2856 2971,2904 2953,2815 2521,2834 2352,2785 1955,2800 1813,2752"/>
                <Baseline points="1818,2807 1875,2815 1932,2822 1989,2828 2047,2833 2104,2838 2161,2842 2219,2845 2276,2849 2333,2850 2391,2853 2448,2855 2505,2857 2562,2859 2620,2861 2677,2864 2734,2865 2792,2868 2849,2871 2906,2874 2964,2879"/>
                <TextEquiv>
                    <Unicode>durch nach volgeide sagen, wwrirt vnd ver¬</Unicode>
                </TextEquiv>
            </TextLine>
            <TextLine id="r5l30" custom="readingOrder {index:29;}">
                <Coords points="1806,2935 1828,2943 1896,2899 1975,2901 2019,2930 2081,2916 2096,2927 2134,2922 2143,2849 2103,2860 2074,2850 2016,2868 1970,2837 1905,2866 1871,2834 1819,2823"/>
                <Baseline points="1821,2877 1846,2881 1872,2884 1897,2888 1923,2891 1948,2894 1974,2897 1999,2901 2025,2903 2050,2907 2076,2910 2101,2912 2127,2915"/>
                <TextEquiv>
                    <Unicode>sugnet habe.</Unicode>
                </TextEquiv>
            </TextLine>
            <TextLine id="r5l31" custom="readingOrder {index:30;}">
                <Coords points="1813,2983 2270,3023 2329,3063 2384,3026 2454,3059 2664,3027 2702,3058 2903,3053 2930,2979 2528,2962 2442,3000 2008,2954 1957,2908 1891,2960 1816,2932"/>
                <Baseline points="1821,2972 1875,2981 1930,2988 1985,2994 2040,3000 2095,3006 2150,3011 2205,3015 2260,3018 2315,3023 2370,3026 2424,3027 2479,3029 2534,3032 2589,3033 2644,3035 2699,3036 2754,3038 2809,3038 2864,3039 2919,3041"/>
                <TextEquiv>
                    <Unicode>far die kindenweehe, habe sy den kind</Unicode>
                </TextEquiv>
            </TextLine>
            <TextLine id="r5l32" custom="readingOrder {index:31;}">
                <Coords points="1812,3095 1921,3117 1975,3073 2193,3137 2275,3104 2376,3165 2483,3113 2520,3136 2591,3109 2593,3078 2508,3046 2432,3071 2369,3035 2302,3073 2242,3025 2111,3060 1951,2997 1818,3018"/>
                <Baseline points="1824,3045 1863,3053 1903,3060 1943,3067 1983,3072 2023,3078 2063,3082 2103,3085 2143,3089 2183,3092 2223,3094 2263,3096 2303,3098 2343,3099 2383,3101 2423,3102 2463,3103 2503,3104 2543,3105 2583,3107"/>
                <TextEquiv>
                    <Unicode>ob lystendorn zetrinkhn geben.</Unicode>
                </TextEquiv>
            </TextLine>
            <TextLine id="r5l33" custom="readingOrder {index:32;}">
                <Coords points="1803,3178 2116,3216 2160,3258 2321,3204 2989,3263 2992,3219 2895,3175 2827,3213 2474,3151 2382,3190 2279,3105 2129,3160 1957,3090 1887,3136 1809,3094"/>
                <Baseline points="1812,3149 1870,3160 1928,3169 1987,3177 2045,3185 2104,3191 2162,3197 2221,3201 2279,3206 2338,3209 2396,3213 2454,3216 2513,3219 2571,3222 2630,3225 2688,3228 2747,3232 2805,3236 2864,3241 2922,3246 2981,3252"/>
                <TextEquiv>
                    <Unicode>far daß hauptmehr habe sy ihnamen der</Unicode>
                </TextEquiv>
            </TextLine>
            <TextLine id="r5l34" custom="readingOrder {index:33;}">
                <Coords points="1809,3268 2193,3283 2255,3327 2338,3290 2511,3334 2548,3304 2775,3360 2842,3321 2933,3370 2982,3355 2988,3265 2732,3289 2573,3238 2498,3273 2321,3204 2164,3255 1815,3177"/>
                <Baseline points="1818,3236 1875,3245 1933,3252 1991,3259 2049,3264 2107,3270 2165,3275 2223,3280 2281,3284 2339,3287 2397,3290 2454,3294 2512,3297 2570,3300 2628,3302 2686,3306 2744,3309 2802,3313 2860,3317 2918,3320 2976,3326"/>
                <TextEquiv>
                    <Unicode>heiligen freyfaltigkeit einsalben gebrucht</Unicode>
                </TextEquiv>
            </TextLine>
            <TextLine id="r5l35" custom="readingOrder {index:34;}">
                <Coords points="2137,3360 2159,3367 2180,3352 2185,3354 2193,3350 2200,3359 2218,3362 2224,3298 2213,3297 2205,3301 2192,3295 2165,3317 2151,3319 2148,3315 2141,3315"/>
                <Baseline points="2145,3344 2178,3347 2211,3350"/>
                <TextEquiv>
                    <Unicode>har</Unicode>
                </TextEquiv>
            </TextLine>
            <TextLine id="r5l36" custom="readingOrder {index:35;}">
                <Coords points="2237,3355 2246,3356 2247,3358 2252,3357 2256,3362 2269,3359 2278,3360 2281,3330 2270,3330 2269,3328 2263,3328 2262,3326 2258,3329 2250,3324 2240,3323"/>
                <Baseline points="2244,3353 2271,3356"/>
                <TextEquiv>
                    <Unicode></Unicode>
                </TextEquiv>
            </TextLine>
            <TextLine id="r5l37" custom="readingOrder {index:36;}">
                <Coords points="1827,3377 1927,3361 2008,3417 2070,3385 2133,3425 2245,3400 2355,3450 2707,3418 2887,3476 2945,3460 2949,3399 2407,3316 2308,3371 2160,3367 2026,3297 1833,3283"/>
                <Baseline points="1836,3345 1891,3356 1946,3365 2001,3373 2056,3379 2112,3385 2167,3390 2222,3394 2277,3398 2332,3400 2388,3403 2443,3405 2498,3408 2553,3410 2608,3411 2664,3414 2719,3416 2774,3419 2829,3422 2884,3426 2940,3431"/>
                <TextEquiv>
                    <Unicode>für daß eeehe habe sy Ebenmestig</Unicode>
                </TextEquiv>
            </TextLine>
            <TextLine id="r5l38" custom="readingOrder {index:37;}">
                <Coords points="1817,3448 2422,3482 2519,3554 2588,3496 2947,3520 2949,3478 2774,3467 2733,3426 2558,3429 2512,3466 2438,3423 2266,3446 2093,3394 1981,3428 1821,3376"/>
                <Baseline points="1826,3423 1881,3435 1937,3443 1993,3452 2048,3458 2104,3464 2160,3468 2215,3473 2271,3477 2327,3479 2383,3482 2438,3483 2494,3485 2550,3487 2605,3488 2661,3489 2717,3491 2772,3494 2828,3495 2884,3498 2940,3501"/>
                <TextEquiv>
                    <Unicode>geemen der weilig dreyfaltigkeit ein</Unicode>
                </TextEquiv>
            </TextLine>
            <TextLine id="r5l39" custom="readingOrder {index:38;}">
                <Coords points="1830,3520 2181,3598 2414,3567 2572,3607 2675,3572 2747,3632 2842,3597 2969,3618 2974,3540 2921,3560 2831,3495 2744,3530 2602,3496 2520,3552 2306,3479 2176,3528 1880,3455 1832,3483"/>
                <Baseline points="1838,3509 1894,3520 1950,3531 2006,3538 2063,3546 2119,3551 2175,3555 2231,3559 2288,3561 2344,3564 2400,3566 2456,3567 2513,3568 2569,3569 2625,3570 2681,3572 2738,3575 2794,3577 2850,3581 2906,3586 2963,3591"/>
                <TextEquiv>
                    <Unicode>salben gebrucht und die lydenden glider</Unicode>
                </TextEquiv>
            </TextLine>
            <TextLine id="r5l40" custom="readingOrder {index:39;}">
                <Coords points="1833,3611 1871,3629 1907,3608 1998,3661 2049,3663 2082,3696 2156,3653 2210,3668 2269,3647 2275,3589 2219,3582 2182,3601 2098,3562 2039,3587 1994,3557 1937,3584 1874,3546 1840,3545"/>
                <Baseline points="1842,3593 1868,3600 1894,3606 1920,3611 1947,3616 1973,3620 1999,3623 2025,3626 2052,3629 2078,3631 2104,3633 2130,3635 2157,3637 2183,3639 2209,3639 2235,3641 2262,3642"/>
                <TextEquiv>
                    <Unicode>damit geselbet.</Unicode>
                </TextEquiv>
            </TextLine>
            <TextLine id="r5l41" custom="readingOrder {index:40;}">
                <Coords points="2801,3728 2816,3726 2822,3731 2842,3719 2911,3725 2911,3632 2879,3636 2839,3619 2824,3628 2816,3622 2801,3622"/>
                <Baseline points="2808,3708 2839,3710 2871,3708 2903,3710"/>
                <TextEquiv>
                    <Unicode>fu</Unicode>
                </TextEquiv>
            </TextLine>
            <TextEquiv>
                <Unicode>1642
nn Sonmnntar don
bedige ztegenl.
Ruchden dißere jeybspersohn von ihrerer
tochterman der segferen und derglychen
abergleibigen sachen und daß sy ihme syn
tochter hinderufs und wider synen willen
entführ und in derglychen boßer stacken
vnderwisen habe, verklagt gefenk
lich gezogen und exanmet worden, hatt sy
wwar damahls etliche derglychen sagen
angeben und bekent, wyl aber sithar
dorch zugelangte berichten s d vernerer
regneren, so sy solle verebt haben, ver
stendiget worden, haben deselben nohtwendig
befuden sy darüber mit angrendung der
Marter mehrers ernsts Exammires vnd be¬
fragen ze laßen, weliches dar mohntags
den5. diß in bys myner hoch und wohl
geherten hern h Jacob Rachs veroflenen
h Abrahem gut vom großen shat, hi sa
einel lerbers Großweibels vnd etlichen
anderen weiblen berichtet worden, da sy das
uber voracheden Segnergen nach nachtob
gene begeben und bekent:
aißerstlich, daß sy underschidenliche
kinder und andere persohnen, theils durch
naturliche mittell und trüter, theilß aber
durch nach volgeide sagen, wwrirt vnd ver¬
sugnet habe.
far die kindenweehe, habe sy den kind
ob lystendorn zetrinkhn geben.
far daß hauptmehr habe sy ihnamen der
heiligen freyfaltigkeit einsalben gebrucht
har

für daß eeehe habe sy Ebenmestig
geemen der weilig dreyfaltigkeit ein
salben gebrucht und die lydenden glider
damit geselbet.
fu</Unicode>
            </TextEquiv>
        </TextRegion>
    </Page>
</PcGts>
