3024 4032
422 23 531 120 232
983 128 1287 291 1644.
550 182 1668 483 Uff weliche ietzerzehlte der gedachten
571 322 1695 611 Krallerin hoche und schwäre misshandlungen
598 446 1726 705 underschidenliche unküsche thaten, ehebrüch
601 520 1734 783 und an ihrer eignen lybsfrucht trüwloser
593 644 1701 888 wyss verubten grusamen und schantlichen
581 737 1682 943 mordthat, habend hochgenampt myne
573 821 1713 1048 gnedige hern und obern hr. schultheiss
568 939 1706 1154 räht und burger disser freyen loplichen
591 1032 1722 1236 statt Bern uf ihren eydt zuo recht er¬
592 1124 1238 1298 kent und gesprochen
442 1235 1741 1526 Dass sy dem nachrichter selle bevohlen werden,
566 1391 1648 1567 der sya obenuss uf die gewohnliche
589 1472 1738 1663 richtstatt führen, ihra daselbst mit dem
601 1594 1693 1769 schwert dass haupt abschlachen und sy
615 1696 1718 1854 also vom leben zum todt nach keyser¬
608 1786 1538 1941 lichem rechten hinrichten solle.
590 1923 1674 2080 Dissere urtheil ist den 16. martii 1644.
753 2025 1513 2143 an ihra erstattet worden.
