3024 4032
175 89 242 206 12
737 172 1029 272 64x
255 188 1453 427 zu waberen uß laten zender haß, habe e
250 293 1434 494 Iner racb, ein sey tge gehen, ein keße
300 372 1417 546 mit trilch gefahlet und etlich klüegel.
289 457 1465 627 garn entzeikt, ein theils behalten vnd de
286 519 1459 736 ebrig Batrn der Gremplden iu der statt
287 609 844 747 zeverkauffen geben.
190 684 1439 894 Dem Bleicker Im Solgenbach habe er
304 835 1435 987 mit halbt deß Maser Annelis sohn, so
303 906 1436 1087 by Damel wyß dem forster wohnet,
285 989 1487 1154 vnd Keller Casparlis freuw, eins mahls
290 1100 1470 1252 ein groß und ein kleinstack tuch und deß
297 1163 1461 1333 anderen mahls zue gewelte gehoanen auch
300 1255 1471 1430 etliche staub entfroubdet und mit einante
315 1342 1494 1520 getheilt, er aber sege das letste mahl wy
222 1440 1452 1612 ihme ein kind krenck gsin, nit darby gsy
222 1530 1416 1705 Ebenmeßig haben dern im sumner vorge¬
289 1661 1399 1793 molte syne gespanen dem bleiber by
297 1752 1448 1883 Murten gar iu thuch aß einem ghald ge
297 1821 1431 1930 stohlen, weliches ihnen aber abgeragt worden
292 1900 1410 2043 und weng davon gebliben, so sy getheilt
273 1987 1403 2132 und der schumacher zu theils dem liem
264 2062 1298 2202 zu Balm gnei schwager verkaufft
246 2157 1435 2301 ß der spitahl und znhelsheren labnit sy
273 2244 1492 2358 etliche schaff entfrouwdet und in deß Hanß
591 2328 871 2401 zu bemelihen
267 2340 1420 2486 wyßen huß, da das ußgerißenen schel
282 2419 1411 2573 meisters fraue keidtsgelegten, mit ein
271 2507 814 2652 andern verbrucht
252 2612 1369 2750 Vnd hab nit auch den Jonigen diebsthal, so
283 2697 1405 2853 mach vnlengst zu dem Schällenhalzl Juey sab¬
272 2779 1414 2961 gwägs veerbracht und nach verrichtung desel
282 2851 1395 3008 ben zu ihme kommen und gesagt sy haben
268 2947 1372 3114 es zue heiborgpret genomten vnd den
256 3036 1357 3193 KramerHeini Dappens dochherman vor
878 3109 1010 3175 wolle.
263 3104 1385 3306 Borgenstein verkauffen, ae aber syge nit
886 3202 929 3276 3
270 3203 1355 3354 darby gsi, hab erwohl von ihnen
286 3292 1270 3470 gehört, das es gar vil zug gfer sygel.
202 3346 1404 3593 Ite abrigen aber hab nit syne gespenen alß
205 3458 1399 3668 Die beid ußgerißtene und der schwarz sohn
238 3512 1378 3742 macher Taggen genant so zu zuuerwald by
239 3603 1349 3813 dem Kurtzarmler soll gedienet vnd wie
248 3669 1364 3872 er meldet dem feibell von Raggisperg
1259 3760 1346 3884 s
1490 338 1630 495 gember
1506 1099 1621 1213 on seg
1513 1208 1576 1256 Ja
2083 171 2319 283 164l
1633 137 2753 512 gelee sen en
1647 247 2730 549 eertellt, by denen er wyle er nit wohl zu
1631 338 2808 679 fuß sye, nit zyukonnen, wie er sonst gsin wore,
1638 405 2750 767 e aen en
1638 509 2787 802 was gelaßen und daß ubrige syner frauwen
1637 589 2772 916 zaverkauffen ubergeben und ihr belohnung
1627 696 2761 979 davon werden laßen, die habe es dan eint
1632 836 2729 1041 weders der patrin deß forsters s frauw
1634 905 2752 1129 An Zibelen narit, oder aber dem Schnyder
1640 995 2769 1210 am stalden, werlichem syn gespan Bomper
1635 1068 2724 1293 Nigli genant sauch gar til zugetragen und
1645 1179 2784 1359 sich by ihme gusogen vterkaufft, die zum theil
1648 1267 2725 1459 wehls gewüst habnit, daß es entfrorbdeten
1635 1400 1984 1547 zeg ghee ist.
1606 1459 2712 1668 Waß aber den gebeuch, so hern Theologo
1620 1566 2738 1749 lathert unlangest beschechen betrefte, habe er
1627 1645 2774 1801 selbs verhohrlich denselben mit hilff obaege
1982 1764 2140 1831 glaghen
1630 1742 2774 1908 regter gner ge verrichten und uß syner
1630 1849 2420 1991 scharen und sonerhuß by wabern
1632 1901 2815 2039 ein alten silbernen becher. 2 silberig loffell
1648 2012 2689 2142 trrft holz in coffell mit silber beschlagen
1642 2085 2834 2205 zwen roht umbhang darunder einer glab der
1638 2165 2781 2301 ander geffeldet, En gemahleten umbschlag
1628 2236 2707 2381 zwo Fleiebsch deckenen, deren eine raht die
1648 2321 2734 2451 andere wyß. ein blaemtsametigen lyb.
1641 2384 2854 2526 Einschwers parhosen. Ein alt beim par eemelt.
1648 2459 2806 2632 ein gau tischtach ein hauptfüfen, ein haupt
1644 2544 2781 2714 ußziechen. Zechen lyelachen sachs tischlachen.
1638 2628 2847 2793 ein taffelentuch acht handzwechelen, anderhalb
1639 2694 2712 2885 das ets tischfr�chelen vier buffet wechelen.
1641 2774 2730 2977 zwo wyß ziechen zwey heili drey haben
1652 2858 2766 3030 zwen tragen ein zusamengelegtes meßer
1635 2933 2778 3096 ein compass, ein bßebi ybenme�er ier
1650 3038 2786 3186 groß und klein junig kannen. Ein waßer
1667 3085 2788 3272 kannen ein jinig gießfaß ein kupferng
1656 3172 2877 3365 handtbecki zwey Salzbüchsli ein großen dagen
1649 3251 2811 3430 und ein bießbüchsen entfraubden helffen
1652 3321 2857 3518 alß auch ein behtt so albereit zusamen gebunde
1659 3405 2801 3597 war und ihnen aber von den tr�schern abge
1653 3478 2037 3597 sagt worden
1663 3544 1706 3607 n
1635 3576 2860 3772 s der k�rseetz alment habe er by ohngefer
1774 3708 1927 3761 eleiheren.
1643 3649 2808 3822 lich einem halben maß biren entfrömbdet
1624 3678 2801 3912 vnr vbeigen zug aber sege Ihm ein vebe segl
1628 3763 2672 3980 schlag ein rote debi 3 kynlachen und von den
1639 3837 2611 4061 bechern deithalbe fronen zu theil worden.
2781 48 2878 172 13.
