3024 4032
232 99 319 188 42
781 162 1041 291 1642
314 223 1506 502 da es sich dan er vnderschidenlicher oheten alß
338 329 1494 573 zu Vidtrpige vnd andersto zu dienst eehelichen
348 443 1498 674 meistern gebruchen laßen und mit sammen schul
346 547 1487 768 und anderer bebeit sich also durthbringen mögen
349 630 1486 825 aß es aber verschinen sohntags durch Bigt
387 718 1490 892 acher Blagken zu gnem bruder der aldert
356 814 1501 974 rahnet dienet w�llen und aber aldort uber
357 895 1516 1095 nacht syn müßen, syge es mit den obigen a
360 994 1488 1180 persohnen ergriffen und alhero geschikt worden.
372 1104 1496 1241 habe aber menn ahls mit böses gethan, vnd
368 1203 1475 1334 werde sich auch dißmahl nit befiden, das es
371 1263 1503 1419 Iierdem eiich leid zugefegt habe den rockt
379 1364 1504 1461 es anhabe vnd gestohlen worden sye hab es by langenn
387 1421 1298 1515 vor 3 auchen umb 2 fl erkanfft 99
334 1460 1478 1603 llent hiemit alle ver einicher bösen thaten
349 1535 1470 1678 vertbt zehabe nit gestendig hu und hoffen
364 1609 1495 1756 es werdnit geso sy iu ansechen sy von keinem
355 1699 1483 1837 bösen nüt wüßen und nienerob gefunden, nach
369 1787 1490 1923 etwas ab ihnen geklagt werde, der pfanger
378 1873 1466 2007 schafft erlaßen und uff freyer fuß stellen
336 1949 1468 2087 so wollent so sich zus keüftig also halte und
289 2052 1487 2200 wagen, das meinants Ghreüthalb beschädiget
357 2124 1430 2280 noch fry damit lehnenheiget werden
340 2244 532 2362 solleit
308 2278 1422 2398 Disere Anni Haffner ist auch den 4. jan 1642
352 2347 1467 2469 müt dem eycht von Statt und landverwisen worden.
343 2389 1498 2546 Ist 2 mahl far und ein ist mit dem kloinen sein uffjagen
565 2491 1313 2662 Drenn maßt von Bangarth.
304 2610 1483 2814 Glycher gestalten ist auch disere von Eegs
333 2707 1464 2874 stein wegen deß liefen yezugt, so ir ihrer
336 2804 1469 2975 meisterin huß daselbst gefunden worden, alheo
328 2870 1463 3083 gefenklich brachte und durch h dam
335 2946 1454 3144 Müller vom kleinen j Frau von Gonstetten
295 3026 1449 3251 vom großen Rhatt 8. Großweibell Lerbers
317 3113 1444 3339 er Manren strecki biy betroewung dtndkatlich
312 3183 1468 3409 nüt angewenter marter exrminait worden, habe
297 3251 1469 3532 sy doch anders nit bekennen wöllen, also daß
302 3359 1466 3630 zwar syn meistern Babi fyy huder deren e
1419 3528 1464 3585 1
313 3436 1488 3715 wohne etliche bösf bebch sit etwas zyts deh
301 3593 1397 3875 99 entlich aber bekent, sy man hab sy zu schottge
350 3608 1480 3939 stahlen und ihm gesah. Hanß Batbli hernach beschiken
1511 347 1615 466 s
2003 181 2231 297 1642
1612 149 2722 504 ee e
1596 312 2445 590 gnhhe
1588 330 2718 678 plle enn n a
1575 450 2712 754 und ehn hatben saß entfröeldet und symes
1610 530 2540 837 en e li
1603 651 2779 921 Dietor habnit sy ihra auch ein rock melchen
1605 729 2746 993 und 2 bacher schweyung ffeisch und sonsten
1599 823 2711 1065 sil sig s sy sendicht schättell gestahlen
1597 874 2828 1147 zugebracht, ihme syn aber mit alß zuesen davon worden.
1601 988 2777 1237 Sonsth gebeit, sy auch ihrer nachpar dem schu-
1613 1079 2809 1308 macher vil zugetreit, er hab auch eingmahls
1623 1160 2715 1389 mit den bube zu syner meisterin haß gen
1615 1338 1817 1457 truncken.
1587 1360 2768 1533 Item einer so sich Stattißburger nambse habe
1574 1457 2778 1646 Im summer iu laterbach etliche wyberkleiden
1610 1527 2742 1682 entwüldet und syner meisterin Babi Egg
1596 1663 1814 1781 verkaufft.
1591 1704 2797 1871 und alß es seiner meisterin oekuschheit halben
1608 1833 2758 1965 deren sy bezogen werde, befragt worden, hatt
1616 1911 2749 2056 es zwge gseit, es syge deß Pfisters sohn vor
1606 1988 2731 2132 Biglen zwar einmahl by ihro gsin und auch
1605 2090 2707 2207 mit ihra zu nacht geße, aber gnes waßens
1618 2166 2692 2298 nüt boßes mit ihro verbracht, anders he
1599 2235 2065 2367 Ihre nit In prüfln
1682 2318 2588 2509 Ist zwegmahl laher verzegen worden.
1590 2451 2727 2633 Ist den 4. jan 1642 mitt ein erstarcken censur
1624 2558 2729 2724 und vermahnung zur arbeit, ledig gelaßen und
1599 2631 2299 2788 In syn keinat geweisen worden.
1643 2802 2681 2998 Heinrich Fenenar, Sonst Schaffer
1769 2908 2646 3086 genant von Balterschen uß dem
1948 2991 2190 3117 Elßaß.
1569 3029 2783 3247 Dißer ist auch sampt syner frauwen Maria Meyer
1599 3133 2833 3362 huvorgemelt, mit abigene böser gesindei alhero
1596 3198 2689 3396 geschikt und uff glichem thag by der strecki
1586 3306 2771 3505 mit betrongung der matter examinirt worden.
1574 3363 2775 3614 der zügt an, wie daß es nun 3 jahr syge, daß
2787 68 2907 185 43
