3024 4032
2128 215 2427 341 1644.
2057 325 2315 427 Katharina
2010 382 2632 534 Maria Krallerin
2136 465 2468 559 von Truob.
1784 568 2822 744 Nachdem Catrina Krallerin von Truob,
1784 672 2904 808 droben zuo Hassli in verdacht underschidenlicher
1769 740 2831 899 unküscher thaten und dahero ertzügeter
1772 810 2857 972 unehelicher kinden kommen, sonderlich ob solte
1777 893 2929 1094 sy eins derselbigen verwarloset und verderbt
1775 983 2869 1169 haben und ihrentwegen myne gen. hern und
2593 1046 2953 1119 vor etwas zyts
1793 1076 2940 1245 oberen berichtet worden ist sy gewarsamlich
1787 1153 2905 1297 alhero gebracht, wyln sy aber schwangern
1791 1236 2845 1398 lybs gewesen ein zeitlang alhier im
1797 1332 2873 1475 obern spitahl untzit sy ihrer getragnen
1788 1431 2851 1572 lybsfrucht entlediget behalten, uss
1790 1507 2893 1648 ir gn. bevelch aber mittwuchens don¬
1768 1592 2875 1769 stags den 14. diss in bysyn anhören und
1797 1680 2938 1861 gegenwürtigkeit der ehrenvesten, frommen,
1785 1771 2884 1943 fürnemmen, fürsichtigen und wysen herrn,
1787 1870 2909 2020 hr. Abraham von Werdt dess kleinen, hern
1799 1977 2915 2122 Hans Ruodolff Lerbers meistern im oberen
1791 2078 2871 2223 spital dess grossen rhats, hr. Abraham
1776 2167 2923 2304 Sinners grossweibels und etlicher andren
1810 2252 2936 2393 ir gn. dienern der weiblen mehr, ernst¬
1816 2353 2939 2497 nötig und by betröuwung der marter
1816 2454 2941 2593 im oberen spitahl examinirt und befragt
1946 2539 2071 2605 da dan
1803 2551 2950 2680 worden, ist sy freywillig und ohne marter
1808 2623 3028 2770 nachvolgender unküschen, leydigen und unbarm¬
1807 2730 2991 2866 hertzigen thaten bekantlich worden und selbige
1813 2820 2247 2958 bestendig erhalten.
2392 2905 2839 3035 vor etwas jahren
1802 2911 2992 3125 Alss erstlich dass sy sich mit einer gewüssen
1815 2999 2955 3203 mans persohn, Brandöscher genant in
1816 3100 2922 3317 unküschen werken vertrapt, von demme sy
1812 3185 2996 3433 zwar geschwengeret worden, nach zechen wuchen
1821 3296 2994 3532 aber durch unfahl umb ihr lybsfrucht kommen.
1817 3383 3003 3670 Demnach so habe sy sich ebenmessig in fleisch¬
1827 3490 2901 3733 licher unküschheit mit einem jüngling
1838 3563 3038 3850 nahmens Peter Ramseyer von Ruengkhoffen
2922 3803 2979 3892 der
2898 204 3024 314 229
