3024 4032
356 147 440 230 08.
836 217 1161 372 1644
484 240 1616 556 Wyln aber er Stallers solche sir nit bekent
1559 356 1685 490 Jani
501 390 1580 602 lich yn wöllen, alß sind sy daruf beide
503 466 1594 671 mit einanderen hingeberüeft und mit kin
530 577 1582 766 an confrontirt worden, da dan sy die
526 632 1624 846 gedachte Verena Ihme Staller vnderments
508 708 792 875 erhalten.
450 831 1605 1012 daß er sy in ihres meisters huß under
526 950 1630 1106 dero Löübli, dißer sachen halben uff und
527 1011 1660 1161 angewisen habe, den Statthalter derge¬
536 1088 1632 1253 stalten ze beklagen und sy doruf ge
525 1169 1656 1322 geweidt, man sy ihn deß Nohtzwangs an¬
537 1274 1685 1411 klage so werde man ihra alßaro furwerfen,
531 1353 1637 1493 Worueb, sy dar nit gescheuwen hab. habe
549 1431 1635 1590 er ihra geantmortet, sy solle sagen, Er
554 1525 1626 1653 habe ihro daß gwand uff den kopf ge¬
547 1616 1641 1761 worfen, das sy nit hab schreyen konnen.
552 1696 1615 1828 hab sich also leyder durch ihn verführen
563 1758 1623 1913 laßen. Waß aber den brief belange
574 1850 1625 1974 habe er ihro ganz hindereufs denselben
567 1947 1018 2066 angeben laßen.
520 2007 1633 2137 Ungeacht aber sy ihme Staller diß alleß
553 2120 1642 2232 undermunts behalten, hatt er doch nach
544 2192 1659 2308 mahl kein wunde bekantnuß vor sich geben
561 2269 1636 2417 wollen daro allein, daß ansatt er hieter
552 2355 1631 2487 anzeigt Peter Buman ale den brief
555 2427 1648 2590 geschriben, hatt er jezmahl vermeldet,
573 2524 1652 2687 selbiges sye auch nit wahr, dan er selbst
549 2601 1634 2764 denselben und zwar der Verena heider¬
573 2689 1590 2854 ents und ohn ihr wüßen, ir bysgr Peter
544 2775 1658 2948 Bumans dem er die sach geofferboret) ls
578 2877 1376 3040 mit eigner hand gescheiben habe.
553 2978 1651 3172 Also daßer doruf an die marter geschlagen
568 3065 1598 3229 und einmahl lahr, hinmahl mit einem
545 3120 1672 3310 und finmahl mit zweyen steynen uffzogen worden
541 3179 1685 3425 inmaßen er entlich zu rnnde bekantnuß
563 3314 1531 3491 gebracht worden. In der er verjahen.
510 3377 1649 3626 Ei� sye ja leyder wahr, daß er vilgemelte
509 3452 1642 3684 Verena wie sy anzeigt vnder dem gedachten
526 3546 1625 3773 Laübli angewisen habe, den statthalter
1476 3618 1660 3761 Stubi
1700 397 1776 468 iu
1732 776 1793 873 1
2195 285 2506 405 1644.
1765 384 2833 535 Stubi deß an ihra verebten Nohtzwangs
1778 462 2902 590 und violation ihrer magdschafft anzeflagen.
1768 541 2842 658 da doch er wohl gewust, daß ihme hierin
1791 585 2941 729 den einfaltigen thaler usgenommen) ganz unrecht
1774 682 2851 818 geschehe, vnd Er den erste gsin sye, der sy
1783 756 2883 897 heer Jungfrauwschafft beraubet habe. Er
1786 843 2909 986 sye aber vor Nemant anderem darzu vff¬
1752 925 2880 1052 nach angewisen worden, sondern habe es dß
1745 984 2910 1121 eigner bewegneß von Nyd und daßes
1758 1071 2908 1211 wegen so er zu ihme statthaltern getragen
1760 1148 2887 1279 und keiner anderen ursach wegen gethare
1777 1223 2868 1360 nit aber daß er ihne darumb habe begert
1779 1306 2944 1437 viebs laben oder In gefahr deßelben Zebrieg¬
1778 1385 2909 1507 dero er leyder nit gewüst und betrachtet
1785 1450 2926 1594 habe, wie wyd eßsechend die sach sye, dar sonst
1772 1537 2910 1666 sy beide sich albereit entschloßen, so es ihme
1786 1616 2924 1743 etwan gar vbell gahre solte, wolten sy ehe die
1793 1688 2521 1829 sach anzeig und ihn entschlachen
1770 1797 2806 1928 Also se die sach Ime geund der Warheit
1786 1874 2854 2015 beschaffen und anderist nit, daruf wölle
1795 1959 2289 2084 er laben und sterben.
1773 2015 2928 2176 Ihme aber ge diser schware thäler, so er vs
1746 2132 2897 2263 infalt zum theil, zum theil aber uß nyd
1774 2202 2917 2337 vnd haaß den er darob gefaßet, das er Raben
1784 2298 2971 2445 ihme sy versprochne also betragen und verfelt,
1772 2373 2991 2518 von Brund synes herzens leyen. satte gott
1797 2447 2942 2595 den Bern, daß er ihme dißere schware sundt
1789 2525 2981 2700 geditlich verzychen und syn gnedige obrigkeit
1787 2606 2959 2811 ds ihn nit noch syuem verbrachen straffen,
1799 2710 2870 2891 sindern dißere thaler, gnedigklich nachlaßen
1792 2795 2925 2965 illint, so verspricht ern sich ins künftig
1773 2862 2967 3082 dergestalten ze halten und tragen, das syneth alben
1772 2932 2953 3179 kein zeenere klag nit mehr werden gehört werden.
1777 3007 1948 3148 müßen.
