3024 4032
294 104 375 201 102
894 203 1203 336 1644
482 269 1545 518 Bartlome Rubi Statthalter
675 419 1274 546 Im Grindelwall.
690 486 1255 676 Verena Ims Seng¬
1287 547 1414 657 vnd
681 611 1549 792 Peter Stolles vor Bohningen
752 702 1420 850 sonst genant Jaggeler.
435 785 1575 1030 Ile ich dem Vwer Ge: der Phorgrichtliche
473 920 1525 1087 bericht, deß vermeinten nohtzerangs
451 988 1597 1164 deßen Berena Im Seng, Bartlome Rub
475 1107 1636 1244 den Statthalter Im Grindelwald an ihre
480 1159 1598 1325 mit Prolation Ihrer Jungfrauwschafft gwalt
471 1258 1606 1412 hätiger weys begangen zehalten, angeklagt,
473 1337 1591 1485 durch myne hochEhrende her die Eoerichter
480 1411 1623 1593 uberschikt worden und vdn daruß gesechen
471 1509 1613 1653 daß sy ganz widerwertiger meinung und
474 1612 1622 1713 einandern der klag und antwort by aptem
485 1689 1613 1818 nit gestendig yen, alß haben deßweg geg
493 1774 1610 1905 nochtwendig syn erachtet, sy noch verners
493 1849 1613 1990 mit mehrerem Ernst zu bekantnes der
508 1936 1604 2072 warheit zubringen und by betrouung des
493 2008 1611 2115 Marter examinires gelaßen, selbigen betelch
513 2113 1612 2225 hiemit an einen hochehreiden h act Buher
504 2188 1595 2288 Haller abgahn laßen, der dan denselbigen
511 2252 1612 2376 der 15 diß in bysyn hern Aman Kellers
517 2343 1618 2451 erstattet und erstlich sy die gedachte vo
522 2394 1594 2542 rena seng, alleß ernsts die warheit zu
531 2464 1625 2622 offeeteren ermant ungeacht aber scharpfen
528 2582 1613 2701 zusprechens hatt sy vor ihrer vorgeheden,
520 2665 1652 2799 vor ehorgricht wider ihne statthalte reb
515 2732 1608 2895 geführten klegt nit stehen wollen, sonderen
497 2802 1613 2967 nochmahls daruf beharret, daß er sy in
497 2868 1649 3055 Ihrem Rnebett, by beschloßner, so er geofet
513 2955 1620 3124 sye kommen ubergweltigen und umb ihr gneg
507 3046 1631 3226 freuschafft zebring, wie sy sich dan wytloufige
489 3135 1600 3302 und uebstendtlicher vor ehorgricht felüderet,
491 3183 1622 3385 darby sy es gentzlich wolle verblyben laßen,
499 3287 1450 3446 geb wie es den Teyters gahn solte.
478 3365 1609 3575 Und alß sy daruf gefragt worden, wan sy also
473 3476 1609 3656 unschuldig sye, worumb sy dan ußgerißen sye
476 3539 1614 3735 und nit erwartet habe, biß ihre sach ein usgang
482 3613 1651 3835 genommen. hatt sy geantwortet. Es hab einer
1555 3682 1642 3770 der
1543 329 1661 485 Jang
1672 341 1769 460 .
2155 221 2435 361 1644
1745 350 2871 501 der hern khorrichtern, ihra und ihrem byßand
1748 425 2851 562 ein brief an hhrrn landtschryber zu Intarlackh
1755 491 2835 634 zeversorgen geben, wyln sy aber keine andere
1753 562 2877 708 getschafft nit ghan und auch by sich selbs be
1720 622 2877 796 bfude, das sy nit gelts genug mehr by sich haben,
1756 704 2902 835 alß hab nit, y by sich selbst die rechnung gemacht
1737 763 2853 931 Is w�llen selbst obsich rensen, mehr gelt holen,
1751 847 2873 976 den brief selbs versorgen vnd widermmb hinab
1768 921 2878 1052 keunen, der meinung zogen sy nun verreiset,
1764 994 2845 1131 und uß keiner anderen ursach nit, vil
1760 1070 2816 1217 feniger uß sorg oder bößer gewüßee
1760 1145 2885 1291 dan sy auch freyens willens fer sich selbst
1753 1218 2878 1371 widerumb hinab kommen und sich gestelt, den
1761 1305 2533 1438 Ahgang ihrer sach zubewarten.
1728 1381 2796 1537 den Beinden brief belangendt, habe sy
1756 1479 2883 1607 emahl gewust war derselbigen gescheiben
1764 1544 2887 1677 biß uff dero gestrigen thag. Da habe steter
1750 1630 2900 1756 Stoller ihro gesagt, daß seter Buman den
1764 1712 2891 1833 selbiger geschriben, ob ihm Jemants denselben
1754 1777 2894 1899 angeben, waße, sy nit, dermeine aber, alß
1749 1862 2903 1979 sy die sach deß statthalters muter erzehlt
1749 1937 2867 2066 Er möchte damahl gelas vnd von der sach
1749 2025 2077 2131 gehöt haben.
1714 2117 2874 2258 daß sy aber umn verdacht sye mit steter
1753 2195 2896 2346 stoller ein kegerlich läben, verebt ze haben
1737 2273 2880 2383 b sye im Grindelwald oder in Walliß,
1749 2353 2915 2495 da sye nit minder den daß er vnd erschiden.
1738 2425 2944 2580 ich zu ihro kommen und sy der ehe angesprochen
1744 2517 2922 2675 sy ihm auch zugesagt, daß sye aber erst
1755 2589 2549 2728 auch dißer gwalthatt geschech
1748 2677 2895 2857 biruf nun ist gedachter Steter Staller
1757 2799 2922 2937 auch verhört und die warheit anzuzeigen
1755 2848 2932 3040 bemahnt worden, der sagt nun, er sye gueter
1757 2934 2923 3107 schnyderhandtwerk nachgezogen, und wyl er
1752 3027 2945 3190 da hermeb kein herberg gehapt, sye er mitthin
1751 3076 2980 3310 in ihren hu� gelegen, Da habe man ihro neben
1754 3194 2925 3340 anderen gestes in daß gemach gelegt, wo sy
1740 3271 2906 3448 gelegen, da sye nit minder der daß er
1745 3331 2988 3551 zu ihra zun bett gangen vnd mit ihra geredt,
1753 3410 2944 3609 Di habe aber glych gefragt in waß meiung
1756 3466 3004 3748 er zu ihre kömme, habe er grantwortet, in ehren
1764 3539 2925 3764 und begerte ihro zur ehe, ob sy nit wolte
1756 3611 2929 3864 ye hewyb yn hab sy geantwortet. Ja
2778 3848 2923 3930 Dao
2909 248 3028 333 205
