3024 4032
46 191 95 284 4
617 240 847 367 1641.
155 316 1351 545 Daß die Birei belange, so sy solle geschättet haben.
181 410 1355 595 sigt also beschaffen. Alß das obersprtahl glaß fe de
183 510 1350 685 herbst gangen, habh sy by stempflis huß, Birci
206 585 1340 759 aber bengeet, etliche uffgelesen, die ander sy
213 670 1353 828 heißen nemmen, so sy gethan, aber sonsten keies
217 744 803 868 wegs geschuttet habe.
1241 828 1293 902 8
190 813 1362 996 Von dem geklagten entfrorbdeten kerb, dohero
199 921 1359 1059 ihr mas zu redt gestelt worden und hernach uß nyd
205 999 1325 1142 den zun angestekt habe, möchte, wiße sy gentz
240 1068 1362 1220 nüt. Sye hiemit ebigen und andere puecten
238 1150 1336 1298 halben vor Peter Berners volk allein uß Nyd
244 1233 857 1345 und haß angebhn worden.
210 1290 1398 1462 Den 2. sept 1697. ist disere Nadles krieg
245 1397 1385 1547 mit abtrag kostens der pfangenschafft er
244 1466 1358 1619 laßen und ufffreyen fuß gestelt worden.
426 1614 1362 1765 anß Möse und Hanß etc.
183 1735 1393 1886 Disere zwey Knaben, jeder von ohngefarlich
261 1830 1363 1940 Zwolff jahren synes elters, des erste vor
259 1898 1426 2043 dertat by M�llhusen und der ander von Witte
215 1973 1430 2117 ner uß dem Elsaß (so heyen zunamen nit weiß)
264 2039 1454 2194 partig, sind zu M�nfingen in einem kellen nachts
272 2120 1460 2282 ergriffen und alhar geführt und den 7. sept 1691.
266 2203 1454 2369 durch die ehrendeesten etc. H Berß Rudalff
280 2272 1445 2434 Steiger deß kleinen, Hs Abrahum Sibeld deß
296 2343 1441 2506 großen schotts und hs Großweibell Leeber
287 2438 1439 2585 wortlich exammirt worden, haben aber anders
297 2502 1437 2659 mit bekennen wollen, alß das zu Trinstein, dan
305 2569 1448 2754 sy ir einem schürli ubernacht gelegen, Jore bubh
304 2664 1459 2860 zu ihnen konen, deren der einte ein blauen
285 2736 1457 2947 Eschepen anghan vnd groß ghin syge, derunder
308 2804 1439 3003 Gerluß heiße, die habeit sy angewisen, das sy
332 2895 1432 3081 mit ihnen zu einen keller gangnit, da werden
328 2947 1451 3152 sy brot fnden, der im blamern Tscheper syge
298 3035 1472 3238 voran gangen und habe daß schloß uffgebrochen,
310 3111 1459 3326 Eß syge aber ein sparren huden der thür gsin, das
329 3179 1453 3413 die thur nit hab uffmogen, die hrren großen
344 3267 1455 3467 buben aber habeit die thar von einanderen than
332 3317 1472 3543 und die zweg kleinen hinger gestoßen, sy habirt
353 3387 1515 3623 aber nüt nemmen konnen, wyl der ßer alsobald
338 3488 1456 3726 kommen und sy im keller ergroffen, haben auch
364 3566 1499 3798 anders nüt alsbrott nemmen wellen, darzu hab
351 3713 1008 3892 sy der hunger getriben.
340 3691 1453 3962 dise zwen baben sind den 9. sept 1677. durch die
349 3808 1476 4029 bettellvogt gegeißlet und ledig geloßen worden.
1376 377 1553 494 emberen
1970 247 2200 371 1641.
1514 250 2671 561 Den 21. sept 1611 hatt so der Spengler und
1557 378 2663 624 su frauw Maria Seßler wegen der groben,
1538 459 2693 717 schantlichen und unverantwortlichn casmnniei
1546 528 2711 807 Echnach und lesterworten, s sy wider er sy hernn
1560 616 2621 898 Schaltheißer von Erlach und kern Renner
1582 688 2700 940 Wtieding, solhie zevermelden vnvrrechten
1588 751 2709 999 ußgesanmen und zwar gelaugnet, aber mit
1580 835 2675 1110 kindtschafft verwisen werden maeßen, biß
1578 931 2746 1162 vff gnad Mas) die Stett vnd derg Grichte
1604 1026 2668 1257 zneyden den eydt empfangen, jedoch nach
1596 1105 2673 1322 acht thag zihl alhie zublybhn erhalten, also das
1605 1193 2573 1408 daß lenum angaht der 29. sept lied
1628 1355 2742 1555 en 25. sect 1641 hatt Marit Wyher der
1623 1458 2695 1645 wirt bim schlegweag der herschafft dießbach
1625 1517 2730 1710 wegen deß dritten begangenen herenfählers
1618 1583 2769 1802 zezy statt und landvom st hallen thag künftig
1642 1712 2714 1874 biß uff grad Mazu zuneyden ußgeschworen.
1589 1871 2753 2051 Todem hatt damel Rontin wegen deß an
1617 1963 2773 2134 Erar Bucher begangenen fräffels drry Moh-
1631 2066 2309 2209 rag lang ußgeschworen etc.
1763 2162 2610 2351 ridei Sigi von Dannkirchuß
1861 2289 2473 2428 dem Margraffenlandt.
1656 2404 2809 2581 Dagdem vrt laß verschinen huttwyler Mictal
1676 2523 2809 2648 li marckt für gewüßer landtman von Dorveroroht
1691 2611 2822 2733 abents pat zu liebter nacht, synen weg vorbe
1681 2690 2816 2806 meltem huttweyl, nacherhenpas genomen, vnd
1690 2765 2796 2893 vff selbigem an offner straß drey buben vor
1683 2850 2862 2997 weytem gesachen uff den bader gryffen besorgent
1677 2920 2803 3075 sy urf ihne mit steinen worffen worden, hatt er
1712 3003 2842 3148 sich alsobald zu ihnen genecheret und mit enew
1720 3079 2863 3249 sterckenhosolmen stecken uff sy gerühet und deren
1703 3138 2849 3338 hwej zu boden geschlagen vnd zwar Ihren zwei
1698 3227 2861 3422 erwetscht aber nur gemelten Fridli Sigi behalten
1713 3316 2815 3476 mogen und derselbigen nacher Krachfelweld ge¬
1698 3363 2851 3583 führt, der dan volgents uo der landtscheyber
1700 3454 2887 3671 daselbst in abwesen deß landtvagts alter geschit
1707 3541 2938 3758 und den 6. deto 1691 ehr sy sy den ehrensbesten z
1710 3602 2916 3820 S Joharr Rodolff landes deß kleinen, alexander
1724 3694 2969 3920 von dierts deß Großen Ireonung von Graffen
2691 3881 2873 4007 riedts
