3024 4032
248 25 378 107 132
856 75 1110 222 1642.
376 176 1522 460 von den 1600 tag so er den Martische ntrichen
395 298 1548 513 sollen, geben wölle, wolle er ihr bey dene Testamen
389 380 1535 593 handthaben helffen, wyl mur er richerbach ihne
394 464 1531 669 dißyngangen, habe er daruff sy die mattsche
394 561 1558 787 elen angelanget und so vils erhalten, daß d
410 638 1532 806 ersanent ir braßt erkent, und ihme von
403 733 1550 927 den 1600. t so den Martischen gehört herten s
396 805 800 952 zu lohn worden.
339 930 1553 1148 y dem habe er es nit verblyben laßen, sa
411 1041 1551 1178 sy noch verners vnd weyters, Innamen suet
404 1112 1563 1310 vatters und der übrig Orlischen alß deß mansh
409 1198 1541 1326 verwanten, alß die da vermeint, wyb beide
388 1292 1538 1428 ehementschero ohne lybfeler abgestorben, alß
405 1385 1546 1517 solle Hanß Srliß ihres vetteren s gut, zureck
407 1462 1533 1597 und uffen sy fallen, rechtlich angefochten und
421 1540 1540 1669 obwohl er anfenklich sowohl zu sanen, alß
430 1619 1535 1770 alhie verfelt und condemnnt worden, habe er
427 1702 1549 1848 doch hernach die sach so wyb gebracht, daß sy
413 1787 1531 1928 ihne durch eine horuch umb 160 l sedt zu
436 1878 1540 2007 erkent worden, weliche sy ihme constat deß
426 1967 1537 2059 vil mehr zefordern ghashetten) entrichten
432 2046 1549 2181 müeßen, er aber synen mittheben, alßo in der
428 2119 1542 2275 nahmen er auch gehandlet, kinem nüt, das
436 2193 1526 2350 allem Hanß Orli funf fronen dation gegeben.
410 2330 1550 2517 Hernach aber sye er zu ihnen koruen und z
429 2433 1535 2585 angepotten, ware sy ihme die 160 f alßfü
434 2499 1571 2686 ein freye schenkung verehren und gebhn weten,
434 2587 1564 2798 so wölle er sy gegen ihrer widerpart vertrechen
425 2684 1561 2884 und schadloßhalten, auch ihnen daß tertament
446 2773 1547 2954 so er zuvor be kreffen erhalten und bestätigen
451 2824 1561 3060 laßen, widerumb stürzen und brechten halttes
428 2934 1521 3159 vnd ihnen mehr damit gewinnen, alß die
429 3012 1550 3223 11608 währt hey, weliches alß sy es für
425 3108 1559 3350 andern yngangen und sich gegen einanderen w
438 3194 1575 3413 scheiken, habe er daruff ihnen ihre Rechte abge¬
387 3264 1576 3529 forderet und selbige vorgedachtem seckelmeiste
1454 3431 1551 3540 2
418 3348 1563 3657 Rycherbach deme er zuvor bygestanden und dies
1582 2800 1630 2897 0
1586 2042 1647 2175 19.
1571 245 1708 379 ptem
2065 131 2328 263 1642
1698 179 2861 418 lestament vertädigen und handthaben heltfen
1694 245 2884 496 gezeigt uorgewisen und (ihne angst gemacht,
1676 354 2859 589 wie haet er noch angefachten werde, also daß er
1693 446 2847 644 ihne mit solicher tronwgung erschreckt, daß er ihme,
1661 502 2859 718 damit easchn uebereihtiget und mit friden laßen)
1692 573 2831 785 noch 800 f gegeben, davon er aber den Mattischen
1690 680 2814 885 erhen, obwohl ws ihnen versprochen nüt gegeben,
1695 749 2899 944 sondern er Haldi alleß bezogen und Christen ryhen
1698 836 2863 999 bach 100f Joder Beri 100 r und Mariz Kübli o
1690 927 2827 1080 er ihre schuldig gsin 50 l fetrichtet, daß übrig
1688 990 2869 1162 mit lstater jants, wyl er zuvor mit ihme rychenbach
1686 1088 2791 1247 etwas gehandlet, tractit und in dißer sach
1694 1139 2852 1338 gehaltten, getheilt und darüber ihme Rychenbach
1700 1257 2480 1428 ein entschednnsbrieff zugestalt
1681 1370 2854 1527 Letstlich dar, habe er auch etlich Aiminatisch vnd
1682 1481 2834 1629 Malfitzsche sachetn, nit alleins heimlich durch Mittell
1680 1549 2839 1708 einer geltsum componiies und abkauffen laßen.
1696 1659 2870 1774 sondern auch so vil an ihme gestanden ware, ver
1684 1727 2855 1855 schaffet, daß soliche ganz gering abgemacht und
1683 1841 2392 1954 ungestrafft hiegangen waren.
1660 1931 2824 2055 Allß da er zwar Aumam Schnizgebell Christen
1681 2004 2785 2131 Würsten hußfnamwe, licht erkents an offnere
1687 2080 2840 2226 rechten underschidenlicher pundten ihr sehel ehr
1673 2162 2774 2267 lyb und gut betreffent, sonderlich aber der
2177 2231 2606 2300 und gefenklich gngezegen.
1673 2239 2812 2345 Brannerey angeklagt, hernach aber ein ver
1707 2322 2863 2441 schrybung umb 400 f und 10 l zu paren gelt
1671 2402 2850 2529 genomen, vnd sy der gefangenschafft vnd aller
1695 2476 2871 2619 aeklegt, durch mittell einer ihra uff solich endt
1682 2569 2866 2723 zugestelten geschrifft ledig und loß gesprochen
1668 2644 2357 2776 und uff freyere fuß gestelt.
1672 2754 2842 2958 Demnach dar obwohl vor etwas jahren, Er Baldi
1660 2857 2846 3011 einen verloffenen ardet, rei genant den zwey
1657 2935 2826 3101 weyber angesprochen, gefencklich gezachen und marteren
1654 3025 2880 3174 laßen und jr de uff in bekantnuß ihne ußschwing
1658 3106 2861 3279 ze laßen bekohlen, habe er doch soliches nit erstatten
1654 3195 2797 3342 laßen, weniger einiche andere Vrtheil geforderet
1661 3276 2844 3416 sondern vil mehr nach empfachung eines zuckerstacke
2694 3402 2820 3503 ihme
2907 23 3027 123 133
