3024 4032
250 76 369 165 126.
299 245 343 322 7
304 1360 388 1447 8.
327 2134 401 2247 9
826 146 899 231 1
898 121 1155 250 642.
417 175 1504 454 Derners habe er Cchristen Frueschi obnen e
440 334 1509 509 Caurinen bescheldiget und angeklagt, alß
440 406 1520 590 hette er sich iro synem tragenden amcpt nit
435 470 1531 647 der gebür nach verhalten, In dem er alteydt
447 563 1532 723 uffgedinget und dann gewerbet, sich mirt
424 631 1522 809 mirt und gaben bestechten laßen und wider die
456 722 1541 879 Reformation gevrtheilet habe vor synem Tach¬
471 798 1541 963 terwar heine gekaufft und hienut den aeme
460 879 1539 1029 vor der sannen gestanden sye. Da obschogen
442 950 1537 1086 deßen nit gestendig syn möllen, habe er ihne
442 1021 1539 1159 Baldi grentzig deblonger erleggen müßen und
466 1098 1524 1285 er daruff ihn ledigsprechen und ihm ein pr
462 1174 1128 1320 bewahrung geber schelffe
471 1334 1540 1472 vor Ulrich Jaggi ein kneffer, so an kinem
455 1420 1529 1554 sohntig etwas ereberarbeit und geschieb
466 1498 1550 1635 Ins brwundt getragen und deswegen alle
454 1579 1540 1696 reit der buß halben mit dem thorgricht
466 1661 1543 1794 abgeschahtet, habe er Baldi gwolff dabloe
438 1747 1546 1883 bezogen, davon ihme zechen und augnstig rit
446 1833 1571 1970 dem Thorreibell, so In der hach gearbeitet
446 1915 1097 2066 zwo deklonen worden.
471 2069 1559 2189 annethin alß vor etwas abgerichener
467 2146 1535 2319 jahren Hanß Spephan Hynes Bbruders tleich
481 2245 1535 2407 Stepsans Tagk gsin, ihme rechnung gegeben
465 2320 1536 2480 und der vogten ledig erkent worden, her
479 2404 1583 2580 nach aber alß er sich daß zwüschen ihnen entsten
457 2481 1547 2676 denen mißverstants, nit an alle und jede
462 2537 1571 2778 RRrechnungspuncten (iyl selbige Ich mangell
470 2628 1561 2847 das er nit schryben noch läsen können, d nit
464 2722 1560 2936 verzeichnet worden, bedencken mögen und von
483 2807 1588 3043 ssoliches ihres gespans vnd deß bester willen
511 2906 1579 3138 synem bruder Ulrich 40 l nachhire geben un
509 2969 1569 3215 er Kaldi solcheßin in erfehrung kommen, habe
495 3091 1557 3322 er ihne stephan, alß ob er zu syner rechnueg
483 3145 1575 3433 einen Pattschen Eydt gethan hatte, berechtiget
479 3222 1570 3495 und ob er glychwohl abermahl ledig erkent
485 3304 1616 3595 worden und dißere sach sich vor 18 oder 19 fl
1437 3490 1571 3628 der
473 3386 1550 3694 verloffen, doch mit trofwen und schrecket
1615 2216 1665 2292 11.
2051 127 2383 250 1642.
1636 143 2746 447 denselben so forchtsam gemacht, daß er ihme
1545 253 1699 403 ptemb.
1650 225 2801 533 deßwegen 1300 h erlegt und der h statt
1671 346 2523 604 engene 1
1587 456 2770 739 10. Denne alß Jacob Schöpfer vor etwas jahren
1674 503 2779 792 in eheryb verlaßen, sich ins wallißlandt
1681 590 2823 878 vgeben und darüber zn frauw ihne verreffen.
1659 686 2780 931 aßten, haben er noch absterben derselbigen,
1682 761 2833 982 Vater Gandten fur fr. Ge. ihme der getritt
1682 853 2839 1079 dis landt widerumb zeerhalten und zabewerben
1676 928 2785 1163 geschikt, der ge alhero komen und nachderer
1659 1014 2737 1200 ihne vor guten Bern gerahten worden, weyl
1668 1067 2839 1315 schopter nit ußgeschworen, möge er wohl daß
1702 1176 2812 1357 ledt widerumb besuchen, also daß er ihm dißen
1698 1273 2847 1465 bescheid geben vnd ihn Ins Landt koneen hinsen.
1682 1351 2934 1533 druff hab Baldi ihne, alß ob er zu ubertrettung
1699 1426 2838 1595 eines eydt anlaß gegeben hette, für buß
1674 1528 2794 1701 würdig fürgenommen, und ihm ein solchen
1703 1618 2826 1756 sprecken gegejagt, daß er ihme uff ein ihme
1672 1671 2863 1870 zugestelte herbewarnuß zueyhundert und
1694 1766 2860 1959 zweetig fronen versprochen und vor kummer
1706 1861 2815 2028 gestorben, also daß dißere bemelte sum
1696 1945 2851 2123 ihne balden hernach von synen erben ut
1676 2040 2363 2182 wrichtet und bezahlt worden.
1706 2157 2843 2338 Wyters habe er Heinrich Bußmit gewesnen
1732 2279 2835 2414 obman sene ehorgricht zu Gestang alß ware
1721 2365 2858 2487 derselbig zu laure vnd nachleßig In verrich¬
1726 2438 2885 2577 tung selbigen empts vnd bezachung, ober
1681 2515 2838 2670 keitlicher gefellen, gewesen, zwar offentlich
1727 2611 2776 2739 zngeflagt, doch derselben mit zustellung
1657 2708 2882 2845 Einer vnder ner Sigel gestelten vnd ihme
1715 2786 2868 2936 uberliferten eerbewarnuß allenklichen
1720 2879 2904 3046 ledig gesprochen und glgchwohl ihme fünffzig
1713 2981 2271 3120 Fronen abgenomen
1656 3066 1860 3205 Ed
1787 3129 2783 3309 habe er auch zn syiem tragenden
1722 3228 2936 3396 Richterampt vnd Adnumidtration deß Rechten
1736 3312 2907 3467 sich zimlich sparteyisch erzeigt, In etlichen sachen
2791 3461 2885 3536 sich
2851 12 2987 146 127.
