3024 4032
283 87 313 140 1
373 55 478 173 166
917 138 1232 287 1643
572 270 1605 519 möchte er wohl geredt haben, er wechte
574 357 1608 595 daß unghamwr nüt, wan er gott pärte
585 447 1592 671 und sich ihro bewelche, so werde daß en
579 570 1628 774 ghender ihre mit thun, daß sye verstand
596 647 1616 848 aber anderist gsin sye, das sye nit und so
601 746 1613 961 es anderist ußgedachtet wurde, beschehen
599 858 1491 1025 ihme groß gaalt und unrecht
704 944 1482 1125 Ist einmahl har uffzegen worden.
767 1714 1580 1863 Anna Salner, deß bemelten
880 1823 1516 1957 Jacob Ganmers frauw.
1430 1907 1484 2001 1
616 1958 1635 2130 Alß nun die muter auch mit ernstigen
635 2075 1631 2206 worten, dißer sachen halben examinirt
633 2146 1618 2315 und befragt worden, hatt sy bekent
657 2280 990 2379 wie volget.
576 2339 1632 2522 Der Sohn habe den vatter zwiegen wulten
621 2433 1636 2597 daß er ihm daß Hüßli lare und ihmplh
649 2495 1642 2691 mache, ihr zug hiemit genomen und zu
662 2591 1635 2779 stuben uß geworffen und sy glychsem ze
658 2649 1649 2877 huß hierß stoßten wolten und gesagt r
659 2733 1628 2986 habe so wohl recht darzu alßer, fr
655 2835 1641 3048 habe es bezahlt, wseliches der vatter
645 2910 1630 3161 und sy nit lyen wollen, also das sy hieit
665 3007 1648 3226 mit worten an einanderen komen und lrg
676 3097 1663 3349 gebalget, Dar habe der sohn dem tatte
685 3162 1656 3419 alten Bedler, Läcker und allebes
682 3266 1647 3545 e  den  d
675 3361 1659 3629 werde, auch bald die nesen under den her
1448 3492 1595 3663 laß
664 3541 1194 3761 sohen müßen
2081 175 2392 328 1643.
1710 227 2835 565 d e  ah mden e
1584 323 1760 490 Agi
1754 334 2840 629 vatter habe sy und ihr ermerden wollen,
1773 406 2858 684 nöchte zuar syn, allein gescheche dem vatter
1775 492 2871 772 alß ihrem mag damit unrecht, dan daß er
1789 587 2859 863 söliches habe ihne wöllen, könte sy nit sag.
1717 719 2931 986 daß ihro dan euch furgehalten werde, also
1791 826 2849 1038 solte sy ein unsoldig syn und ihrer nach
1783 912 2825 1124 buren Hneneri etwas zufreßen dange
1785 996 2902 1209 worfen, das sy davon drusgangen sgen, da
1800 1082 2873 1322 beschache ihro In dem finten vnd anderen
1800 1159 2870 1379 groß berecht, das soliches nit sye und
1800 1277 2815 1455 unnermehr uffy gebracht werden
1840 1416 2238 1541 olle noch möge.
1742 1637 2877 1822 Vff 5. februarii 1643 sidt die beide vor¬
1830 1719 2875 1883 gesante Ehementschen Jacob Gonner vnd
1814 1803 2685 1961 Anna Salner, sampt ihrer tochter
1818 1894 2890 2030 mit dem eydt von der statt Bern und
1807 1981 2927 2115 dero land verwisen und mit den profosen
1813 2073 2604 2216 uff die greuden geführt worden.
2897 -2 2975 113 167
