3024 4032
279 44 357 137 168
761 34 1029 177 1642.
391 151 1579 372 wort solle geredt haben, konte er d sch
421 262 1502 541 äligzeit nit eig entlich sagen nach langten
405 337 1488 596 vnd ob erselbiges gethare haben mochte,
410 482 1488 664 wie er sich deß ohets gern uff die knnt
413 574 1488 743 schafft verlaßen und underwerffen wolle.
407 637 1497 882 so ware selbiges drunkener wyß beschehen
411 741 1486 956 und patte ir solichem thal gott den
404 863 1425 1063 her vnd zu Ereuse, obtigkeit vmb
402 981 1052 1131 gnad und verzychung.
399 1073 1500 1281 der aber die Vrsach vnd anfanger dise
395 1197 1491 1354 inrolentz gsin, konte er by synem gutten
421 1301 1467 1461 gewüßen nit sagen und habe auch zuvor
416 1391 1502 1541 von keinem anschlag gesort, vil mehr geb
415 1492 1505 1657 Eseter janz der cientenant, sy all
433 1580 1511 1749 erahnet sy sollen nit zuvil drinkh und sechen
435 1697 1493 1852 daß sy siich geberlich und mahl gestellnet,
433 1775 1514 1941 damit ein gn obrigkeit geheret mahl
460 1895 1511 2047 empfangen und sy datum gelobt werdent
425 1988 1483 2141 Eß gezwar nit weniger dan daß by
455 2083 1502 2216 præesentation deß e landtvogts eemelte
420 2177 1513 2325 jants etwas anzeigen wöllen, da geschüsen
437 2273 1485 2438 Schwizgebell ihme In die red gefallen
424 2351 1472 2509 vnd auch einen Schutz, wie er von guem
464 2450 1516 2609 bruder hab heren sagen. In die heche gethen
445 2538 1499 2716 zu welichen Cosplag Baldiß bruder ihm
441 2594 1528 2793 das eherseil gelch, daruff hab jedermans
458 2707 1507 2916 anfangen zu reden und schreyen, daß sie
455 2786 1500 2989 mants es recht hab magen versthagen. Er
430 2880 1517 3088 zwar habe wohl gehört, daß einer geh
455 3010 1487 3204 sagt habe, gabt ihm den brieff) daß er
448 3077 1504 3283 aber w�ße war er gsin syge, waße er nit
397 3168 1492 3414 Eß gen aber die rafflaubp Cheisten suni
410 3263 1518 3499 und Cheisten arm hinder ihm gsen, die krith
438 3344 1457 3607 es beßer wußen vnd darin jugn. vnd
424 3431 1533 3692 wüße er hiemit dißeres uffrühteschenwëse
1393 3504 1525 3640 halt
1954 88 2276 229 1642.
1649 209 2817 422 nüt anders, ußert daß Chrisen schwitzgebeh
1635 292 2747 499 am meythags nach geredt habe, man habe
1654 370 2841 606 ein fastlih getezt der den landtlichten zu reide
1671 463 2787 688 gge, sy wolleit Jah einen Landtsverner
1664 551 2766 787 setzen, der ihnen angenem syn, Mar soll
1647 691 2277 863 ihm nus den eydt geth.
1575 776 2842 983 Way aber den Schutz Im Lanthuß zme fenste
1649 871 2793 1093 iß und in der kuchen gebhan, daß füße
1660 979 2765 1146 er nit, dan er demahl mit dem heren
1665 1076 2784 1256 landtvogt geredt und ihne angesprochen.
1651 1173 2716 1349 daß er ihm zu synem rëchten verhelffen
1648 1315 1821 1413 wölle.
1602 1395 2767 1579 Die sotschafften und brieffen haber auch
1658 1498 2820 1660 nit getragen, anderst den daß Klangin
1649 1606 2777 1741 Baldi und andere ihm von hier brieff
1660 1688 2479 1850 archte gyber zetragen gegeben.
1633 1798 2826 1933 Christen frutschen aber meine er habe selbige
1629 1890 2095 2035 obrieke getragen.
1737 1960 2739 2153 Ist deß ersten mahl lar und deß
1852 2092 2649 2235 wodern mahl mit einem sein
2011 2177 2402 2322 uffzagen worden.
1600 2263 2760 2462 Diser anthoni räber, wylen er der zweyen ersten
1647 2433 2751 2528 pmnth halben vor iner hingerichteten frauwen
1659 2491 2731 2622 sungetlich verklagt worden und in unschuld
1657 2573 2729 2713 mit der marter erhalten. Dargegen aber der
1641 2636 2720 2783 Pffeüheischen worten halben durch kuntschafft uber
1646 2739 2734 2868 weisen worden, ist er ledig gelaßen und uff
1646 2812 2782 2978 freyen fuß gestelt worden, syn gefangen
1649 2915 2728 3060 schafft und ußgestandene marter gegen.
1634 2993 2718 3133 der jenigen straff so er der worten halben
1645 3076 2679 3227 veedienet hette gehalten und gerachnet
1643 3163 1797 3294 worden.
2814 28 2897 133 169
