3024 4032
256 121 339 193 6
919 238 1234 350 1641.
498 220 1506 529 Das Grsins Vorde
654 373 1497 637 deseig letenshe lich
402 480 1516 744 bwohlin war gegeßwürtiger Hanß dierstein
375 575 1518 808 von oberdießbach pertig und izund aber bie
373 657 1479 856 Jahren dohar Iro Hern Adrins Baumgarters
381 744 1503 938 Schultheisen zu vnderseneen Matten wehnhafft
376 835 1499 1018 Bußman vor 19 jahren olbereit wegen das
386 925 1518 1107 mahls Hern Bennern von Wberdt (In syner scheret
387 983 1513 1169 Obendß entfrombdeter zweyer Secken mit port
376 1068 1504 1252 In gefenckliche verhafftung genomen, vnd aber
374 1188 1520 1337 demahlt von Nynen Gnedigen Kren vnd Ober
386 1273 1516 1452 er alß ein starcker junger man der vertroste
380 1368 1501 1525 hoffnung er n Lobwäsen verbeßeren, von
370 1455 1514 1612 dreglichen vnd andern laßeren ablaßen, vnd
375 1538 1516 1718 sich sampt den synigen mit ehelicher hantarbe
382 1637 1494 1781 hrenderhalten trachten wurde, mit einer
382 1721 1504 1877 ernsthafften Censur ledig gelaßen vnd vff
387 1817 1509 1960 freger fuß gestelt worden, hatt er doch soliche
373 1901 1514 2049 Ipe ganz gnedige zuchtigung nit anderer ge¬
375 1988 1475 2112 stalten beferziget und ihme zu wornung
388 2072 1516 2208 dienen laßen, der daß er nachwerts ir sy
390 2161 1505 2301 nen diebischen wäsen jederhys fergefahren
366 2246 1494 2360 vnd sich zu mehr vnd mehr von einer zyt zue
355 2341 1503 2468 anderen Er derglychen Sunden vnd laßeret
355 2390 1487 2574 gewelts vnd viertiefft, Inmaßen daß er
337 2483 1502 2649 auch der 29 letsthingerichenen vgnmonat
357 2560 1491 2726 diß gegenwurtigen Jahes vß aegwohr deß
368 2657 1496 2822 zu Rüeggisperg entfrönbdeten und theilst
316 2733 1511 2935 In inem heiß gefundenen Reißgelts widere
353 2841 1507 3042 Ir hochgedacht myner 4l und ob bander
159 2886 1502 3143 gahoren vn gerahten und volgenth ulf dero befelch
359 2984 1507 3217 dee ehrenvesten, hoch und wohl geachten, fre
168 3118 329 3209 gegene
351 3073 1492 3280 fernemen, fersichtigen Ehehamen vnd gyseg
337 3194 1490 3395 kerrn h SamnelFrëndenrych deß kleiner
341 3243 1502 3480 bs Abrahem Waltharts rpatschrybers h fa
349 3362 1505 3579 nuel Steigers, E. Damel Getschets, 8. Nilu
343 3441 1444 3664 Lobachs deß Jungern daß großen Schatt,
360 3515 1475 3750 s Sammel Lerbers Großweibelß und etlicher
137 3623 307 3722 emarl
142 3691 340 3787 obengerben
358 3624 1479 3854 Weiblen myner g s und or dienern, zu Mehr
1327 3667 1439 3791 und
136 3737 344 3819 3 Aberlen
139 3779 333 3888 enhafts.
1986 242 2214 356 1641
1583 174 2752 584 a
1608 257 2813 649 gegege
1593 352 2695 703 entenn n
1599 442 2823 797 lerterer, entlich aber uff erzeigte gantz eiheniger
1611 529 2856 876 halßwerigkeit und von hochgemelt hr g vernerene
1538 603 2836 970 almpfangenen befelch mit treugt marter Exa
1520 684 2864 1027 verzeindet und zu runder bekantnuß yner verebten
1610 772 2845 1083 hälere und Misthanblunger eemant und gehalten
1529 998 1606 1050 seter.
1604 912 2738 1181 worden, hatt er daruff so wehl mit alß ohne
1542 1037 1593 1105 t
1615 1024 2763 1250 marter zu underschiderlicher mahlen nachvol.
1617 1103 2779 1325 gende vil und manigfalte diebsthal, so wohl
1619 1185 2778 1435 selbst alß durch hilff eohgemelter syner gespanen
1609 1264 2781 1520 begangen zehaben) verjehen, bekent und er
1613 1464 1814 1602 halten.
1582 1485 2811 1705 erstlichen, Daß alß er frytags den 22. octh diß
1595 1585 2807 1759 von vndersewen heumwerts wellen, hab er vnder¬
1616 1663 2730 1827 wegens by Bütschek unfern von Räggisperg
1616 1754 2765 1897 ein tschupelen schaaff angetroffen, denselbiger
1619 1828 2798 1978 gefittet und hernacher zwey daron, mit einem
1616 1927 2702 2070 stecken zu Todt geschlagen, beide geschunten,
1551 1961 1618 2041 I
1607 2014 2782 2132 Eins davon ganz, voro den Anderen aber mir
1614 2098 2759 2233 einstuck, mit sich genomen und ir syrer huß
1617 2179 2147 2314 haltung bruchen wöllen.
1592 2294 2798 2489 Vor ohngefahr einem jahr, habe er mit hilff zweyer
1526 2421 2784 2568 Brngner gepanen zu Reglihwerg uß einem spycher
1525 2486 1612 2540 sgl
1546 2524 1605 2574 26
1610 2508 2797 2650 sein stuck zwilch und sier par schu entfrömbdet.
1533 2568 1611 2618 wart
1546 2588 1718 2681 es
1578 2640 2796 2819 zu schlier mit glycher haff uß einem spycher
1599 2740 2848 2906 den y mit einem ysen uffgebrochen, Einswahls
1598 2805 2810 3003 fueff, vnd des anderen mahls vier roct, nemen
1592 2893 2103 3055 und entragen helffen.
1572 2986 2764 3212 Zu dsaberen habe er mit zu thun syner beiden
1609 3101 2812 3295 gehomnen zum underen mahl zu Bendicht Gaut¬
1624 3177 2791 3374 nets huß (wylen y gehört, das er vil gelt haben
1623 3260 2836 3469 solle) gebrechen wöllen und albereit einmahl
1600 3338 2840 3552 daß tach entblöst, jedoch beide mahl wegli die
1606 3448 2775 3681 hund mechtig gebollen, unverrichteter sachen
1611 3492 2048 3658 versagt worden.
2375 3665 2631 3821 Ebers.
2775 68 2861 176 32.
