3024 4032
80 3238 203 3323 bugefen
113 3289 194 3360 su
93 3320 217 3412 wald
181 98 227 211 8
689 158 932 290 1641.
317 214 1462 499 sy ißt betelch myner s g und oberen mehntge
284 329 1472 554 Den 15. diß zu byzu anhoren und gegenwarterhet
296 406 1423 589 H Margnard zuchenders deß kleinen pr Vieers
299 484 1430 680 Backbratts deß großen schatts und h Sammel
291 569 1445 775 Lerbers Großweibelß zur Scpaten ernstaärtig
307 659 1478 851 examinirt und befragt worden, hatt aber ander
308 721 1450 957 nüt bekannen wollen. Alß daß e nachtem yna
315 817 1459 1007 bei Einliff jahren ich alhie uffgehalten und nit
295 904 1444 1082 Neger Ihr Nahrung gedunnen, habe es sich ver¬
294 996 1457 1192 schmen donstagdr zugetragen, deß alß seß dahein
298 1094 1436 1230 dr mr Michell meinshuß geneget, die kleines
297 1155 1466 1346 magd im schifflichten hus abgehalt und angedichret
305 1251 1427 1413 sy welleg alsort mit einanderern trinben. Hge es
282 1332 1466 1493 mit ihme dörther gangen und erstlich ein halbe
312 1410 1459 1592 maß mit einandern uff der fhürblatten getreufen.
291 1514 1413 1640 vnd hernacher noch ein halbe holen laßen, da
309 1592 1422 1735 hab die magk y zu saab heisen ghan, Czryfels ahn
294 1666 1397 1789 dorueb, das man y ee der kuchi nit drincken
316 1742 1394 1896 eche,) nachdem s In Saab konen, habe sy sich
300 1837 1426 1969 da einweyl alleig uffgehalten, zum fenster hieuß
297 1908 1394 2050 gelagt und hernacher under zur gmach herumb
300 2001 1374 2123 gangb, da als y ein trag gesethen; hab sy
246 2070 1409 2208 sich darzu gezecheret vnd den schlencken doran
301 2146 1388 2280 hert gezagen zusuchen ob er beschloßen oder nit.
295 2222 1415 2364 da ige er alsald uffgangen und habe sy darin
287 2304 1421 2445 vil kragen gefinden, davon sy leyder ihuen ge¬
294 2384 1396 2532 nomen vnd In Sack gesoßen, vnd hiemit den
256 2471 1442 2599 trag wider beschlseßen wollen, vnd erdeßen aber
279 2548 1362 2683 gge die kleine magt komen und hab gesechen
253 2621 1387 2753 das ey etwas genommen, hiemit gefragt waß
268 2697 1395 2869 sy habe, alß sy aber geantwortet nüt. hab es
276 2783 1386 2908 abermahle gesagt, sy hab in aterasi hab sy entlich
267 2864 1410 3009 e bekent sy habe 2 fragen, weliche die beide
264 2931 1451 3112 mägt sy ihre widerumb genommen und dem meister
275 3007 1391 3200 gebracht, der habe sy also bald daruff zet keffe
257 3087 1423 3279 thrren lasen mit ampt yner magd vor welicher
257 3157 1385 3364 aber (alßo verdechtig war y nit sigen krnne
250 3230 1397 3419 das sy ihra darzu gehorffen, sondern nur gesagt
272 3324 1349 3528 sy solle mit ihrene nan zi spal, könne und
262 3370 1440 3571 wüße anders nüt ze bekennen. Die veerschlißel
270 3466 1386 3643 so sey by sich ghag gehöre der einte zu spichell
257 3555 1374 3730 Meges undern stelh der ander zu einem treg
265 3609 1396 3803 dorin den 3 zu einem brecktvogli hu Bere
265 3711 1379 3910 hart kmuels huß, darin sy ehr zug ghan, der 4
278 3765 1396 3976 sig ein maletschloß schlüßelle den sy gefunden,
403 3876 1170 4035 nit wiße, worzu er gehöre.
1451 341 1606 477 ser.
2021 177 2257 295 16 4
1698 155 2747 459 Catharina Kolmar nechst
2667 273 2757 360 a
1791 355 2139 520 vergeneldt
1568 324 2774 685 ihe  eehe
1583 467 2762 755 oob 1641 widrumb durch obwolgemeldten
1609 534 2835 801 mynen hochehrenden hrrn rgaatfherrn Marqnar
1590 614 2730 890 Zechender, vndt Ir Großweybel lerben in
1600 654 2860 954 bywäsen etlicher ihr gn diene in der nüwenstreike
1602 766 2814 1000 vmb bewußten vnd ginder Ihre gefundenen dieb¬
1591 829 2740 1056 stal ernstlich befragt exammiert worden.
1591 997 1949 1150 hat es hehtendt,
1602 948 2379 1192 edi en denche gereateth
1571 1063 2765 1279 daß es mit hilff einer frembden genandt Maria, so
1607 1151 2751 1330 vilmahlen vor dem khauffhauß alhier Ladergwand
1600 1228 2773 1397 feil habe, von welcheren auch die alter er frischigenen
1591 1314 2779 1476 abgekhaufftn habe ) 2 grauw mantell uß Ir gab
1604 1395 2763 1523 viel von Wattenwyl des jungeren hauß genommen.
1604 1490 2808 1668 Vber die Zwen Ihme furgewisnen, hinder Ihme gefunden
1613 1597 2825 1726 vndt durch sy gestolnen bacher, so vermutlich hauß
1592 1652 2915 1789 Rudolf Hagenbergs yu sollendt, gibt es dise lauwen
1612 1734 2770 1855 andtwort, daß ihme den einten andwig weß ei
1602 1793 2825 1937 Student, so verschuinen sommer auch von drebstälen wegen
1606 1880 2801 1997 entwichen geben und zugestelt habe. Möge aber nit
1616 1946 2753 2069 wüßen, wo er mit sölchem harkhommen seye. Den
1610 2014 2761 2125 andren den habe es verschunnen mey Marckt von
1604 2095 2726 2221 einem Silberkremer alhier, so zu vnderst an der
1596 2154 2429 2290 kram gasen feil ghan abgekhaufft.
1586 2292 2735 2441 Verners habe es einen mantel von obgedachtem
1597 2379 2830 2512 audwrig Wyß abgenommen, Der ihme noch ein khin
1617 2455 2789 2587 mit retem sammet uberzogen treylen und noch vil
1609 2516 2488 2657 andere kleine sachen mehr geben habe.
1604 2596 2830 2808 Uber das it hinder ihme gefunden gelt, alß man wo
1626 2717 2772 2871 es mit solches uberkhomen, befragt hat, gibt es
1616 2767 2789 2953 andtwort, daß ihme syn schwester bey 24 lb
1595 2840 2797 3020 zubehalten geben habe, von denen es gleich hernach
1582 2919 2825 3138 obgedachtem Ludi Wyß 10 lb geben, beforderst
1605 2997 2741 3165 aber habe es solche hrn vmbgelter Zachenders
1611 3027 2335 3219 fr wellen zubehalten gebe.
1600 3176 2775 3377 Item habe es noch einen bacher einer frauwen
1589 3268 2637 3463 in der frauw frischigenen matten geben.
1589 3342 2769 3636 Die vier Silberne Knopff habe es der alten
1610 3461 2831 3717 frauwen von Gießbach uß einem trogli ge
1603 3540 1804 3664 stolen.
2495 3789 2722 3938 deß¬
2811 65 2873 160 9
