3024 4032
309 32 472 119 1168
967 145 1279 293 1643.
767 274 1486 514 Da Margerin diß
835 387 1480 568 ferndrigen jahrs hinge
893 472 1532 663 nichten benß derseit
1012 554 1244 679 Hhewyb.
558 561 1622 856 Alß verschmen Jahrs dißer la Mari
582 735 1606 972 gente ehen wegen entfe�rbdeten
576 835 1612 1045 reißgelts zu Kinderlackh Rüeggisperg
589 921 1626 1129 und Im Adelboden und anderer diebschelen
594 1011 1626 1185 gfenklich gezogen und hernach gerichtet worden
602 1099 1635 1293 hatt sich sy so vil schuldig befunden, daß sy
605 1207 1656 1380 sich uß dem staub gemacht und getßwret
600 1298 1659 1464 Wyle sy aber durch ihren man verklagt und
598 1385 1654 1579 angeben worden, Daß sy deß besten hilt zue
596 1479 1623 1636 diebsthalen sye theilhafftig und zue tel
597 1579 1639 1709 vo ihra darzu angewisen worden und sy
613 1667 1628 1807 nun vor ohngfahr14 thagen widerumb er
616 1738 1622 1898 griffen und alhero gebracht worden, haben
598 1828 1608 1976 fr gn bekohlen sy alleß ernsts mit der
619 1940 1637 2050 marter examinires ze laßen, wie dan so
621 2006 1634 2164 liches In bysen der E. fr. f. E. vn
615 2095 1642 2224 h Sampel Fräudenrych Bmehren und deß
607 2196 1620 2342 kleinen, E. Grendia Gruners deß gest
612 2281 1609 2410 rhats h sammel Lerber Großweibeß
594 2357 1628 2510 und etlicher dreiblen den 24. und 16.
615 2449 1621 2612 deß nohrats beschechen und verrichtet
623 2542 1662 2695 worden, dar sy aber anders mit, das er
624 2657 1301 2812 volget bekennen wollen.
598 2696 1650 2924 Alß erstlich habe sy by ohnfarlich drey
588 2794 1654 3057 jahren lang, der boßag lachten und dieben
626 2915 1619 3130 etliche beherberget und gezogen, ihnen
632 2955 1653 3226 gestoler sachen abgenommen und verhauft,
626 3065 1635 3291 daton, sy ihre dan ein gewaße poction
657 3144 1641 3415 gevolgen laßen, daher sy den wehl u
621 3179 1661 3491 den d a geht e
604 3310 1658 3580 todts wohl würdig ware, sonderlich aich
616 3410 1645 3662 das sy sich also gebeßeret und ihre kleinen
610 3463 1686 3760 kinderlin verlaßen und hindengesezet se
1501 3581 1650 3689 Den
2019 192 2342 315 1643.
1697 205 2860 541 denach dan so sye, das jannge gelt, so man
1559 308 1750 435 Jihius.
1715 292 2828 622 e ge
1724 397 2817 682 ihrem muß getheilt und ihro 8 h davon
1686 616 2135 779 d hium
1692 586 2861 889 So habe sy ebenmeßig daß reißgelt, so zu
1728 676 2815 964 Wieggtsorg entragen worden wohl gesechen
1736 816 2702 1028 und 8f darog zu theil bekommen.
1675 892 2874 1175 Daß sy aber von dem reißgelt von Inter
1737 1021 2801 1256 lacken etwas entragen und empfanger
1752 1122 2809 1339 habe, will sy in einichen weg nit gesten
1759 1321 1830 1387 die
1816 1281 2766 1537 Ist deß ersten kags, fumahl lar und
1895 1424 2621 1590 ein mahl mit dem kleinen stein
1832 1531 2726 1677 deß andern thags aber einmahl lar
1898 1585 2752 1727 und 2 mahl mit 2 steinen uff
2042 1678 2414 1831 gen worden.
1959 1715 2043 1826 g
1756 1789 2830 1947 Wyle aber er gn gemntmaßet, sy werde
1776 1900 2806 2014 ihr kertz nit geriut haben, alß ist sy uß
1780 1970 2874 2087 dero bekelch donstags den 9. diß mohnats febe
1785 2045 2824 2147 abermehls mit noch vernerer marter ex
1796 2135 2841 2237 meinat und befragt worden, Da obwohl man
1768 2192 2857 2330 sy scharen, anderist bekleiden und daß erste
1801 2269 2875 2403 mahl mit einem sten, daß andermahl aber
1805 2354 2902 2488 mit zweyen großen steinen uffzechen casen, hatt
1770 2419 2867 2545 sy doch verners und wyters nüt verjahen und
1796 2494 2806 2647 bekennen wollen, Insonderheit aber hatt sy
1791 2585 2855 2726 nrchmahls hoch und thur bezüget, daß sy von
1801 2647 2844 2805 dem entfrombdeten scpeißgelt zu Interlacthe
1804 2724 2887 2892 nüt gewüst und auch nüt davon empfangen,
1819 2793 2936 2978 noch nit sich weggetragen, dan allen ein einzig
1805 2857 2934 3044 keüzer so noch von dem reißgelt zu Rüeggisberg
1803 2929 2018 3049 gfii etc
2878 -56 2996 75 169
