3024 4032
240 26 327 113 16
375 8 466 99 162
991 137 1292 270 1643
642 252 1578 493 Jacob Gonter der Beßeor
744 344 1580 554 Mader Salner syn heßfrauw und
807 420 1511 640 Derominat demer ihr
1029 531 1189 662 Sohn
478 614 1594 864 Oachdeme Ich Mynen sy hern vnd Ober¬
550 699 1603 919 kundtbar worden, waß ergerlichen u
534 823 1620 1035 geberlichen und gottloßen labens, ja
558 908 1594 1075 gonner und syn fraue und deronme
556 991 1570 1172 Bonner ihr sohn, letst verrichener
555 1075 1604 1274 wienacht wuchen zu Habstetten im da
576 1176 1585 1358 mit einanderen verebt und mit waß
566 1262 1615 1462 lesterlichen und ungeberlichen schmacheate
560 1366 1597 1506 der sohn den vatter betitlet, haben
576 1469 1590 1605 hochgemelt vr ge nohtweidig befund
574 1542 1602 1719 sysamptlich gefenklich annemen ze
568 1653 1598 1807 laßen und nebent uffgenomenen in
569 1759 1584 1900 formation auch befohlen sy mit der
574 1843 1613 1984 marter mehrer und ernstiger zu Spa
577 1940 1604 2080 mineres und zu befragen, welches den
567 2026 1575 2175 der 24. Jan. diß Jahrs ihr byse
568 2120 1592 2271 der e. f. f. E. und w. Herr Margand
573 2227 1602 2369 zechenders vor kleinen h. dameb halbes
586 2315 1597 2450 Bor großen shet h Samnel Lerber
590 2383 1618 2546 Großweibelß beschechen und erstettet
578 2475 1620 2598 worden, da dar erstlich der sohn anders
567 2553 1585 2711 nit, dan wie volget bekennen wollen.
512 2659 1622 2866 Erstlich sye er zu Kurnen, ob entfröten
578 2750 1596 2933 dung eines fhermen haffens ergriffen
586 2841 1600 3019 und alhero gebracht worden, da er den
582 2916 1630 3135 von destwegen und daß es syner natu
572 2998 1620 3224 lichen Muter Rev:) Ein Hur, zan
578 3109 1620 3344 In gornigem müt gescholten, nachge
596 3169 1623 3440 thanem widerruff zu kilchdorff, al
602 3263 1591 3512 has gebracht und ire deß Schallen
586 3402 1421 3605 work gescheidet worden sye.
1403 3503 1599 3649 Dem
1288 3548 1356 3689 E
1600 338 1720 454 sunt.
2021 147 2384 291 1643.
1735 210 2785 521 l dich wlch ent
1736 257 2845 618 ent e
1747 346 2796 649 sanen uff dem Wallißberg ermordet
1753 459 2797 723 hette, dahero er zu Buren sye ynzogen
1746 446 2867 797 en i dehet
1754 601 2822 916 end a erfechen ab
1746 699 2828 941 amptsmans die kinder In läben vff deren
1748 794 2784 1073 feldt am schnyden gefunden worden, sye ihme
1780 857 2837 1109 selbigen prectens halbs uberschechen, wyl
1765 964 2841 1177 er aber zu ehewyb Maria Arn verlaßen.
1752 1049 2842 1269 vnd mit einer dienen by Siben Jahr lang
1779 1110 2805 1340 heruebgezogen und fwey unehrliche kindt
1770 1233 2852 1459 by ihro erbëget, sye er mit richten uß
1779 1321 2816 1523 geschmeitt und fydtlich verwisen worden.
1729 1463 2833 1658 Wyl er aber den eydt ubersechen und sich
1747 1552 2911 1746 int sanerlandt beyegeben, sye er daselbsten
1754 1682 2856 1828 von deßwegen und daß ihne zwey wyber
1757 1762 2884 1913 angesprochen, auch gefenflich gezogen worden
1753 1843 2886 2015 Er habe aber nur einern die ehe versprochen
1766 1935 2921 2090 ghan vnd sye die andere allein Syn dirnen
1787 2036 2853 2157 gsie, by deren er dan auch ein Vnehrlich
1778 2127 2851 2259 hidt bekommen, also daß domahls er h
1784 2204 2855 2353 uff solich syn verbrechen ihne ußschwiegen
1789 2292 2875 2437 zeloßen befohlen uff viler lichten farpit
1789 2391 2782 2524 aber die er hievor geartnet ghan, vnd
1792 2466 2878 2608 deß h auptman und Castlag Gald ins
1797 2545 2848 2709 denstschegben von Ie Gn. derselbiger
1809 2618 2467 2771 traff erlaßen worden.
1756 2702 2920 2910 Daß ihme aber fürgehalten werde, er habe
1800 2819 2906 2985 den oder mer labendige wyber, sye zwar
1802 2903 2841 3075 nit weniger den das er von obig synen
1802 2963 2859 3141 biden dienen der ehe halben angesprachen
1809 3068 2888 3260 worden, habe sich aber nit befunden, sondern
1803 3123 2863 3317 sy syn also iro herswyß (rev) mit ihme
1791 3225 2921 3411 herumb gezogen, sonsten habe er zwar mohl
1797 3305 2878 3496 vierwyber gehabt, die erster zwo srag
1791 3366 2959 3603 deren eineri er zwey eheliche kindt beboumen.
1792 3462 2871 3651 habnit ihn verrüeffen laßen, die dritte
1770 3556 3010 3762 I hare deßwegen j obrist von Waterwyl der landvvogt
2781 3628 2847 3701 zu
1821 3626 2720 3770 un inem statthatter 24t Maritz Lübli
1833 3675 2709 3824 5 im Eastlag Baldi i zukerstock er
1821 3736 2063 3873 leg m�he.
2863 -5 2968 77 165
