3024 4032
180 96 282 204 28.
820 168 1014 261 1641
666 243 1262 402 Derena Müller.
320 233 1465 534 Deß ußgerichnen schullmeister Bendicht Greite
292 351 1464 596 ebefrow pürtig von Wißwyl ist vor etwas fervn
267 393 1452 667 Burydorff nachher alhar in gfangenschafft gebrächt
297 493 1453 714 hernach uß inght unnd oberen fenelch durch die ehren
298 542 1471 791 j Damel derber des kleinen hr Peter wyßen, das
311 626 1447 849 großen tahts h sammel Lerbers großweibelss
159 689 1476 910 wesen und anhoren etlicher weiblen hochermelt ir
165 774 280 866 1641
312 780 1479 968 dieneren ernstwortlich zwar examiniert worden,
297 843 1480 1052 thund und laßens auch verübten handels und wandel
292 891 1468 1083 halben sonderlich aber, wie sy sich mit ihrem byermelte
260 967 1473 1162 Arei eheman erzilet und uberige deßelben khündern
296 1055 1462 1227 halten thuge ed hat aber dieselbige ungeacht, a sy zur
298 1113 1468 1291 anderen mahl lahr vezogen worden anders niht a
295 1183 1468 1360 khenmen wöllen, wan das nach dem gesagter ir ehemen
302 1241 1463 1398 der somst by 8 winteren zuo Ruggisperg alldaer e
300 1320 1480 1479 tig sye schull gehalten und syn geehrlichet, syend sy sih
266 1386 1460 1511 Im landbald hie bald dort umbher gezogen, der man
298 1444 1474 1590 gar selben by tra und den kinden gebliben habe sich alle
316 1516 1470 1657 yl gind, so sich Larentz namse und wyß rein zwilchni
146 1520 311 1624 sambt
147 1588 1471 1724 oner mit kleiner fellden an ein schwartz bärtli und ein schwerte
150 1653 1456 1778 brunen fruw by sich habe, welche synem fürgeben nach 300
145 1699 289 1792 gesag
304 1719 1464 1839 vold yngneyt, er aber 2 güstlicg by sich trage und sich
252 1784 1469 1899 vollmahlen zuo Hantzcken und vilbringen zuo ziechin
270 1858 1466 1965 und den einßi, der sich Lumper hand nemme angenommen mit
301 1919 1472 2034 denselben umbher geloffen, biß wylen sya widerumb a
289 1972 1461 2096 troffen, hra allweg ein batz 10 oder 6 das sy den khite
291 2051 1470 2164 brocht habe kauffen mögen, hedhen, sy habe zwar besorget
294 2102 1477 2223 er by diser gsellschafft nit vill guts schaffen werde, e
258 2169 1480 2288 wegen imme solliches sonderlich, das er sich villmal mit w
297 2234 1471 2346 möchteg übernamen offt fürgehalten, darob aber ander
310 2303 1475 2407 neyde alls schleg unnd streich erholet jedoch, das er ni
300 2359 1479 2478 stäben umbgange nützit gründlichs gewüßt, unt it b
303 2431 1465 2549 10 wuchen vor ihrer kindbehti, welche sy in Hans wyse
279 2486 1478 2622 huß zur Bumpfitz, dohin ir mandend syne gespanen soffen
279 2555 1457 2677 mahls kommen gehabt, dan er ihro ußert einem schaff so
282 2614 1467 2747 sy in selbiger sy zu Bumpfit genoßen nitmalten
275 2675 1459 2814 etwas zubracht, abe auch sy sich ußert dem tadb by
263 2734 1479 2847 Rud einem müllerkärer von Hoffingen ein rnchtlichen
269 2801 1463 2949 erzilet, darumb ober abbüßt weder mit stölen nach
268 2848 1463 2997 anderen bösen stuken vertrabt, wie sy sich dan wass
225 2908 1458 3077 widerumb der banden ledig worden möge, darumb sy
227 2963 1463 3165 Ihr s von zäglych got den herren und selbige fleien
220 3035 1470 3215 umb verzychung petet mit ihrer handarbeit auch got
219 3120 1435 3287 unnd ehren heerhalten gantz gsiniet und vorhohnsye
211 3169 1466 3431 Ist glychs fahls zur beßerung zres lebend auc
229 3270 1470 3481 licher arbeit und in ir heimat gwisen worden.
216 3398 842 3577 Den 26. novembris 1641
1458 361 1572 506 1.
2020 163 2210 240 1641
2295 256 2357 313 16
1708 170 2486 456 i rese
1536 197 2733 597 tengder
1556 316 2724 678 oenonn
1538 386 2731 740 en
1528 451 2744 790 Großweibel usingh und oberen benelch ernstlich deß
1516 550 2637 858 und überigen ured lebwesend halb befragt worden.
1529 612 2708 940 Ist sy bekentlich das sy vor etwas jahren mit einem
1528 682 2760 984 gsellen uß dem lueernen gebiet in Hurspeyß revereter
1543 766 2697 1037 vemellden umbher gezogen, darumb ihr gnaden syn in
1541 817 2718 1121 schellenwerkh gezüchtiget, sidhan aber habe sy sich mit
1526 894 2711 1194 Hns Bertschi uß Solothuuner gebiet, verehrlichet und
1557 972 2755 1218 mit temmetey jetznud zuo sant erban diene zur Fryburg
1554 1047 2744 1305 kilchenrecht verrichtet, das zug dan anlangend habe
1547 1133 2771 1331 Ira einfrow uß murtner gebiet biß nach Bumpfig he
1536 1177 2744 1401 tragen ufgeben und dauon 4 bzg zegeben versprochen, anders
1515 1256 2729 1480 Wüsehy nützit ze bekennen, bitet got und vrge umb
1511 1362 2669 1549 verzychuug und erpietet sich schynbarer beßerung.
1528 1437 2752 1646 Ist auch uff ein gute senper siberiert und zur vor
1519 1526 2756 1689 beßerung, auch ehr ihm arbeit gwisen worden,
1542 1637 2014 1762 Den 26. novembris 1641.
1728 1812 2623 1963 Vereria Brunner von Lannd
1939 1918 2648 2046 Wyl bolothurner gebiets.
1527 2003 2783 2147 Demnach auch disere verschinnen Martini merits weg
1512 2107 2783 2190 wegen eines arg wenig by ira erfundenen käses gfeidt
1566 2162 2775 2253 lich angnommen und uff obgesetztem tag uß wyhs undt
1569 2246 2763 2341 oberen gheiß, hierüber und wa sy solleich fost bekommen
1558 2289 2760 2393 ernstlich predgestelt worden, hat sy gendtwortet sad
1557 2352 2769 2476 ein ihro unbekante fraw berürten kuß biß zum underen
1568 2415 2741 2552 thar hinob betragen geben und dartor 7 b heentrichten
1533 2488 2754 2613 verheißen, sanst habe sy mit Caspar wyß einem keßler
1569 2532 2759 2692 so voretwas syts gestorben im Rügsarschreh als ihrem
1563 2601 2760 2760 eheman gewolet und sy sihar by einem monat sich by
1531 2654 2797 2816 ihrer schwester selbiger enden zuzogen zuayon ynhergen
1563 2710 2809 2891 nommen wermit und anderer ehrlicher arbedt sy sich nach
1558 2777 2798 2962 gaben fürgebrung anpietet und v g umb g liberaon
1556 2856 1962 2965 trungenlich pitat.
1569 2949 2791 3159 Auch dise ist den 26. noembris 1641 uff ein con
1571 3050 2788 3222 m sich ehrlicher hanndarbeit ze berehen und undr
1578 3112 2794 3315 verffenn, ledig glaßen und ebenmeßig in Jo hey
1575 3193 2220 3325 mat gewisen worden.
2731 13 2814 126 29
