3024 4032
220 93 330 174 188.
763 137 1030 279 1643
379 216 1510 470 hab es syn glük anderstwo suchen müechen,
393 319 1525 528 wyl es aber keine klezden und kone mittelh
372 412 1528 611 ghann, zu es Ihn dißere bese gedanken ge¬
407 516 1556 723 rachten, daß es ir herr spatiegs huß (by dem
406 593 1529 796 es zuvor dienet ghaß nach volgende stuk
411 675 983 812 entfr�mbdet. alß
406 772 1272 943 namlich ein beun gedytigen rok
426 873 1521 1056 zwey wyberhombder derej es eins am hb¬
435 967 1065 1117 ein sametige happel
437 1071 1109 1204 ein par gäthig strumpf
456 1141 1499 1316 netliche stub solle noch by der Bapprmal
436 1319 1371 1475 Wybers, das habe es ihme genomen
431 1407 1556 1553 zum silberig und ein beschlagnen loffell
451 1507 1544 1635 die zwey Selberig hab es vmb 19 l. vnd
442 1594 1547 1726 den beschlagnen vmb j h. dem weibell
457 1671 989 1783 zu worb verkaufft.
442 1744 1567 1917 ein sametig baret, so es underwegens
441 1858 694 1978 verlohren.
453 1931 1518 2097 Ein Badther so es einer battlerfrauwn
469 2041 792 2133 verkaufft.
452 2092 1564 2282 vir frag, weßer mit einem grnenen
464 2228 618 2352 hetten
453 2270 1509 2426 kern Flein Togli darin bendell und
469 2344 1586 2510 schnner und ein silleren fingerhut gsin.
457 2475 1555 2634 Ein Spiegel so Ihm aber vnderwegens
466 2600 801 2711 verbrocht.
441 2612 1227 2822 Schwarten Glagkenrock
445 2739 1563 2940 Ei Maren Schäryz dem es manti Kyler
477 2833 1441 2982 zu Riching umb 11 hz verkaufft
443 2926 1588 3109 Vnd Entlich noch ein par pantoctell
443 3030 1612 3248 letstlich dan hatt es auch bekent, daß alß
460 3127 1578 3308 es anfangs von Bargdorf komen vnd syn
452 3208 1580 3425 Schwester, so alhie by dem lißmer an der
439 3315 1604 3508 Banegaßen gedienet, heürsuchen wollen, habe
481 3323 1625 3593 et in selbigem huß 10 deren stampf und
466 3454 1638 3671 grock enttrorbdet, der eok syge ihne by
453 3528 1659 3788 der nunen bruyk abgenagt worden, Die strnnch
2040 201 2329 319 1643.
1697 254 2816 466 abe habe es kinei frauren, so nit mehr im
1703 383 2803 514 lant sye ze verkauffen geben, davon es
1706 460 2794 584 ober nit mehr alß by gegfahr 20 l ein
1697 562 1920 676 pfangen.
1710 603 2809 733 Berners und wyters habe es nit biging
1703 680 2812 838 pette Gott vnd ein Gnedige Obergleit
1696 752 2375 903 vmb gnad vnd vorsgfang.
1645 879 2753 1075 ißers Mensch ist der 8. julii 1643 mit
1693 1001 2835 1163 achten ußgeschmeibt, gezeichnet vnd noch¬
1707 1077 2792 1219 mahls mit der eydt von dr gn statt
1722 1151 2483 1307 und landt verwisen worden.
1824 1339 2735 1536 Cahtarina Wenger uß
1975 1485 2552 1616 dem Srauchthal.
1742 1628 2857 1819 sißere ist wegen deß funfter ehebruchs
1728 1744 2834 1911 und fürf anderen harenfühleren uff
1731 1840 2854 2004 8 julii 1643 mit ruhten ußgeschmeitt,
1726 1931 2836 2096 gezeichnet und von er ge statt und
1726 2032 2548 2199 laut eydtlich verwisen worden.
1818 2391 2869 2571 nt Jargreht Danner von Buchs
1838 2519 2861 2678 Elsobet Hangi von Nawentzk
1873 2634 2984 2822 Elßbeht Gagelmran von Bettnaue
1703 2833 2919 3061 Dißere drey wybspersohnen, sindt alß
1745 2963 2899 3109 Untsggangeren von der provcsen er
1741 3043 2964 3228 gatten vnd allero gefendlich gebracht vff
1752 3143 2933 3342 ein stacke Kensur aber vnd Ermanung
1751 3232 2987 3433 zu kerlicher handtarbeit den 10. julii 693.
1761 3372 2708 3551 dederuub ledig gelaßen worden.
2846 177 2954 305 189
