3024 4032
178 91 288 200 14
852 175 1030 273 1641.
280 180 1472 473 ygen ihme aber von Brosnen dem Paurmen
303 299 1470 524 so sich vil solhier In dem kauffhuß befinde, vnd
284 398 1435 621 auch auden bösero znzug habe, widerumb ab¬
273 492 824 624 genomen worden
284 634 1458 878 Alß aber iß allen vmbstehnden abgeor¬n
296 741 1445 972 mein werden tmogen, das er Hanß Derstein
290 829 1458 1015 gu hers noch nit genugsam geramt
277 928 1437 1098 und die wahrheit bekent haben werde, ist
297 1017 1434 1203 er deß nachvolgenden thags den 12. novembris
312 1108 1468 1279 abermahls sr bysyt und gegesweitigkeit
291 1191 1419 1372 vor ihren gemelts mynes hochehrindeg hern
305 1291 1413 1456 hroüdenrychs vom klenen, h nitlauß
315 1373 1423 1525 Lombachs daß jungeri vom großen raht
317 1460 1436 1609 h Sammel Lerbers Grospreibelßs ernst
312 1544 1425 1673 lich examinit vnd volgents an die Mar-
325 1618 826 1760 ter gelegt worden
267 1720 1433 1882 Da er dan vber hievorgemelter zue be¬
306 1823 1439 1970 gangene diebsthal, noch nachfolgende ver¬
302 1895 1112 2038 jahen bekent und erhalten.
237 2020 1433 2199 Wie daß syne beide uß weißene gespangen
269 2137 1358 2281 der schulmeister und Schwendiman gns
279 2208 1427 2347 Schmazer huß uff der lantgarben vnd
887 2289 1005 2349 lg
272 2298 1417 2419 sygnnt mit einanderen zured kommen, wie
273 2367 1435 2521 sy daß mueißgelt zu Rneggesprig uberkommen
278 2459 1392 2594 und entragen könteg, da dan sy unter
293 2536 1356 2686 wylt nach gefasten gahtschlags sich noch
290 2603 1404 2769 besagtem Rüeggjerg zu Haaß Greiten
301 2686 1380 2863 huß begeben vnd demselbigen auch zum
298 2785 1427 2942 theil daron entwortten und er ihnen da
295 2850 1394 2998 rüber geantwortet, er heiße sy es zwar
293 2921 1427 3115 nit, so sy es aber nemmen könnten, sollen sy
297 3004 1405 3204 es thun, dan die baren syyen gar ferg.
288 3086 1371 3260 woruff sy mit einanderen an das ohet da
282 3160 1359 3353 das reißgelt gelegen gangen, aldar der
292 3244 1390 3471 Schweendiman dzs gwell ober mit einem
288 3312 1403 3563 hebyser geöffnet, hingegestigen und das
302 3413 1360 3644 gelt hinuß gegeben, der schelmeister es
242 3501 1364 3710 abgenommen und ienitlist er by dem
285 3538 1409 3804 Nechsteg seycher die nacht gehalten, weeliches
1230 3655 1385 3803 gelt
1496 382 1590 477 90
2013 209 2235 311 1641
1566 224 2773 582 eeshn
1594 282 2792 654 len e n
1603 392 2754 712 getheilt, davon ihme einhäfflin daraten
1605 497 2780 790 ongesched eines orpfels groß und etwas sil
1611 526 2859 847 bers worden, Er aber sygeselbs persanlich wyl er damahl
1610 625 2705 901 ab dem speiffgelt zu Undersoren gsich, nit darby gsin.
1579 714 2693 961 vor ohngefahr 1s jahren habe er h Banner vor
1595 762 2690 1037 tertuß syner mattin ober dß zoren seck
1576 902 2718 1093 nit born ectfrörbtet und damals auch ge¬
1581 958 2669 1208 fenflich gezogen, noch erstatteter bezahlung
1603 1046 2681 1279 aber derselbigen widerumb ledig gelaßen.
1603 1237 1768 1355 worden.
1577 1243 2729 1452 Vernerr diebschäl oderlethaten kome ef nit
1600 1349 2741 1529 bekennen (obglychwohl er mit 3stenren ubfge
1594 1428 2763 1618 zegen worden ußert das syne gespanen ihme et
1595 1532 2685 1692 was selleges so er vermeint on einem
1585 1598 2728 1792 latzen grs gsy sy solle) vlls daß brot gesagt,
1584 1697 2770 1874 perliches er eßes mueßen vnd sy Ihreo forgeben
1591 1798 2407 1954 es helkte gar wohl zurr lauffen.
1569 1954 2747 2130 so hochdem aber nochmahlen vß etlicher hinder
1593 2075 2737 2205 ihme gefundenen gowdencken, besonders aber
1596 2147 2697 2285 seiner Zrisachen berndacath, deren zwo die
1598 2228 2739 2349 Gemenden odelbodn verlohren zehaben,
2041 2314 2094 2356 gen
2243 2311 2503 2367 e sndsge
1615 2311 2773 2449 angeben) vor und wohleemelten s exemi
1602 2381 2768 2530 snatoren ganz verdächtig fürkomen, alß ob
1611 2470 2790 2608 es daßelbige auch hette entfrockten pelsfe
1610 2547 2780 2710 ist er uß dero abgangenen befelch Merndrißt
1610 2636 2783 2795 den 13. novembris zu bgegt und gegemwürtigkeit
1610 2707 2798 2896 als nechst vermelt, alles ernsts befragt, her
1610 2812 2767 2962 nach mit 3 seinen uffgezogen und entlich uff
1609 2881 2780 3054 diebrachen gelegt wordn, da er dan aber¬
1629 2975 2811 3134 mahls uber vorgehnde syne vilfaltigen dieb
1633 3034 2752 3239 thal mit und ohne marter bekent und fr
1629 3105 1804 3236 halten.
1529 3149 2795 3412 Daß er mit hilff synes gekanen deß entwiche
1478 3247 2828 3491 und ern schulmeisterssim hoff zu Stein mit einem
1483 3379 1580 3480 is
1476 3345 2763 3552 erschrotmeistell ein keller uffgebrochen und uß
1598 3434 2736 3660 demselbigen etwas ancken und koroß Ent¬
1598 3517 1804 3643 vrgeß
2570 3658 2686 3771 zu
2782 59 2875 158 15.
