3024 4032
193 121 320 223 26.
823 165 1014 264 1641
350 183 1397 395 Item wyßengraben hab ind sy 3 anlegenet
362 274 1447 532 kleider unnd etlich ellen auch entragen, daruß
357 332 982 506 iro jeder 8 b erlößt.
332 427 1462 692 Dm Baselgebiet i hafen unnd refastlen gestelen
332 512 1306 700 unnd den hafen umb 2 g verkaufft
324 598 1405 840 Wan nun zwar obgesagter ervogt Kilchberge
354 695 1464 910 zur Brandiß uff angewendte giübliche morten
337 767 1475 992 von ermeltem Baman nit mehr ußbringen hoth
366 856 1455 1029 ingh und oberen aber nach zmo zyts, das derselb
368 930 1365 1065 yn hertz allenklich gerümbt haben werde.
355 984 1463 1185 glauben jüögen, alls gedachtem irem amptsung
382 1058 1463 1263 mit nachtwendiger marter gegen Balian Je
366 1140 1463 1295 cedieren beuolchen, hat der selbig nach urlrenden
384 1204 1464 1358 mehrere diebstäl begangen ze haben bekhent
375 1281 752 1366 unnd erhalten..
338 1322 1460 1513 Namblich dad er zuo Lützelflu, vß einem So
382 1428 1431 1577 8. Bar schu 2 röth unnd par schu genommen
348 1512 1444 1665 Im grot habe er selbs viert uß einene spycher
378 1595 1440 1747 2 reken 1 gippen ti stukh hader und i schmar er
363 1646 592 1774 eütscht.
340 1730 1425 1893 Affgen Nüliberg 1i hut 1 par hosen 2 par schud
349 1813 624 1935 entzukht.
313 1882 1429 2039 Uß einem gaden im Tueerner gebiet 6 kösen
335 1973 1110 2077 und 2 leyben brocht genommen.
339 2039 1285 2182 Im tritz selbs viert uß einem keller
1294 2043 1460 2184 3 ksen
343 2133 1035 2266 so leyben broht gestolen
347 2208 1445 2345 An einemmerdt zno Erlenbach, selbs brit In
361 2302 1214 2435 einem wotshuß 18 b gestolen
326 2382 1439 2531 Im thab 2 leyben bott unnd i tübel mit
354 2477 814 2607 nydlen erhuscht.
334 2508 1457 2699 Im Ouggiperg selbs ander uß einem käller
328 2634 1142 2757 H kubel mit anken erdappet.
338 2702 1463 2864 Aber daselbstn 4 kösen genommen und Jorag
332 2813 950 2947 noch 2 psid kettenen.
338 2864 1437 3022 en Rnederswyl mit einem syner gspangen
364 2931 1434 3136 so sich vrter gatz so krnm natlse usß ein sht
351 3004 1460 3191 d wkh 4 hembdli send 2 par straupf erwütsche
1345 3080 1421 3201 3o
1484 3112 1594 3216 nchke
312 3111 1356 3312 Verner im strikh mit hilff syner gspanen.
1370 3183 1603 3304 en reh
369 3200 1343 3370 einer thupt beter und dem ander henßli
1368 3238 1470 3351 Vnns
1406 3314 1455 3393 l
339 3261 1339 3452 uß einem soycher 3 anlegenen kleider
361 3302 1387 3527 4 tverich unnd flachß sambt einem stuk
359 3471 827 3609 entfrombdett.
1470 332 1548 433 b.
2007 165 2178 259 1641
1549 106 2730 465 derchenthanen
1591 281 2343 534 ser
1564 451 2295 706 eeen
1629 535 2425 777 e f
1571 620 2709 938 Im keitenbach graben uß einem spych gippeln
1623 708 2661 951 reke 2 hembdli und etwas durrer büren
1595 910 1810 1044 il
1614 870 2733 1137 6 Ann habe er 2 fuchen und  broth gnommen.
1626 959 2720 1234 nd Brügglen i rokh i parstrumpf unnd 10
1613 1165 2016 1329 althu gnmommen.
1605 1156 2726 1388 Denne bekente er, das zwar er verndrigen Jars
1586 1237 2637 1471 umb dise syr auch umb begangner die bstäle
1569 1281 2769 1527 Willen zuo Signow in gfenklicher verhafftung gsin
1569 1388 2789 1583 und von dannen alhar ins schallenwerah gefeßlet
1580 1497 2737 1672 worden, glychwol aber darob und empfangner
1624 1534 2778 1739 guthertzigen vermahnung zur gotsfacht undt
1631 1629 2746 1828 ehrlicher hannd arbeit sich zehalten der gstalt
1631 1741 1994 1886 nit gebeßeret.
1624 1810 2745 1982 Won d erglych hernach am kurtzenberg 6 ellen
1633 1912 2785 2053 hußtuch 10 ell lynigs u ell zwillen und 2 l
1625 1987 2387 2131 füngelt bekommen und gestolen.
1632 2097 2663 2238 Auc zu Mötschwyl wörch genommen.
1605 2183 2808 2365 Item einem gegampt kopf Dyßli auch  woschn
1598 2261 1988 2369 entfraubdet.
1605 2315 2670 2480 Am sogn wyl mit hilff hweyen syner gspren
1585 2409 2856 2578 Dero der mit cristen der andern marte sich nambset
1642 2477 2005 2601 �ß entzukht.
1613 2531 2716 2742 Endlich habe er im Buggidgerg selbs vierten
1630 2633 2762 2817 obermalen  wösch genommen, daruon imme zu
1627 2708 2272 2851 synem theil sge worden.
1613 2827 2846 3008 Obenmeßig habend uff disere  offtgupsten Belians
1591 2901 2840 3070 villfaltige begangne miß handlungen und diebstäl
1627 2969 2801 3148 hochwolermelt nnght und oberen h dehr röht
1595 3010 2846 3246 und burger uff ihrer eyd zu recht erkent unnd
1594 3112 2790 3291 gesproch, das eriglychsfahls dem nachrichter an
1640 3178 2878 3367 die landgeben durch denselben oben uß uff gwonliche
1623 3253 2862 3462 richtstatt gführt unnd von demen mit dem schwert
1581 3301 2824 3517 vom leben zum tod hingerichtet werden solle.
1609 3401 2364 3571 diser fryen loblich statt Bern
1606 3479 2859 3745 Ist an imme den 20. novembris 1641 erstattet worden.
2704 26 2789 114 27
