3024 4032
215 59 314 127 24
216 109 293 202 E
812 144 1038 239 641
365 96 1553 441 Nachdem uber dißlachermelt mach und
378 209 1459 500 oberen syn des offguesten thiensteind wankelnuß
367 282 1485 575 bekantnus glauben nit zusetzten wollen, sonders
365 359 1487 630 fründlicher erkundigung der parheitt und wie
371 438 1494 677 es mit dem droben zur unterlaten gestollnen u
368 504 1478 762 belt unnd fürgebner vergrabung deßelben besch
371 592 1492 798 sye inne ach das orth fhuren laßen mit dem bü
356 652 1476 870 er das gelt und wohin er solches vergraben
367 720 1477 952 seigen solle, hat sich sollches, doch finzet befinden
363 786 1466 984 ungensonder Christei synz hochen oberkeit
361 854 1486 1071 geshortet selbige ich costen und die so darmitbe
364 927 1477 1117 schafft gett syn müßen, in große unglegenheit
362 1006 1477 1172 gebracht znd entlich enzeigt er habe das gelt syne fra
364 1071 1387 1194 ebh, dd sy mit hinkomme, syge, waße ser nit.
357 1124 1477 1274 arneben aber alldort de 15. novembriiss nach demer
346 1171 1469 1337 durch h Großweibel Terber In gegen warth
327 1245 1447 1387 H. Abroham im Hoofs auch beyber landsvnrr
348 1320 1481 1476 Opplinhers unnd am acher über die gwaltthätge
340 1395 1478 1546 öffnung des interlakischen gwelbs und braubng
339 1461 1465 1616 deßelben ernstlichest befragt worden, hat er
347 1532 1471 1683 ohne marter bekent, das es mit entzikungbe
343 1584 1451 1741 melten interlakischen reißgelts, wie obgehört
327 1656 1461 1822 zugangen darzuo zwen, die aller nechst, bim grelb
316 1731 1453 1893 siehende closter müli und rybi gedient, so storkh
317 1817 1475 1948 zusamen gramplet und pachßlet das wie stack
329 1878 1460 2028 sy immer gearbeitet, man sy doch nit hete hörin
328 1956 1443 2109 wegen, wie so dan auch die heimer mit lynenem
321 2014 1363 2158 shuch andenen unnd werch verkunden.
271 2092 1428 2236 orüber alles er frytags den 19. novembris diß mi
326 2220 1445 2301 nats nochmehlen mit aller strenge der marter
299 2272 1441 2369 erfekht unnd wie syne gsponen mitt nammen und
315 2315 1466 2437 urgamen heißind und wohin er syn theil gstollnen
285 2383 1417 2506 gelts verschaffet, abermalen Is vor Vnd wolen¬
309 2456 1437 2564 melts h Sammel Frowdenrychs des kleinen ere
306 2514 1447 2633 ammel Räfingers deß großen rhats auch etlicher
340 2587 1429 2723 eiblen hochgupst i gdieneren befragt worden.
284 2653 1426 2788 Es hat aber er Chirsteni syne gsponnen, anderst
306 2720 1411 2863 dan obbermelt nit angeben wöllen und dad er
294 2790 1418 2924 das entfrombdete reißgelt syner frowen geben
1165 2880 1333 2963 ba
281 2878 862 3001 habe, perge superias
293 2915 1445 3095 sif solliche den meltzupften zersteind hahe schwe
282 3007 1391 3135 und dem gantzen vaterland sehe empfind licht
281 3086 1399 3217 mit unnd ohne marter bekente und erhaltene
274 3129 1428 3274 mißhand jungen unnd diebstäl hochgupt mnght und
290 3204 1429 3344 deren h dchs khat und Burger diser statt
211 3269 1426 3447 Bern uff ihren seyd huo recht erkent und gesprochen
249 3322 1438 3482 as man imne dem nachrichter senellich der june
402 3401 1399 3562 uß uff gewonliche richtstatthüge
1009 3484 1399 3579 nach dem zeye
257 3513 775 3640 und allda mit dem
256 3531 1430 3725 lichen rochten vom leben zum tod hinrichten solle.
311 3628 1173 3808 ah vnd selbigen geit so ahen
342 3587 1470 3850 worden sye 15 grißen gelt zut b g
345 3798 934 3950 dien
2054 151 2269 272 1046
1729 130 2657 428 ven e
1767 227 2669 494 ee nl
1583 323 2693 621 Ald derselbig vor etwas verfloßnen zytt wegen
1602 370 2762 692 etlicher uff der Schonegg im amkt Sumißwald und
1602 451 2691 779 engeet oe
1563 530 2710 831 Und eberen amptsman zuo randis s Phillipp
1599 585 2664 890 vilchberger gfenklich zu bracht unnd volgendt uß
1567 692 2727 967 ihr gurden benelchen durch gesagten amptsman sund
1582 741 2698 1025 berubten läbwesend, auch handels und wandeles
1589 805 2723 1084 solled ernsts geepaniniert worden hat derselbige
1589 896 2765 1124 ihne unnd mne mapter nach vollgende diebstäl be-
1597 1006 2369 1186 khent unnd erhalten, wie vollgend.
1570 1054 2720 1295 deßersten habe er mit hilff zweyer syner gspanen
1600 1088 2762 1348 zuo laßli uß einem spycher 3 wëber guppen 2 alt
1596 1196 2696 1376 rökl 2 wire par schu nd kuß 2 leyben brocht i
1602 1261 2745 1480 stüklli schmär und etwas laders entfrombde.
1572 1354 2790 1549 Demnach uff besagter schmer, aber mitssweyer syner
1597 1435 2705 1605 osanen hilff u anlegenen und i par khindshößli
1592 1563 1803 1678 entzukht.
1581 1584 2694 1738 Im argöüw habe er einem Edelman  lynlachen
1599 1711 2166 1802 unnd e hembdli genommen.
1564 1772 2734 1886 wyhter mit hilff syner gspanen uß einer wösch im
1598 1875 2694 1984 Eggn wyl ein tustzwahen j lynlachen und  Hambdli
1604 1927 1835 2030 entragen
1588 1979 2688 2128 Imm antli buch habe er 3 kleine käßlin und  sakh
1582 2076 2266 2204 sambt einem riemen gestolen.
1556 2138 2723 2310 So signow habe er selbs viert uß einem spych
1608 2253 2666 2390 3. gippen und 2 ankenballen erwütscht.
1587 2322 2735 2498 Im Hornbach habe er mit zweyen synen gespanen
1608 2416 2727 2552 2. leyben broht unnd 10 ell lynm stuch entrag.
1607 2472 2747 2656 An einem imme unbekanten acht, habe er j heid
1566 2553 2147 2678 unnd 1 pare schud genommen.
1587 2610 2748 2779 Im junkholtz habe er 2 müs möl entfromubdet
1590 2695 2738 2869 im hornbach graben uß einer stuben 12 bz und 20
1596 2761 2169 2902 sollen rystm tuch entukht
1578 2827 2745 3031 Im uggisperg mit zreyen synen gsellen uß einer
1547 2914 2735 3094 Wösch etliche stukh lynigs zg genomen und einer
1588 2986 2351 3159 growen umb 12 b verkaufft
1535 3017 2736 3286 darhur auch uß selbigem huß 2 käsen entragen.
1605 3142 2725 3379 Am lengenberg habe er 2 lb in gelt 2 roß
1596 3222 2670 3445 ysen 2 meßer 1 par strumpf erwütscht.
1581 3306 2825 3579 Mehr im argäüm 2 par schu und 2 hembdli gstelen
1572 3413 2706 3673 Im Togiwyl ud anlegenen kleyder selbs
1583 3508 1967 3632 writ genommen.
2732 47 2858 133 25.
