3024 4032
317 164 347 216 16
447 158 556 233 204.
1009 259 1291 394 1644
632 260 1636 582 das en zen  it da
658 371 1681 637 In den kleydern uff die decki gelegen, ohne
664 454 1674 698 daß er damahl einiche gemeinschafft mit
664 534 1644 772 ihra ghan, Hernach aber und wyln sy
644 621 1667 839 die ehe einanders versprochen, sye er wohl
656 707 1658 919 ihres lybs underschidenlich heilhafftig
674 774 1664 994 eorden, deß ersten mahls aber alß er sy
670 858 1672 1067 beschlaffen und die jungfrauwschafft nit
663 962 1683 1154 mehr by ihra gefunden, habe er sy darumb
657 1024 1713 1247 zu Rnd gestoßen, Die habe ihm nun erfagen
663 1124 1672 1297 wie statthalter Rubi sy gmalthatige
658 1194 1694 1393 wyß nahtzwengt und ihrer Magdschafft
670 1287 950 1375 beraubet.
646 1352 1710 1559 daruf hin nun habe er durch Peter Burg
654 1456 1665 1592 der blinden brief schryben vnd fur Eher¬
663 1531 1684 1663 gricht schleiben laßen, damit er darumb
679 1623 1179 1736 abgestrafft werde.
572 1687 1670 1860 Die Reiß aber im Wallist belangendt,
663 1800 1692 1931 habent sy mit einänderen nit angelegt
682 1873 1696 2000 sondern er habe theils baden, theilß aber
675 1971 1692 2088 synem handwerk nachzuchen, hate
661 2046 1657 2164 dienst vnd arbeit suchen wöllen, vnd also
675 2127 1687 2258 ohngfherd einanderen antroffen, mithin ac
684 2206 1699 2334 zusamen konden und fleischliche gemeinschafft
682 2295 1279 2426 mit einanderen ghan.
603 2404 1691 2595 Wyl nun vilgemelte wybspersohn und
674 2480 1698 2646 auch ihr bystand, nachmahls by ihrer gesehe
663 2567 1685 2751 ten clag deß Nohtzrangs verbliben vnd
668 2636 1680 2814 davon nit wychen wollen, alß ist daruf
665 2727 1694 2887 Bartlome Kabi der Statthalter auch zeg
672 2829 1683 3005 beruht und ihme vermeidet worden, wie
665 2879 1698 3086 daß bemelte Verenas nochmahl bestendig
696 2969 1691 3174 sye und von ihrer klag nit sthan wolle,
675 3033 1691 3212 das solle er sich nun wohl bedenken vnd die
683 3114 1686 3336 warheit anzeig, damit nit strengere
668 3194 1683 3407 mittell gnethalben mneßnit an die hand
675 3359 1090 3524 gnamen we
613 3321 1679 3610 Derselbig aber ist auch nochmahl by synte
638 3420 1692 3688 efeget ggenn nde
654 3476 1688 3798 eteaten e et
1536 3637 1674 3761 Mut.
657 3581 1687 3876 daß er sich ja mit ihren in fleischlichem
1659 427 1759 565 s
2074 228 2388 360 1644.
1776 225 2899 571 aeger
1799 293 2854 611 geeeng
1784 372 2916 675 snd batte gott den herrn und ein gnedige
1795 489 2639 748 ge n
1749 558 2867 883 Daß sy ihn aber enklage, Es sye wider ihren
1795 623 2908 898 ville zugangen, vnd habe er, sy genohtzwungk,
1787 715 2811 970 und mit gralt, ungeacht schreyens und
1782 779 2883 1037 gehtens vmb ihr Jungfremeschafft gebracht
1788 866 2901 1132 da thueye sy ihme groß giebet vnd vnrecht
1782 987 2880 1190 dan oliches mit ihrem guten villen zugang
1796 1030 2828 1241 und beschehen, sy habe ihm auch also ald
1784 1127 2828 1323 Im bett wyle gemacht und nit allein
1786 1211 2897 1388 domahl sondern auch zuvor anlaß gegeben
1789 1281 2870 1488 sauch weder geschruwen noch sich gewehrt
1804 1354 2892 1540 dre sonst es die zwei knaben, so zme hus
1804 1459 2830 1613 gelgen vnd vff weliche er sich beruffe,
1806 1583 2408 1686 wohl hetten horen mögen.
1756 1631 2881 1799 Daß er sy aber vmb hr Jungfrauwschafft
1772 1732 2878 1887 gebracht habe, sye auch gantz nit, dan er
1770 1816 2908 1963 genugsam briegen wolle, daß Staller
1788 1897 2911 2030 sy zuvor lang so wohl im land, alß zu
1783 1986 2901 2098 vlliß, da er furgeben sy se sey frauwe
1799 2060 2896 2195 heruub geschleipft, vnd sich mit einandern
1807 2134 2888 2262 berahten ihne also in vngelegenheit
1809 2236 2899 2349 villicht uß gestifftung etlichen syner miß
1812 2307 2872 2452 gunstigen so ihm ge glik verbonnen,
1816 2378 2440 2514 zebring und zestertzen.
1790 2470 2908 2646 Vyn nun beid sartegen uff ihren verant-
1800 2581 2919 2714 wortungen bestendig beharret und die sach
1803 2641 2916 2817 nit anderest beschaffen zu syn, hoch bethüret,
1803 2735 3026 2889 als ist nohtwendig frachtet worden mit mehrerem
1770 2795 2951 2981 ennst so mohl mit der wybspersahn alß ihrem
1779 2887 2970 3053 bistand zerede, wie auch beschechen vnd ihnen
1788 2979 2947 3120 beiden getronrt worden, fhals sy die warheit
1785 3059 2992 3218 nit gutens willens werden anzeign, so werde
1788 3146 2954 3282 kein ander mittell syy, den daß die marter
1780 3214 2509 3335 werde en sy gewent werden.
1779 3263 2944 3443 Vngracht aber solichen Tromeens hatt doch
1760 3345 2931 3515 kr Stoller zu kene anderen vergicht und
1788 3424 2937 3600 bekantnuß nit konnen gebracht werden, da
1783 3525 2867 3691 doch man wahl gespuet, das er In syden
1782 3601 3008 3771 Reden gantz wanbelientig vnd vngegrundt gse,
2783 3722 2993 3836 Sy aber
2912 46 3028 144 705
