3024 4032
174 114 221 204 11
298 69 457 189 224
902 172 1154 308 1644
452 178 1595 510 Einer gggen umbher, und trage fuen stehen
1590 331 1777 440 Masis.
474 310 1599 585 mit hichn, so oben verzinkt und ein zeingen
469 388 1611 627 knopf daruf sr. Item ein hyingen sach mit
480 483 1626 733 benderen und ein struben wie einfeinden,
491 567 1659 817 mit zweyen theilen, das keite mit einem haggen
507 648 1618 870 mitdem er die schloß und anders offnen
513 714 1648 965 kanne, fhare auch mit ihme ein negtsperschen
506 808 1612 1008 ob sy syn framw sye wüßee er nit, die tragen
513 901 1631 1103 ein wyße haben mit breiten spitlinen, bende
513 991 1580 1180 dieselbe Ander dem Kibi zusamen, Ein
522 1074 1652 1245 karze persohn. Im antlis wyß mit blatter
528 1160 1620 1350 dupflenen, sonderlich vf der Nasen, vnd habe
531 1263 1639 1445 Der mar ihrer einhochen hut oder sy fragen
541 1371 1604 1530 ihro under den armen, mit einem forden
529 1455 1632 1615 nideren kragen, schwartz eemell ein blauwen
528 1538 1611 1695 reck nit gälen kordern by 10 oder mehr, ein
534 1643 1613 1789 falb fürtiag, trag unzit mit ihren, das
526 1737 1648 1883 mithi etwas ihm fürruch könne auch gegen,
526 1826 1648 1992 und habe uff Martinn zu Bern zum Scheflüchen
514 1935 746 2058 ggget.
604 2140 1575 2303 Vlli Jchaners vor frauwen
937 2264 1310 2443 Pappelen
443 2418 1632 2574 Wele S. Knopf Predicant zu Cappellen
478 2513 1626 2645 und Flies weibell underschidenliche r
475 2586 1602 2774 prachen an ihne Tschauen ghan, degehalben
475 2683 1622 2859 auch alle verführte Recht erlanget, ihne
476 2754 1657 2941 uber monatsfrist alhie in gefangenschafft
449 2874 1639 3041 enthalten vnd glochwohl er ihnen vmb ihr
468 2925 1645 3158 Ansprach nit begegnet, alß ist er uff
452 3013 1658 3222 der Creditoren begeren vnd gemeinem buch
483 3108 1634 3363 nach mit der kydt von Statt und landt
447 3218 1664 3431 vewisen worden, so lang biß er bemelte
476 3313 1646 3566 ine Glaubiger contentiren vnd bezahlen
405 3402 1623 3661 oerden. Beschach der 6. martii 1644.
2217 221 2472 346 1644.
1854 325 2720 502 Maria Sryd von Wyler
1987 456 2617 613 uß dem nideren Elsaß
1894 561 2749 712 Hans Rieder von Alzach
2052 668 2529 826 by m�lhuser.
1911 753 2776 930 Hans Lischer von Schweiten
2030 873 2534 1004 Daß dem Ellaß
2227 965 2339 1057 Vnn
1938 991 2772 1162 Hans Larger von Thann.
1723 1076 2827 1274 nachdem dißere vier persohnen, mit
1731 1202 2902 1383 sach einem, so dißer schagen uß der gefar
1756 1304 2879 1452 geschafft gebrochen vnd vfgeristen, vor
1745 1381 2935 1535 daselb, wegen eines daselbst her vb ver¬
1749 1476 2944 1637 alten diebstahls gefenklich achero gebracht
1753 1579 2863 1731 und uß er sy hebelchen den 13 martii In
1751 1675 2933 1832 bisye h Jacob Grußers vom Kleinen,
1760 1775 2918 1930 H Jacob Garbers vom großen Shat, her
1753 1864 2917 2017 Großweibell sumers und etlich anderen
1747 1954 2941 2122 weiblen, so wohl mit alß by befeoerung
1756 2049 2887 2213 der marter examinert worden haben
1750 2134 2764 2295 verjahen und bekent wie volget:
1761 2276 2943 2445 schlich die gedachte wylspersohn, deß
1774 2387 2949 2530 greißtenen frauw, sy habe by zweyen
1748 2471 2976 2651 Isten zu Besenholz gedienet, daselbsten
1737 2563 2942 2746 ihren man, so dars Leltner heiße und
1755 2661 2990 2850 aldat pettig sye, zur ehe genommen, mit
1747 2752 2953 2929 den segen s ind ihr henmat gezogen und
1759 2821 2979 3029 daselbsten uf einem güeten, so sy habe, haß
1758 2943 2954 3106 halten wollen, wyln es aber dort herumb
1761 3052 2984 3240 wegen der Rriegs gefahren nit iher gsin
1756 3126 2992 3331 ge sy widerumb mit einandern uns lanh
1755 3213 2971 3448 olsers kemmen, da habe sich ihr man deß
1764 3304 3009 3563 arhners underwinden und underschidenliche
1775 3391 3032 3672 salben balsam und triac im landheenb
1775 3477 3031 3750 seib getragen und mit selbiger guer
1759 3606 3010 3873 nehr etwas zu lösen nach thum kommen
2801 3822 2971 3948 zog
2909 226 3033 298 225
