3024 4032
283 56 390 126 178
906 141 1192 317 643.
526 296 1513 570 Margecdt Brafter von
874 445 1301 602 Suusnac
423 500 1551 799 Alß disere aylsperschn einen Junges
465 639 1563 865 gsellen von Basell Nahmens Jacob Wardh
463 737 1568 974 under dem schge großer Spschtagen, so sy von
459 844 1551 1037 der frauw Benggleren ze eeworten, dahin
447 920 1579 1164 gebracht, daß er ihra die sie versprochen.
461 1026 1553 1210 vnd sy nun beidersyts alhero mit zweyen
463 1129 1533 1319 pferden vnd zuuem diener komen vnd ehr
341 1224 1594 1413 erbguht abholen wollen. Die dienen aber wohl
472 1310 1559 1487 gerast, daß die muns noch nit gebraget
489 1408 1573 1554 davon sy Elras zufrben Iepratendir haben
477 1513 1566 1646 werde, hatt sy ich der Ihren hupsihen kleidern
457 1578 1571 1737 und sametigen mit silbernen soit bodath
469 1676 1570 1833 kappen, so er ihre zu Basel gnmachen laßen.
467 1765 1604 1914 vff die aegte begeben, vnd vnder dem pratent
474 1856 1585 1998 ihre Nuwtrerbte Matten zubesichtig, ich fort
471 1937 1582 2108 machen wollen, Alß aber dem guten juegleng
475 2039 1589 2192 die sach verdächtig furgefallen, hatt er ihra
492 2131 1571 2284 nachgeglet, vnd vff Eitzwnschen Empfangenen
495 2235 1561 2376 bericht ihres betrugs, sy widerumb alheo
476 2308 1559 2476 zum Storcken, da sy zu herberg waren und
482 2400 1584 2546 man jemitlest ein geht abentbricht geristet
488 2500 1591 2650 hatte, gefuhrt, ihror die Kleyder widerumb
468 2583 1603 2734 vom lyb genomen vnd mit ihrer alten Juppen
478 2693 1594 2859 In gefangenschafft leggen laßen, das sy daß
486 2761 1594 2964 by vierzechen thagen, Hhres hochzyfers fnt
500 2890 1588 3062 nanglen wüeßen und entlich uß befelch
472 2955 1600 3143 mynes gnedig ihren schulthaißen, durch mich
466 3048 1597 3254 In bysyn h Hanß Jacob Kymmag Lutschagt
505 3149 1558 3313 eubs vnd err Jacob Tillers Pauchern von
465 3241 1580 3421 Burgeri, dißer sach vnd verabten betrigs
485 3307 1595 3551 umbstendtlich befragt und exammat wore
462 3409 1549 3652 da sy dan die sach volgender gestalten
467 3529 1395 3747 erzehlt vnd fürwarhofft gehalten.
1365 3619 1591 3776 Dalß.
1592 369 1669 454 15
1719 286 2828 529 iß Erstlich der nahmer belangendt, sye
1747 399 2855 614 sy In ihres geschlechts hin Bregglerin vnd
1739 491 2873 673 habe ihr vatter, Jacob Bräggler geheißen und
1746 588 2788 736 sye von Sumißwalds gsiin, aber um ehelichen
1755 661 2879 805 Baurens vermuslich aber von einem Bregglos
1747 750 2860 887 von Berz dahero dan fr Brugglerin selig
1753 828 2633 1000 so Jedertgt Ein Bastn genanset,
1717 947 2874 1158 Im übeigen aber alß sy by einlih jahren alhie
1728 1057 2868 1236 gedienet und hutlich mit waßerbronnen sich
1734 1135 2880 1289 erhaltet ghan, habe sy sich bedacht ein reiß
1765 1225 2845 1385 fachte Basell, wyls wan sy alhie alß ein
1763 1300 2920 1471 hinderseßin nit durden wollen) zu ihrer schröster
1772 1396 2872 1572 so sy aldort ghag, zethun, weliches dan be
1757 1481 2887 1636 schachen, so bald als sy aber hinunder komen
1743 1577 2902 1703 vnd der der Statt herumb spazieren gangen,
1775 1667 2897 1820 habe ihr framwe Ey deren sy zu Basel letstlich
1770 1754 2888 1888 gewohnet, sy gesechen und alsobald frag laßen
1774 1826 2899 1976 ob sy dienst suche und sy geantwortet, Ja
1770 1925 2884 2070 habe sy, alß die da Eines diensts domahl ge¬
1774 2015 2894 2149 manglet, sy uffgedinget und ein gerahme
1766 2086 2902 2234 gyd behalten, whlen nun obgemelten züägling
1776 2193 2904 2314 auch, alß ihr der frauen vetten vnd der dan
1787 2269 2879 2417 eine eltern mehr ghan, by ihra zustisch ge¬
1785 2370 2908 2511 gengen vnd sy Inmitleß ein sondere lieba
1798 2460 2848 2589 zu ihm gewunnen, habe sy nach mitlen ge¬
1791 2540 2912 2677 trachtet, wie sy ihne zur he bekommen möchte,
1726 2643 2921 2799 sye ihro daruff bald zu sinen kommen, wyl
1767 2742 2910 2884 sy deß unehrlichen stauens die Benggleren
1761 2785 2933 3006 syn, wolle sy sich fer eelich ußgeben und für
1759 2894 2925 3088 ein krbin der frauwen Brügglerin (so fi
1769 2988 2915 3209 groß gut verlaßen erklaren. damit soliches
1791 3096 2877 3309 aber desto gleubwuediger Ee, wolle sy Ein
1789 3172 2889 3358 Sehryben, halß wan soliches vor Myner
1788 3280 2948 3510 hrrn schultheißen dachselhoffen alß ermelter
1803 3381 2945 3580 frauwen Brägglerin  tochterman herkame
1809 3447 2946 3677 verfertigen und darin guliben laßen, waß
2755 3676 2935 3780 großen
2891 196 2998 282 179.
