3024 4032
135 97 173 150 11
222 93 369 190 186.
821 177 1081 301 1643
494 337 1428 506 aride Hattmeyer Von
665 418 1398 595 Harwangen uß dem ampt
850 513 1443 680 Lentburg synes alters
964 613 1356 777 dy 17 jahren.
375 688 1555 925 Hachdem dißers mönsch vor etwas zagen
419 825 1542 987 von diebsthälen wegen b der sapfemül
405 912 1573 1113 durch die profosen ergriffen, gefenflich
440 1008 1518 1178 alhero gebracht und uß ir gn bekelch
447 1111 1553 1273 Mohntags den 3. julii In bysgn der ef f.
449 1182 1581 1377 E und w herr Margnard zechenders deß keinen
457 1297 1581 1437 Hern Antham Müßli deß großen shats be
455 1378 1578 1520 Samnel Lerbers Großweibels ernstwörtig
454 1469 1562 1581 und by betrowgung der marter exominitt
454 1552 1588 1678 und befragt worden, hatt es frey rundt und
451 1638 1255 1763 willig bekent wie volget.
447 1736 1601 1903 der ohngefahr zweyen Jahren hale es zu Buug¬
458 1852 1585 2011 dorf gedienet, da sye es von einer frauwen
458 1931 1613 2097 Ronenen genanst so nit mehr dort wohnen derk
461 2024 1598 2178 uffgewisen und angeführt worden, daß es zu
473 2133 1600 2276 Hern Loawen Keller by Freyen maßen wyns
479 2207 1587 2374 und zechen baten an gelt, so uuff dem faß
473 2309 1598 2479 gelegen entragen, daruff es dan in gesen
469 2403 1598 2581 genschafft gelegt, noch dreyen thagen aber
480 2469 1464 2655 widerumb ledig gelaßen worden sye.
474 2578 1622 2753 Alß es nun etwas zyts darnach
473 2680 1624 2870 nach kiel wöllen, habe es mit obiger frauwen
463 2758 1602 2941 dilt Heinrich Beggi zu Bergdorff drey
482 2860 1647 3033 röck entfroübdet, selbige nacher Biebge
488 2963 1634 3168 tragen und einer frauwen ze behalten geben.
470 3022 1649 3233 das habe man ihme von Burgdorff nahgeylet
492 3114 1651 3345 und ins zu Bieb befragt, das aber die frag
485 3191 1652 3474 ins verlaugnet, dem btotten aber zwesrich
504 3296 1639 3560 widergaben und den dritten ihme hinderrufs
502 3362 1653 3661 hinderschlag, also daß es gemeint die röt
509 3480 1641 3782 Eg alle drey ritr geben worden,
1514 3672 1634 3794 nach
500 3580 1624 3865 e Es werde nun wohl widerumb
1503 309 1677 454 Julus.
2091 237 2380 353 1643
1717 329 2777 512 nach Bergdorff kommen dörfen, alß es nun
1707 381 2830 592 In byn keinat wollen, sye es im durchreisen
1696 481 2807 632 dorfen ergriffen, examiirt und an daß
1725 577 2343 743 kalsyhen gestelt worden.
1703 636 2821 833 Daruff nun sye es dort weggezogen vnd hin
1729 736 2839 887 und wider frenß gesucht, als es nun nacher
1717 831 2853 957 Bumplih komen, habe es der frauwen daselbst
1727 898 2837 1051 ein zytlang reyten haltfen, alß sy nun gretig
1727 966 2830 1139 gsir habe die frauw ihre 10 h geben vnd es
1735 1065 2777 1244 fortgeschik, da habe es zwar derglychen
1728 1103 2849 1317 gethan alß wan es weg gienge, habe sich
1737 1221 2837 1369 aber im schloß versteckt und daselbsten zwen
1746 1312 2877 1429 stäck, ein shot Welchemli und ein silbernen
1736 1385 2895 1524 Guetell, (der hernach ein Schelmeister Hauß
1760 1461 2907 1600 Jacob Rappenstein von dann ihme entragen.
1753 1561 2974 1719 entfrömbdet, so aber alleß ußert dem güttell
1749 1645 2862 1772 widergeben worden und es daruff zu thun
1765 1724 2847 1884 gefenhlich gezogen, mit ruhten geschmeitt
1761 1829 2862 1989 und mit dem eydt von zrg landt verwisen
1760 1950 1921 2035 worden.
1731 1985 2860 2147 denselbigen synen geschwornen Eydt habe es
1804 2117 1835 2158 1
1747 2099 2856 2217 wyder nit anderist beobachtet, des daß
1760 2183 2911 2328 es von Thun, heim zu synem vatter gangen
1757 2266 2923 2397 und dörten aohnen wöllen, als aber sye vatter
1772 2356 2843 2507 soliches verkohmen, habe er sich wider ihns
1776 2451 2913 2581 dergestalten erzernt, daß es ihm abtretten
1787 2547 2916 2684 müßen und sich gar Premgarten begeben
1771 2634 2919 2805 da es dan ein zytlang gedienet, alß
1781 2726 2966 2874 aber ein gewüßer schmidtknecht ihme
1776 2817 2991 2983 bbrk hievor die ehe versprochen, da
1780 2904 2902 3078 ruthin sich fleischlich mit ihme vermüscht,
1775 2983 2992 3176 daheeo es nach dismahls von ihme schwanger
1785 3083 2931 3289 s und ihme entgotten Es solle alher
1796 3205 2961 3388 kemnen, so wolle er es zu kirchen fh�ren, sye
1785 3297 2943 3488 es also unbetrachtet synes Erdts, alhero
1781 3364 2965 3589 kommen, Alß aber es vernomen, daß der
1780 3443 2990 3679 Schidtknecht sichen vor dreyen wachen weggetag
1785 3527 2938 3782 vnd es nit feblich alhie sich zeig dörfen
2825 3760 2953 3854 hab
2862 186 2977 264 187
