3024 4032
141 1934 358 2021 ind zwyer
158 1994 358 2069 avon der
151 2045 231 2111 der
213 156 366 263 16.
883 213 1110 372 1644.
292 280 1435 517 Zu Baßli by Riggisperg mit vorgemeln
367 408 1419 569 Iter hifft ebenmeßig einen spycher mit
394 490 1416 662 einem ysenen stab so vornen frum gsin.
391 553 1465 782 uffgebrachen und daruß ein großes bachen
369 637 1429 840 Schayin und ein riemen rindfleißh
402 734 1453 929 entzackt und den bachen wegli der thaga
411 825 1444 1007 brochen In einem zun versorckt, hernach
406 914 1456 1070 aber abgeholt und synen schwager Jaggn
385 973 1442 1133 Jenck o der Bächtelen verkrafft der
410 1076 1444 1231 zum theil auch wohlgewast, das es gestolnet
407 1161 1439 1304 zeg gsin ist, dan er ihnen zuvor deßelbsn
397 1249 1437 1394 auch nehr abgenamen, besonders von dem
403 1329 1449 1461 schulmeister und schumacher Rev ein ku
412 1408 1414 1561 vnd ein geiß so eines beders zu Laupt¬
397 1484 679 1637 johin gge
364 1588 1428 1746 Verners habe er mit hilff zweyen andern
364 1692 1439 1824 yner gespanen, deren der fünte von hilter.
375 1759 1451 1896 fingen ist, Ines Nahmens Peter, sonst aber
382 1847 1448 1990 Häseler genant  Ulli Tschanzen, so sich
391 1922 1439 2070 Ir Habkeren gezacht vor ohngefahr vier¬
386 2023 1430 2156 zehentagen, mit etlichen gestwemente, so
1181 2094 1325 2157 und Muli
399 2115 1441 2232 sy zu Undersewen uß der sagi genomen,
365 2181 1466 2314 nachts umb einliff uhren aber daß gneilb
386 2267 1405 2417 wo daß reisigelt zu Ieterlacken gelegen
389 2324 1423 2483 aber hingn gebrochen und diesteinen uff.
388 2422 1422 2575 gewogen und das gelt heruß genommen.
1118 2489 1228 2560 funff
358 2503 1444 2669 selbiges hafflins wyß zu wagtheil ge
381 2586 1392 2753 theilt, da dan syne gespangen mit ihren
396 2662 1401 2815 beiden theilen sich alsobald nacher briens
390 2743 1422 2910 gewacht zu wilen sich vberi den Beunig
375 2839 1417 3015 Ins underweldner laidt ze begeben, er aber
367 2924 1391 3089 habe siner theil, vff dem Vndersewer
367 2985 1411 3171 fald nechst bey einem Nußbaum, vnder
371 3061 1403 3236 drey steiren, so er uffghan begraben, dan
391 3135 1402 3353 er besorget, man dem gelt nachtorschey
374 3247 1129 3411 und es by ihme findn möchte.
373 3309 1375 3539 mitt hilff etzgemelten häslers und
377 3408 1418 3630 Bentzen eines jungen mans von ohngfhar
376 3495 1387 3698 20 jahren miht einem kleinen löbaitli
365 3566 1392 3794 z schwerzen hußluchigen kleupen, habe
1290 3662 1357 3722 er
1466 388 1566 503 2
1494 1625 1608 1712 pittap
1484 1689 1568 1793 faren
1497 2930 1630 3016 es und
2660 63 2767 167 g
2038 183 2235 291 164
1582 152 2633 541 da e
1600 223 2692 605 e e
1583 360 2617 668 eeg e
1615 451 2611 746 aenen
1605 479 2633 848 eee
1622 682 2600 988 en ba e
1616 788 2625 1086 e e la
1618 869 2652 1142 by 100 f. vnd Einer Zwiffahl Bern da¬
1641 969 2703 1244 caten zu theil worden, so er mit sich heim
1630 1075 2572 1323 genomen, syne geppangen aber sygent
1638 1126 2767 1410 mit ihrem theil naach Mälinen gegangen
1560 1333 2651 1545 So nun an den Jenigen eheten, darer mit
1631 1434 2626 1618 hilff syner gesponen syne deebsthal ver
1635 1500 2601 1704 richten w�llen, die hund dev gebullen.
1641 1612 2670 1780 hab er von einem meitlig gehat, das man
1635 1713 2673 1885 sy zugestillen nachvolgende wotsprechen.
1645 1855 1811 1955 m��e.
1589 1914 2548 2048 So wenig magst du bellen, So wenig
1632 1987 2575 2114 alß ein pfaht, vff daß alter gahtt
1631 2060 2462 2214 und nit syn ehewyb verflucht.
1620 2194 2648 2361 weliche obbezelte vilfaltig und gro�e
1636 2309 2624 2437 diebsthal er nit allein mit und ohne
1657 2381 2618 2524 marter bekent, sondern auch bestendig
1645 2469 2643 2628 erhalten, patte aber gott den herren
1651 2554 2533 2708 umb grad und verzychung und sys
1642 2630 2543 2791 liebe Ihrigkeit vmb ein gnädige
1637 2721 1852 2824 urtheil.
2237 2876 2344 2950 nach
1651 2848 2876 3039 Den 2. dco 1642 hatt er ir bysyn s zerngede hal
1640 2931 2580 3110 Großareibel Lerbers bekent, das alß
1637 3028 2757 3191 der keinen sohn und das schwarz Elseli Beider
1658 3081 2656 3255 albereit hingerichtet mit sampt einem
1642 3148 2675 3332 der sich der Niderlentsch Halli narbset, ein
1641 3209 2690 3446 dieser kärter geselle mit einem kleinen
1639 3294 2661 3477 falben bartli ddren fräschig sy grlt
1634 3385 2663 3539 entwordet haben in daßelbig hinvß
1624 3440 2696 3639 Ie zuherberg getragen daselbst gethellt
1641 3521 2688 3692 und ihme bey 15 goldtstucken, zwifach dab
1644 3595 2626 3784 lanen und dacoth werden lißen, das ebrig
1643 3667 2666 3842 shabeit sy drggetragen, die ermalte lub
1659 3740 2678 3942 sy und dem gelt gsiy das wag huder ihme funden,
