3024 4032
342 775 453 992 und
349 1 456 84 18
437 92 1588 371 Abermahlen in selbigem gepiet mit hilff
465 198 1565 391 Mathysten und Fridlins uß einem spycher zei
465 279 1561 492 korn genommen, dirselben umb 10 gl verkhaufft,
446 348 1327 496 darvon er den 4ten theil bekhomen.
460 467 1561 691 In glychem gepiet uß einem spycher mit hilff
472 594 1550 760 obiger syner gesellen, 2 nit forn genommen die
490 653 1129 792 selben umb 4 l verkhaufft.
470 751 1534 925 und unvern da dannen 2 b i mn tag
491 861 1571 1043 Im Marggraten land habe er mit hiff Hanßlins
487 966 1204 1110 und Fridlins 20 l gestolen.
463 1068 1542 1236 So habe obgedachte Lienhart dern ihme ein
489 1189 1546 1300 Schretysen in der kehi alhier zugebracht mit
442 1286 1521 1369 demer ufft sich ledig machen und ußhinbrechen
604 1314 749 1365 woll.
495 1316 1535 1438 sollen. Habe auch zu dem anschlagen
469 1388 1575 1515 wie sy sambtlichen ußbrecht können geholffen und
453 1452 1569 1592 die instrument gehabt, ihme auch verpotten
433 1531 1523 1665 daß er ihne an der marter nit angeben solle.
540 1628 1538 1799 Ist einmohl lar, das adermahl mit dem kamme
684 1742 1168 1862 sein vftzogen worden.
468 1868 1552 2009 4 er auch ußtrib syner bosen gewüßen, er
496 1957 1538 2093 durch Mitell ihme gegereichten schrötysens
486 2030 1388 2176 der gefangenschafft Myner g he .
743 2228 1507 2375 Hans Keller uß deng
891 2356 1366 2474 Haggisherg.
466 2488 1571 2671 Dißer wyln er vom landtvogt von Schri
488 2598 1562 2777 Henburg alhie verklagt worden, deßene
494 2674 1550 2858 widertenfferische dect profitieren und daß
483 2771 1487 2920 Tock dorin Anderiegsen, ist von synes
480 2855 1562 3049 dogmaticierens und das er er sy einfaltige
487 2936 1541 3125 underthenen nit verführe, mit dem eydt vor
477 3026 1543 3201 statt und landt verwisen worden, hatt auch
481 3114 1516 3335 den Eydt, wider ihr lehr und bruch den
478 3228 1351 3421 25. aprilis 1643 praestort.
2865 14 2941 92 79.
1877 92 2549 352 Weiligabila
1662 214 2815 537 Ob wel diser schon hievor zum andren mahl gefangen.
1686 334 2787 579 gewesen undt uff verhoffende beßerung alß
1674 392 2807 642 in junger starcker gesellen ledig gelaßen undt
1680 430 2953 704 von ihr hen statt und land mit dem eydtsglabt
1681 566 2761 769 verwisen worden, hat doch solche ihme bewisne
1665 603 2788 847 Wso vil nit an ihne gefruchtet  undt die
1675 711 2852 901 selbige zuhertzen genomen, den daß er den die
1680 750 2788 986 yd vergeßlichen übertretten undt sich noch al
1668 848 2705 1043 brein ihr hen statt begeben, da er den zum
1673 913 2737 1137 zimmerluthen alß ein verdechtiger boser bub
1654 1002 2685 1206 gfenklichen angenommen worden. Hieruff eine
1670 1077 2825 1272 gechget ihr gn gut befunden, ihne durch obwol
1668 1170 2759 1338 ermelten mynen gochehranden Hrn Buwherren
1661 1248 2786 1412 soller ernstlichen befragen und examinieren zu
1653 1325 2775 1488 bßen so auch uff glychen tag undt gegen wart
1670 1391 2757 1555 obgedachter srn geschechen. Hat aber nutzit
1661 1512 2345 1656 bekhenen wollen, derdaß
1647 1593 2783 1725 den daß er einem hauffherren in Pfalia 2 fl eh
1658 1689 2242 1817 genommen, uß linnd Tod
1659 1770 2762 1901 die diebß instrunent habe ihnen ein man mit
1663 1857 2776 1996 einem rethen wullhendi und rothen hosen gegeben.
1672 1958 2835 2117 Ist einmahl lahr, das 2 mahl mit dem klünßten
1668 2061 2759 2200 und das 3 mahl mit dem nach kleinsten stein uff
1641 2121 1950 2243 gezogen worden.
1759 2210 2714 2317 Den 22. apr abermahl urtzogen worden.
1660 2244 2812 2476 It den 30. aur 1692 mit eutten geschmeitt
1635 2370 2738 2540 mit dem b gezeichnet und mit dem eydt
1674 2459 2580 2619 von statt und landt verwisen worden.
1888 3310 2250 3451 l Mater
2108 3426 2231 3515 o
2002 3503 2669 3654 tra wahe  di
