3024 4032
210 109 346 218 48
719 163 983 309 1642
486 271 1455 564 Hanß Bentag de Schieitl
727 444 1098 591 zu Fagistei
313 531 1501 778 benmeßig ist auch dißer wegen der Jsi
363 649 1499 856 dere huß gefundenen bäfer bubeh und der sn
353 735 1494 941 Ihnen verstohlenen sachen, gearsamlich alhero
347 860 1478 1048 gebracht und durch wohl kemelten h demit
360 947 1505 1141 Müller vom kleinen und h Samneli Nätinger
357 1048 1489 1203 vom großen Rhart den 5. jan zun schuzen
352 1141 1495 1327 ernstwörtig darumb examimit und befrach
353 1240 1503 1382 worden. zeigt an, wie daß es sich vor ghegr
783 1328 846 1404 g
331 1311 1506 1517 dreyen wachen, daß hieanengemelte Berte
360 1412 1481 1595 hyy syn Nachpari Ihne hab angesprochen,
357 1524 1488 1674 Er solle ihre mit ihrem roß heltten etwas
364 1626 1466 1766 holtet zuheir th�ren, weliches er nit allein
373 1707 1490 1883 zum huiß geführt, sondern auch geschicken habe
373 1789 1473 1946 Nachdem er nunfertig gsin, habe gedachte
359 1909 1462 2062 Barbli Eyg ihne heißen mit ihra zuage
358 1996 1464 2153 eßen, Da alß er uff solches endt durch
362 2082 1485 2232 die suchen gangen hab er ein großes kesten
371 2173 1469 2331 voll fleischn ob dem farer und hn der Kudi
1255 2237 1492 2332 und 2 kase
368 2266 1472 2438 noch jaren Bacher schwynin fleisch gesechen
376 2352 1474 2498 dorab er sich vergunderet, alß sy nun
366 2441 1471 2627 zum tisch geseßen, haben noch etliche dißer
375 2532 1470 2700 böser buben mit ihnen geseg und entlich
360 2612 1501 2807 alß er gefragt, weßen die bachen fleisch z
368 2714 1479 2928 sy geantwortet, sy syeü ihr, ob ser sy ihrme
378 2787 1488 2989 nit abkauffen wölte. Doruff er geentworten
351 2877 1481 3105 Er mangle sy nüt. Die wittfroue aber hertt
356 2962 1478 3216 geentwortet, er habe doch nüt gegemege
379 3076 1475 3276 er solle der halber Theil kanffen, so wölle
356 3164 1454 3401 sy den anderen halben theil nemen. Habe
344 3221 1475 3475 hiemit den fünten bachen, fleisch und ein köß
339 3296 1494 3548 und die wittfrauw den sandeen theil abfaufft
341 3409 1467 3660 und zwar mahl mercken müeßen, daß es ge
337 3505 1469 3794 stalnen zuy syn werde. Warvber die baben
1253 3608 1439 3751 ihne
1453 348 1607 486 Spins.
2758 52 2865 155 49.
1980 172 2274 300 1642.
1555 191 2854 587 enen
1587 261 2765 615 gee at
1576 355 2759 714 a
1577 398 2846 824 en
1580 550 2778 880 vs tell gahn ueff dißhir nun habeit sy ihnee
1594 639 2748 927 vrnd mihl und brotts zugebracht, alß auch
1576 718 2753 1015 den Ancker so hinder Ihme gefunden worden,
1577 832 2730 1085 den er Ihnen zwan auch abkaufft aber nach
1592 921 2726 1181 nit bezehlt, wylen er damahl kein gelt ghan
1595 989 2779 1278 habe, daß alleß waß er hiemit gethan, syn
1601 1083 2768 1368 iß großer und hochster gemut geschechen und
1601 1197 2690 1449 habe es aber allein sidt drey ruchen dahan
1598 1310 2754 1525 geebt und meinants zuvor weder disere
1534 1397 2764 1593 knoch andere bose bubch niemahls beherberget
1578 1499 2772 1712 vil geniger abgenommen, waß er aber iez
1600 1589 2737 1787 gethan, sye Ihme von grund hynes Herzens
1588 1685 2693 1866 keidt, vnbd pette Gott deskerrn vnd spi
1585 1794 2741 2000 bderdige oberkeit umb gnad und verzyhung
1577 2008 2713 2189 Und anßer der gedachter BerbliEgen Vnkisch
1587 2143 2733 2275 heit halber und ob er nit wüße, wasn, daß
1602 2223 2721 2364 kidt gehöre mit dem sy schwanger seye, befragt
1587 2306 2755 2477 worden, hatt er vermeldt er waße es zwar nit,
1602 2408 2659 2562 allein sye, sy Ihm geschrey, mit dem wirtt
1595 2492 2783 2658 zu Wackungen, ob es aber sye, das erüste er nit.
1575 2698 2735 2901 Dißer Hneß Ellerberg ist den 6. jan 1642.
1610 2803 2717 3013 sich zuskünftig vor derglychen diebschero zu
1592 2905 2718 3127 zugen ze theiten zwo stumdt an daß Galßysen
1608 3005 2516 3192 gestelt und ledig gelaßen worden.
