3024 4032
1037 -11 1284 114 1642
691 -3 1611 252 If bargschafft und deße stattlahters erlent
618 72 1501 297 hedig worden und er Guld
575 153 1528 432 Eß werde ihra jetz niemants nicht
1529 225 1629 375 dß
588 271 1477 525 vnd ihr sach in gheim Terblykh.
1532 350 1599 467 I
767 541 1616 915 Raud us 1
783 794 1622 1047 Elgestbang der andt sahe ihen
1002 916 1231 1053 Benburg
542 1008 1544 1230 den 5. aprilis 1642 wegen synes
483 1136 1646 1310 begangnen fählers von ihr n statt undt la
564 1205 1621 1418 mit eydt biß uff gnad hin verwisen worden.
510 1270 1010 1428 hat zchl bey 6 tagen
520 1395 1124 1572 vlenhen den
534 1586 1634 1729 E und habe sy sich nit alleye hiemit ich
531 1672 1633 1808 daß sechste geprcht gottes hechlich versunngt,
558 1769 1637 1875 sonders auch daß sibender deß fleischlihen
552 1840 1626 1958 willen zum anderen mahl ubertretten,
547 1925 1613 2051 deme sy mit Marx Besrirt und zesep
513 1997 1620 2138 Rychenbach von Sanen, sich ir unküscher lat
541 2092 1550 2239 dm fleislichen verprischung vergeßen.
498 2211 1586 2387 uff weliche ihr der Maria Ziegri gefaßt
526 2331 1583 2468 grusame und vebarrhertige gedancken un
515 2384 1601 2543 daruber ervolgete Aenmerschliche vnd d
530 2493 1595 2638 vater und christerlichen liebe zu widerste
539 2568 1598 2720 bose thaten und unkesche fhaler habente
541 2658 1593 2786 h. Acht grät und Burger dißer feeyen lopl
524 2722 1580 2891 statt Bere uff ihrer eydt zu recht erkent,
1443 2795 1493 2849 6
509 2848 923 2961 und gesprochen.
491 2904 1580 3076 aß sy dem nachrichter soller betohlen werden,
937 2947 1577 3111 zu gewohnlicher rihtstet hah
507 3012 877 3159 sa obendß
879 3025 1538 3136 das gaupt abschlachen und also
1452 3070 1560 3137 o
607 3101 707 3172 ihna
473 3105 1436 3229 und  aldort mit dem schwart
439 3107 1575 3326 zum todt nach beiserlichen rechten hierichen
476 3305 653 3389 solle.
451 3334 1538 3543 Dißere ertheil ist den 23. apr 1692 an ihr
490 3484 900 3631 erstattet worden.
1697 230 1742 362 1
2162 35 2436 186 1642
1772 122 2858 400 Lienhandt zuem vore Veren Balme
1797 248 2446 455 eche tereten shen
1694 386 2901 653 Ihe ist den 17. aprilis 1672 uß beselch mihrn
1716 489 2872 719 ndt oberen durch mynen kochehrenden hrn buw
1717 569 2875 790 huren Haller luth abg an Ihre abgangnen Rgaatt,
1673 649 2821 873 bedels sen Grosweyb Beter wyß des großen
1669 723 2901 909 ghaatts hen Gro�weybell Leeber her Bahh
1709 786 2854 989 suhr und etlich ihr gl orüer alß
1716 852 2868 1074 in verdächtige persohn examinrert vndt befragt
1702 1017 1852 1153 wnd
1697 1030 2885 1200 daer dan uff fürgehaltene fag worumb undt us was
1707 1092 2822 1280 uesacht er habe die dreben verhaffte tryts persohn
1702 1156 2858 1341 mledigen hefffen wollen, wer Ihre darzu bewegt, und
1699 1263 2835 1427 wie die sach sich verleffen, anders mit andt
1700 1370 2106 1483 worten wellen, dann
1670 1430 2825 1590 daß die selbige wybspersohn vß anstifftung eines ge¬
1689 1510 2780 1636 nandt halters, die mit einandren fort zugrechen sich
1701 1577 2805 1713 entschloßen ußhin sollen gebracht und entlediget werden.
1681 1667 2787 1762 darzue gar auch helffen und mit ihren, wan sy
1696 1740 2795 1879 entlediget wurden fort ziechen wellen, hierzu habe
1698 1828 2796 1960 auch geholffen ein gewüster Gerber zu Lauppl yetz
1689 1897 2756 2021 oberwohnhafft zu Blapheyle, uffwelches endt sy
1686 2006 2784 2110 mit etlichen insfrumenten ein loch in die murhen
1674 2058 2827 2170 gemaht vndt die s dardurf vßfirgebracht, die
1690 2130 2787 2245 getter zerbrachen und dardorch ußbrechen wollen
1659 2172 2820 2304 umb die diebstns frument, so ihme forgewisser endt in der
1668 2250 2785 2393 gefangenschafft hinder ihne gefunden worden, will er
1676 2339 2830 2485 mit wüsen undt nit bekhandtlich syn, daß er dieselbigen
1662 2398 2599 2575 ihm noch gemahlen gebrucht habe.
1649 2493 2767 2676 Ist einmahl lar 2 mahl mit dem ehunsten undt das
1650 2568 2766 2755 mgl mit den nach grosen stein uffgezogen worden.
1636 2659 2732 2885 4 Ist habnnt zwar etliche persohnen ihme
1634 2774 2781 2948 authin kleyder und anders zugebrachten
1647 2842 2840 3022 err ihren hels abkaufft und thells vereideret
1638 2910 2338 3113 p anderis Jach masen.
1635 2997 2869 3239 Sacg hatt er uß der gfangenschafft durch den weibel
1625 3094 2905 3295 otten erhabe vergeßen anzu zeigen, win daß er mit
1629 3174 2847 3368 Hachgegmlts Jacob Butt hilff im Tryburg biet etlich
1637 3216 2411 3399 koft hab helffen entfrombden
1592 3254 2818 3561 Diser ist den 122. aor 1693 mit entten geschmacdt,
1618 3409 2668 3644 geseichnet und mit dem eydt verwisen worden.
1858 3516 2146 3615 perge fol. 81.
