3024 4032
264 152 357 252 18.
279 602 403 675 D
908 207 1085 305 1641.
907 313 988 379 e
465 259 1391 542 anße gorden widen
649 433 1365 613 wyl fryberger geprets.
424 576 1494 795 sachdem Hanß Dyßer von Windenwyl
410 676 1465 871 Fryberger gephets vor zren oder 0 thagen
387 766 1486 978 vor dem herren vogt vor Heienperg wegen
411 854 1468 1030 er mit sampt syner gespangen ob einem
382 944 1486 1127 diebsthaf ergriffen. geferklich yngezogen
387 1036 1468 1193 und alhar geschikt worden. Ist er ist be
385 1113 1464 1299 telich Myner sy herr und oberg mohntags
400 1223 1473 1394 Den 15. novembris 1641 derch meinen hochgeehrten
403 1305 1491 1472 ber l. Damel Gerber deß kleinen h. pe
387 1362 1429 1537 Bauher deß großen, z ferommen vor
386 1477 1450 1626 Graffenried Aman, so bysye etliches
386 1553 1473 1719 Er sy dienen derreiblen erestwrtig exa-
400 1658 1454 1790 minet, hernacher aber an der Marter lar¬
384 1736 1465 1870 uffgezogen worden. Hatt er doch anders nüt,
372 1828 1346 1965 der gaß volget, bekennen wöllen
267 1943 1443 2097 Namlichen daß vor ohngfhar acht thagen
372 2037 1484 2190 er und hrr strfftochterman Marx Neüahuß
373 2116 1444 2259 ein May von ohngehar 24 Jahren, dem ein
362 2200 1427 2328 falbbärtlin gefacht wachsen und lang zu
373 2270 1447 2410 Almedingen und marsingen gedienet, geit
362 2345 1441 2493 zusamen konmen zu Bechsi und nach langem
355 2435 1438 2586 und stäten eegengetten, da sy nützit ze
366 2509 1447 2659 arbeiten uberkaumen konnen, haben sy nichts
357 2595 1414 2757 mehr zu eßen ghan und der linger sy also
346 2671 1435 2827 abernommen, daß ermelter syn stieff
352 2753 1444 2903 tochterman zu ihme gesagt. Er wüße an
354 2841 1417 2988 einem olet brott, ob sy es wollen gahr
341 2922 1423 3068 verheg und er daruff geantwortet, Nei
339 2999 1438 3211 Er wolle ehe hunger lyden dn schulen. Hat
337 3072 1401 3258 er darüber uß Jorg syt geiß, so er mit
333 3134 1436 3378 ihro gefülrt, mit einem ergeifnen stecken
336 3258 1413 3461 zu Tadt geschlagen und einem Buren
332 3339 1428 3578 zu eheren zeziehen geben. Hienach ihme
332 3435 1406 3630 abermahls angewütet, er solle mit ihre
325 3510 1429 3734 komen, die brott holen, wo nit so wölle
324 3610 1390 3832 er ihne grad thun wie der geiß, das
1223 3677 1340 3823 s
1455 370 1597 492 er.
2004 175 2247 287 1641.
1585 168 2750 547 et get
1601 279 2710 653 en
1641 322 2817 685 are ig ena
1621 417 2794 774 geie leng len
1625 512 2761 882 aeangt
1617 608 2763 961 gbe detten en
1598 703 2773 1070 gee d n so
1623 806 2764 1138 hätten hieuß geben und ihne alß er ihr
1619 930 2826 1210 von derglichen besen stulken abzelaßen, aberohne
1620 999 2810 1277 undfortgehen wollen, mit einem straken
1620 1109 2809 1367 zurauk gegen dem huß gejagt: Das nachdem er
1637 1216 2762 1430 widerumb zikomen, er mit einem stackan an
1627 1284 2741 1529 das huß geschlagen und die licht weiken wollen
1617 1399 2785 1616 dmit sy widermmb zu dem zengen gelangen,
1608 1481 2780 1694 möchten. gent die lagt ihn haß zu alsbald
1625 1557 2752 1747 erwachnt, hab eit ihnen nachgesetz und shnr
1642 1672 2814 1837 daruff gan Frienisberg vnd dodennen alhar
1655 1746 2809 1942 geschikt, sy tochterman aber habe sich
1657 1863 2776 2030 alßo baldfort genacht. Daß habe er ja ge
1646 1939 2788 2085 than, verners und wyters aber syge ihme
1659 2042 2891 2186 nit zu rüßen, pette hienit gott den fra und die
2701 2109 2898 2190 lekeit
1650 2120 2287 2251 umel gnad und versychung
1597 2175 2852 2334 Ist frgrart den 26. novembris 1641 uff ein gute jansur
2410 2257 2764 2369 ledig glaßen
1775 2310 2786 2450 Gristen, so snei nahmen nit weß,
1497 2344 1676 2466 schwander
1774 2388 2678 2531 sonst genagt der lebbuherr Echesen
1845 2468 2315 2605 ere Latzukye
1555 2680 2764 2884 Alß dißer verschinen frytags wegen
1638 2809 2844 2951 orgronscher hider Ihme gefundener bey¬
1586 2878 2798 3082 ntschierten gelthecken und einer faltschen
1603 2960 2776 3155 Silberkronen, In gefurkliche Verhaftung
1641 3063 2827 3241 genommen und volgents daraff zo besyz,
1650 3151 2819 3340 anhoren und gegenmatigkeit storkeelten
2210 3259 2463 3328 gestaig egs
1633 3227 2775 3435 myner hochtheeiden hern mit allem ernst
1639 3345 2809 3522 exammit der sangen verdechtigen heder
1615 3424 2807 3608 Ihme gefundenen Sahen halben befragt vnd
1651 3515 2783 3706 hienacher an der marter ler offzogen vor
2644 3648 2829 3777 hatte
2787 48 2868 136 19
