3024 4032
254 96 358 212 106
788 91 1090 231 1642.
405 226 1473 412 ihme getragen, verklagt, dan er hoch is
413 327 1457 514 ther zage, daß er solche noch dircgghen
419 411 1490 581 wort newwahls zu ichrar noch anderlichten ge
413 514 1508 717 habe, vnd Eyge ihme Nieinahl Ir sein kare
411 593 1504 786 Hab auch nemahl kein greff ihres huß geten
430 685 1495 857 wie er beklagt worden. Zwar habe er i
442 791 1481 937 der schmittens so wyt vos synem huß sye
442 866 1405 1040 ein wenig in der mug secken ghag,
446 956 1500 1139 zu Herre handweck brüchen und habe m
459 1065 1532 1259 und syen ihm niemahl die gedanken fürhe
463 1165 1478 1334 daß ser es anderstwchen lruchen solte,
472 1254 1522 1428 glaube auch nit, daß hyn frauw es
487 1367 1534 1525 denst habe, dan sy zu ihrem losen vch
482 1469 1517 1602 an underschidenlichen ohrten gitts kauff
496 1565 1516 1730 wöllen, so er genugser bewysen konte
428 1669 1553 1877 Waß aber anbelange, daß er geri s
487 1796 1532 1977 einen losen und vergisteten druub solte
483 1906 1522 2060 gegeben haben vnd er soliches In guere
495 2000 1539 2142 Todtbett ab ihme geklagt vnd bezeig
497 2074 1507 2252 er deßelben sterben müßen, daß werde
514 2186 1519 2338 sich in krigkeit nit erfiden und by
521 2280 1557 2462 er deßelbeg gantz unschuldig vnd gesthe
512 2402 1531 2569 ihme hiern groß vnracht, dan solches
500 2445 1556 2672 In ine gedanken Niemahl komen, vnd
520 2586 1549 2813 glaube auch nit daß es der schwecher un
540 2647 1560 2909 ihme geredt habe, vnd so er es schon zu
455 2787 540 2876 6
437 2750 1571 3016 gehen hatte, so syn Iedermanitlichen
532 2892 1557 3108 bekant, daß vr eie wennsuiniger vn
513 2975 1567 3250 unbesinter man gsin, wie er soliches uß
480 3090 1577 3356 underschidenlichen versehen thate bewisen
481 3171 1519 3479 vnd hal hue salche in ng dis
499 3296 1555 3585 Innemung (a0) spennischer Muggl
1993 69 2290 198 1642.
1579 160 2780 500 zukrankheit und todt vnersachet, wie soliches
1604 257 2645 542 genugsem herrweyen syn, und habe er
1600 319 2742 604 rich auch übrige ine kinder hiemahl mit
1599 439 2705 733 ihme gefrunken, dan er auch nit an ihre
1571 506 2740 812 hochzit kruen, zwar habe er sich vor dent
1591 622 2742 921 halb Jahren zur gustung In einem kellen
1596 724 2726 984 da er getrunken by ihme befunden und
1621 841 2804 1085 ihme eines drunk gebracht und angehotten.
1616 948 2765 1158 den habe er aber ihm nit abnemmen wöllen,
1627 1059 2734 1270 und sich hernach auch untzit ab ihme ge
1609 1156 2677 1353 klagt, Hingegen aber alß, daß vor
1622 1239 2739 1461 iner pfauren (empfangenen stichs zu
1640 1349 2741 1557 bette gelegen, sye er zu ihm keinen ihnen
1631 1474 2804 1650 umb verzyhung deßen so er ihm gethan haben
1653 1542 2766 1718 nochte gepetten und bezüget vor erlichtn
1646 1646 2736 1837 lchte, daß er ihme daß liebste vnder
1653 1765 2769 1908 sgnen knd gewesen und hette wohl er
1640 1839 2766 2007 wünschen wogen, daß sn tochter sich auch
1669 1948 2721 2096 so ehrloch und wohl gegen ihm gehalten
1670 2051 1840 2166 hette.
1658 2151 2744 2338 daß er den droben zu Sanen am Veit
1671 2291 2796 2440 deß ring hab heißen beschlieffen und die wehr
1678 2384 2815 2536 gelegen. Sye zwar nit weniger, den daß
1627 2470 2818 2629 Der by empfachung deß jr landvogts gsin,
1655 2574 2798 2704 und von deß mit syner frauwen sgehabten
1666 2665 2878 2825 handels wegen, da er lang herumb gezogen
1665 2749 2811 2908 vnd zu keinem rechten gelangen konnen,
1675 2847 2764 3002 etwas ungedaltig gsin, hiemit herfür
1672 2932 2815 3062 gerukt und alß jedermenigklich etwas
1671 3021 2795 3160 geklagt anzeigt, so habe nit so vil dub.
1674 3136 2824 3276 lonen, daß er dem haldi daß recht kone
1675 3201 2847 3380 abkauffen wie andere, daß er aber obige
2636 3351 2806 3443 wort
2740 2 2832 88 107
