3024 4032
318 -5 429 75 300
906 94 1229 242 1644
524 122 1596 420 Lürkber ghan, allein ware sy in frankrych
1599 251 1780 391 Janius.
527 241 1605 504 kommen, wolle er ihm daß wehee in lyb,
526 332 1657 590 stecken. Daruf nun habe er ihm geantwortet,
509 423 1626 673 er sache wohl, daß sy nit für einanderen
539 543 1648 770 yn werden, er solle ihn ihnes diensts klassen
527 609 1630 823 und umb einandern diener sachen, da habe
529 726 1639 930 ihn der hr. Hauptman Freyens villens
521 811 1664 995 belaßen und er auch versprochen, ihme daß
531 882 1624 1074 kleyd widerzegeben, Da habe aber der
533 977 1632 1152 h Hauptman geantwortet, waßer
528 1069 1652 1268 dem kleyd nachfrage, also sye er uff
530 1164 1462 1336 diße form von ihm ledig worden
511 1289 1602 1471 Waß aber den gebruch anbelange, so
528 1390 1666 1563 er zn herrn landtvogt Rycheners huß gethanen
523 1462 1629 1624 Ege nit minder, den daß er verschinen
523 1573 1676 1702 zinstag deß kester mahlß durch herren landt
537 1638 1623 1776 vogt kilchbergers huß durch gang und
545 1724 1660 1879 hinden by einem baum hievber In herr Landt¬
538 1821 1607 1959 Vogt Rycheners huß leide gestigen ge¬
541 1909 1620 2052 Da habe er uß einen gewach mit fner
555 1982 1621 2130 stangen zum fenster hietß sechs sack
560 2057 1660 2206 und ein nuw halffsätteli sampt den serien
560 2134 1649 2287 gezogen und iro yn gießhuß nach Stagen
560 2230 1646 2374 gebracht, die seck aber sygen von dannen
554 2314 1673 2468 durch die proffosen nach wongen fes wirts
561 2397 1647 2542 huß getragen worden, da sy nach syen
554 2538 1643 2665 und wyl er nun daß Pestenmahls zwey
565 2631 1654 2776 seck laßen fallen, vnd beneben auch noch
552 2691 1661 2868 gewäß habe ds zwo pfurren In demselbigen
549 2767 1658 2948 gmach syen, sye ihm leidter der sum aber¬
551 2833 1651 3026 mahl daran komen, daß er sich widerumb
552 2928 1671 3112 ins huß begeben und sy neümen wollen, hab
546 3016 1646 3196 also syn fraue heißen durch s lantvogts
547 3079 1668 3276 kilchbeigers huß durch gehen und daselbst
567 3151 1641 3373 hinvberstegen und ihne shraden die thür
562 3251 1646 3466 uffthun heißen, so sy auch gethag bald
555 3363 1658 3562 darnach aber ye die magdt eben an dem
553 3427 1652 3660 ahrt, das sy, hievber geßigen und sy gefunden,
542 3507 1661 3728 Da obwohl sy sich verstecken wollen, habe
1514 3621 1625 3694 oh.
1741 1486 1782 1549 6
2167 166 2454 288 1644.
1778 255 2863 420 man y doch erwütscht und gefenklich
1774 362 2214 511 zureches lehen
1780 438 2907 596 daß sy aber anderen sachen, alß dißere ent-
1789 517 2881 689 frobdete stuk, weder in dißem huß
1789 588 2902 719 nach ir anderen hab nit begert zu entragen
1797 681 2968 801 oder wyters guzebrechen, daß sye ihme niemahl
1785 749 2947 895 in sum komen. Waß er aber alhie begangen
1782 820 2860 981 sye ihme von Frund zues hertzens leyd
1780 898 2934 1068 und patte gott und fu gnedige Obrigkeit
1799 990 2509 1150 vmb gnad vnd Verzychung
1785 1062 2967 1220 anderer anthaten halben, will er nit gestendig
1785 1173 2966 1302 syn obgeoschwohl ermahl lar und enmahl
1812 1234 2620 1354 mit knemstein uffzogen worden.
1781 1315 2870 1490 Ist den 12. jan 1644 in daß Schallenwerk
1813 1400 2249 1524 geschmidet worden
1968 1448 2848 1564 Barbara Hoffstetter ab
2085 1532 2815 1629 dem Buchalterberg jezge
2139 1608 2920 1712 melts Pauli Hettlers fraue.
1755 1711 2917 1880 bekent, sy zu zwar deß Ersten mahls
1786 1839 2896 1962 alß ihr mag verschinen zinstags ir hern
1790 1914 2984 2042 landtvogt Sycheners huß die 6 seck und
1799 2017 2966 2119 daß hulfftsatteli entfronret nit darby
1813 2078 2984 2224 gsee, aber am donstag alß er die anderen
1798 2173 2993 2299 ihren und die zro pfarren auch rechten wöllen.
1798 2246 2908 2401 so s leyder auch darby gsin und sye
1802 2337 2969 2475 by h landtvogt Kilchbergers huß durch und
1815 2422 3028 2579 und demselben aber ein nur in bemelt huß
1818 2511 2940 2667 gestigen und hernach ihrem nan hinden
1813 2604 3010 2719 den stall uffgethan, da syn sy also ergriffen
1799 2670 3027 2820 worden, Daß sy aber begert habind etwas
1791 2769 2970 2915 gester alß die zwej Seck zuentfroubden
1803 2846 2990 3041 oder aer anderen oheten gezebrechen, deß syn
1776 2927 3001 3099 sy niemahl bedacht gsin, patten umb gnad
1788 3003 2265 3152 und versychung.
1779 3111 2975 3350 Also ynun daruf auch befagt worden, ob ihr
1786 3214 2977 3434 Erster ehemar nach ie läben oder wie sy gynen
1792 3311 3004 3510 ledig worden sye, hatt sy zur antwort geben.
1794 3355 3029 3578 sy habe ihren festen mann, so Lorens Schiffman geheiten
1803 3448 3028 3666 und vor richtorf gsin, allein ein jahr lang zur
1797 3502 3032 3783 b shan, da sye er ger ihres vatters huß gestorten
1804 3610 2935 3809 und habe hernach dißen geelichet, so sy nur by
1809 3671 2262 3814 ahr lang gebe
1862 3760 2976 3993 weglen sy fürgibt schrangern lybs syn, ist
1974 3842 2486 4057 in vaer en s
