3024 4032
365 75 494 181 226.
889 180 1180 321 1644
487 190 1611 520 nderen de ae desholen
1605 366 1723 511 Mat
515 333 1610 566 dan sy den disere 3 lbgaben,(so sy zuver
553 421 1636 657 ornst niemahl gesechen noch gekent an
1042 524 1302 619 man
519 513 1611 715 getroffen, da sy sich dann mit einanderen
537 606 1658 838 leyder berahhtschlaget, daß sy von ihr allersit
547 683 1644 886 hueger und mangels wegen (obwohle sy ihnen
558 786 1634 931 soliches lang abgewehrt und destwegen von
1302 884 1600 966 inse gewßen
543 857 1683 1025 ihrem mar geschlagen worden brechen wollen
540 924 1613 1099 so sy auch gethan und darnß 2 oder 3 leiben
555 1031 1644 1191 brott ein handvellnuß und oder 3 par schu
537 1113 1666 1273 Ein Kalbfhal zu Ubergschne gerüstet, so sy dem
540 1194 1662 1350 ßaren by demen sy ubernacht nach verkaufft
550 1264 1665 1434 und etlich klüngeli gern mit entfrouldet
535 1341 1670 1505 wo vnd wie, sy es aber genomen, seye ihre
550 1438 1686 1590 nit ir ernßten, daren sy nit darby gsein, auch
557 1524 1668 1657 darzu mit, sonden vil mehr abgerahten
566 1602 1689 1739 habe, Ihr Mau aber habe ihres wußens sein
551 1692 1669 1826 lebthug anders mit entfräëldet vnd sich
552 1772 1549 1914 einicher diebsthalen nit gelnsten laßen.
625 1873 1624 2012 wegln sy schwangern lybt, ist sy nit
765 1967 1576 2090 an die marter geschlagen worden
505 2155 1630 2307 Hans Rieder dan, ein ehngeferlich
536 2258 1684 2415 Achtzecher Jariger knab bekent wie volget
502 2360 1683 2523 Eß seye nit minder den, daß er vor zwegen
518 2443 1661 2635 Jahrero vff der Landtzogen vor einer hus¬
547 2533 1713 2710 seye ergriffen und ohne winiches verbrechen,
530 2610 1699 2779 und argwohn alhero geführt und in daß
541 2690 1712 2913 Schallenweck geschmidet, ein zeitlang dar
503 2764 1688 3003 nach aber widermmb ledig gelaßen vnd Ihn
552 2855 1713 3104 er hernat gewisen worden, dahin er sich dan
506 2915 1699 3194 begeben, vor kriegs vermer aber widerumb
519 3037 1691 3300 ihn dise kind kommen und hin und wider
537 3105 1689 3404 gedienet, auch mit schlyfstein tragen sich
568 3358 853 3504 erhalten.
540 3285 1694 3572 Letstlich seye er zu Gasell zu disen dreyen
547 3356 1710 3686 gsellen kommen und sich leyder uberredt losfen
540 3447 1664 3784 d  end dn hensee
532 3542 1746 3846 werlichen zwar durs zeltteler den ußgerißtet
1712 358 1757 446 11
2170 194 2447 314 1644.
1767 320 2831 465 Duch mittell eines hieweg gethanen heltig
1787 368 2829 563 s uhgethan und er nit gesehen hab
1840 436 2806 588 zugangen seye und daruß ein
1750 514 1827 613 fr
1762 519 2828 691 sch solleder ein wenig nuß ein ziechen
1759 599 2854 772 und a pa ihu entfemuldet, weliches alleß
1758 685 2848 853 su daselb in dem tenm, da sy veber
1748 743 2824 945 sast waren getheilt und ihme ein par
1760 849 2834 993 g, so er antrge davon zu theil worden.
1745 919 2874 1100 dars zelteres frau belangend, haben sy
1735 1019 2899 1187 diezu nit geholften, sonder nehr abgewehrt
1759 1103 2788 1269 af das  daßweg kein schuld tage.
1747 1212 2845 1407 Daß aber den anderen gebruch belanget
1760 1325 2860 1466 In der ihgerißene gethan, seye er nit
1759 1398 2898 1558 slg gsin, habe nit mit ihm gehen wolle.
1751 1491 2516 1636 und wüste also nüt darvon.
1765 1592 2848 1732 sie kleinen keaben aber belangendt.
1756 1699 2839 1844 hn selbige Ih dem Lengenbeig zu ihm
1759 1772 2871 1917 komme und habend zur seinen ghan mit kie
1765 1867 2898 2047 aben ins Elßaß In ihr kennat zu ziehen.
1776 1979 2802 2154 sie krame aber, deren Man ihne Iro
1762 2097 2864 2226 gedacht habe und by ihnen gefunden worden
1767 2165 2836 2332 Igelangendt, seye selbige ohngefahr
1776 2264 2895 2384 suhnen kommen, kenne selbige mit und
1786 2352 2757 2503 se nichts mit ihre znschaffen ghan.
1900 2465 2796 2619 Ist furmahl lar ufzog worden
1786 2610 2892 2776 ievbeig beid Junge knalen dan, so
1774 2716 2936 2883 uinerlich  oder o jatr alt hr mögen.
1782 2804 2867 2942 befamnent, das sy zu Balm zn dem
1778 2884 2931 3045 sprißenen durs zeltere kommen, der
1786 2986 2969 3141 hlen sy angewisen, das sy mit ihme giegen
1785 3066 2917 3232 s wolle an gewußen oheten ettwas vber
1791 3134 2967 3339 kommen und ihnen uithheden. sy syn ubell
1800 3239 2928 3442 geflendet, e wolle sy wohl beblegden.
1798 3329 2958 3528 isen daruß etc. Also das das sich also vor
1798 3429 2975 3638 ze verführen laßen und mit ihm gangen,
1800 3513 2948 3715 d er dan zu Baln ir einem spycher
1809 3594 2926 3803 den ben lach hieg gebrocht, die Thmr
2745 3817 2970 3928 hernach
2850 200 2972 279 227.
