3024 4032
385 -25 501 70 72
906 58 1168 187 1642.
559 118 1628 442 In bendih gebeten we
584 262 1616 525 brecht wöllen, wyln aber andere vor ihme
559 375 1616 589 gseie, haben sy der Keller offen vnd nebih
566 437 926 572 daein funde
534 535 1600 833 uff der mutten by Sagnauw sygen sy nacht
523 675 1598 918 In ein gaden under der tharschweken hiegen
527 774 1590 1007 gebrochen, daruß 2 bitt  anbenballen
512 889 1587 1086 genomen und die Milch so darin gsin,
509 959 864 1093 getruncken.
505 1088 1618 1351 By abfoltern ebenmeßig under der sh
508 1211 1589 1384 In ein heyßgaden gebrachen, darin zwar ein
528 1294 1591 1463 ehrinen haffen und ein keßeli gefunden .
522 1394 1580 1563 soliches nit, sondern nur ein brot genommen
482 1467 1569 1689 zu Staftißlung gey sy in einen kallege
507 1603 1540 1776 brohen aber miit alß opfell und wegen
488 1677 1553 1849 gefuden die ppfell genommen und den wyn
498 1779 1248 1933 uß den hüetten getrunken.
452 1870 1539 2028 zu kilcheindach uß einem kellen, der
465 1986 1556 2120 sy das maletschloß mit einem sagel unb
468 2053 1539 2227 drapt, 8 brott vnd die seck voll epel
488 2168 793 2296 genomen.
451 2263 1506 2410 zu wolen, da er zn einem huß uffder
498 2357 1509 2498 bum gelegen, habe er zu das fleischheß
478 2426 1521 2561 von der buni herob grofen und ein stuck
462 2540 1064 2682 fleisch heruß gezogen.
437 2643 1521 2792 zu Müliberg zu einem kaller abermahl
460 2751 1532 2903 Maletschloß unbtragt, herrn gangen und
476 2847 1503 2993 nüt alß opfel gefnden, da yne gespanten
482 2913 1487 3059 vnd er, ein geder gneseck gefalt vnd
452 3045 677 3176 gegen.
404 3087 1507 3298 zu kilchdorff mit haff zweyer yner gelen
445 3179 1497 3354 so Caspar und Heini Heiff, durch die mutt
446 3269 1503 3440 mit scprötgsen zu ein kellen gebrochen aber
445 3397 949 3527 mut darin gefndn
412 3457 1460 3656 In einen anderen alten kllen daselbst hegen
421 3543 1465 3742 syne gesponen gebrachen und darin milch gesten
1308 3647 1393 3741 zu
2127 106 2355 245 1642.
1676 163 2812 423 Po dieterswald syge er aben zum tach hingu
1690 235 2839 518 In ein spycher gestigen, aber mit alß korn darin
1669 455 1884 588 pfiden.
1681 410 2808 722 In Luterbach glicher wyß mit hicbt dreyen
1665 527 2869 804 gehoanen zum tach hinge zu ein seychen gebrochen.
1626 610 2866 885 und daruß etwas laders, s prr sihn 8 lgu
1696 707 2755 909 sachen etlich eschlachen 3 rock entwegen.
1667 798 2799 998 und uß dem brunnen daselbst ein heimlin
1680 860 2828 1085 ggmomen und uß hnemt theil 2 5 gelößen.
1679 1003 2805 1178 sichet Mard schnyder und einer so genant wirt
1707 1090 2770 1268 Schur den Greß) habent der engmmeister
1684 1214 2069 1343 ind gestehen.
1643 1238 2820 1474 he eber lastlich sichgedacht Myshern und obers
1678 1405 2212 1564 hr Jacb Bediet
1810 1494 2121 1585 aber hochgemelt
1675 1497 2785 1662 zwyl aber er myne sy hern und obern uß
1663 1602 2815 1733 allen vebstehnden abgenomen, das Vorfemelter
1662 1679 2746 1826 Jacob Heerdagen syn hertz und gewüßen nit
1641 1768 2773 1915 gmugsam gereit und entlade habend so
1669 1844 2777 2002 on synem wanckelmutigen vnd argreohangen
1664 1941 2820 2080 versprachen sich nit ersettiget, sondern nohtwen
1653 2030 2754 2180 dig befunden ihne alß einen verrumbten bößer
1659 2123 2831 2249 auth mit mehrerer und strengerer marter Exa
1663 2201 2783 2369 ninnng ze laffen, so dan auch zu bysyn vor eheen
1666 2280 2747 2425 gemelts un Hern habull von Wattenwyls
1665 2348 2751 2510 von kleiner h Pater Buchers vom großen
2376 2465 2679 2540 Großweilelt
1653 2432 2762 2601 halt hhren Sammel Leebers und etlicher
1644 2511 2793 2686 fesy dienern der weiblen, donstags den 28. apr
1632 2626 2766 2768 beschechen, da er dan aber vorige syne bekent
1623 2681 2758 2865 vnd versehene diebsthal, noch Nachfolgende le¬
1619 2784 2790 2950 gangen ze habe bekent, angebh und mit der Merter
1602 2827 1806 2961 fehalth.
1604 2957 2739 3157 daßer vor ohngsehed vier jahren zu Burgdorff
1605 3060 2726 3228 wegen etwas angwohangen erkaufften zugs, ge
1610 3111 2704 3290 sentlich ergroffen alhero geführt und uff ein
1596 3184 2730 3382 ernstige Eemanung zu beßerung synes lebens
1607 3301 2732 3474 ledig gelaßen worden, so er doch anderist nit
1605 3365 2855 3587 beebachtet, den daß er sithero zu syner vorigen
1597 3449 2557 3624 besen leben fürgefahren und he
2564 3619 2652 3728 zu
2875 40 2975 128 95.
