3024 4032
357 -78 470 65 90.
1061 49 1314 181 643
586 148 1620 421 sweliche zu Jacob Bube vil und mann
601 232 1636 503 faltige so gohl mit alß ohne marter iu
624 326 1629 562 ihen vnd bekente diebthal, gebrach vnd
605 442 1625 670 vernere enthaten habent hochgenampt
594 495 1598 716 Gnedig Berren undt oberh sihs schärt
586 576 1598 815 und Burger dißer freyen Coplichen
582 675 1593 890 Stath Berg uff ihren eydt zu recht
583 757 1293 927 erkent und gesprochen.
554 850 1615 1123 daß er dem Nachrichter solle betohlen en
566 998 1596 1226 der ihne obendß uff die gewohnliche
1153 1128 1199 1188 ihr
574 1102 1608 1308 richtstatt führen und daselbsten mit
556 1195 1564 1405 den Schwart don läbeg zum Todt
555 1289 1521 1481 nach keiserlichem rechten hinrichten
551 1381 717 1480 solle.
533 1477 1545 1709 Ist den 23. apr 1692 an ihme erstartet
565 1591 743 1666 worden.
1413 1701 1548 1787 t
1424 1885 1466 1956 1
658 1861 1524 2045 Hans Stechi Von Gat¬
908 1992 1123 2087 Wolff.
448 2085 1510 2260 Wyin hievorgemelter Jacob But
521 2232 1492 2365 disen angebeg, daß er sich by ihme
505 2328 1535 2466 underschidenlich gezeg und vil zugzu
501 2437 1528 2568 getragen habe, ist er deßwegen gegeen
510 2529 1521 2666 hamlich alhero beschikt und uff 22 apr
503 2613 1516 2764 1642. Ir bysyt hern Johannes Halten
505 2700 1522 2829 und h Hanß Jacob Hymars mit ihme
499 2767 1531 2931 beb confrontirt worden, Da dan eemelte
498 2879 1511 3039 beb, ihme undermnute erhalten und
478 2978 1504 3161 ihne gestendig gemacht, deie volget¬
421 3088 1508 3264 s habe ihn ein meitlin Uesi gerant ansh
443 3184 1481 3365 dahin geführt, vnd ihme gesagt sy zugut
445 3277 1472 3469 deß gfindlins ge, sye deßwegen mit ihr
1313 3339 1503 3456 da
2152 124 2442 247 1642.
1735 202 2798 453 hin gangen und aldorten faßnacht ge
1718 291 2724 548 halten und mit einandersn getrueken.
1716 366 2865 622 Er habe synem sohn ein herli umb 8 h. vnd
1733 528 2367 700 ein bettziechen verkaufft
1700 652 2802 840 Item 112 Ell hußtuch auch senem Sohn vmb
1712 737 2866 918 2t frran in maß weiben und gersten, daß
1717 830 2819 995 maß umb 7h. da er wohl geroß, das es
1712 957 2045 1103 gestohlen gsie.
1709 1006 2845 1173 Item ihm Stechi selbs ein buchschädi umb 2 h
1674 1140 2813 1315 Sonsch hab Stechi und syn vock, ihr geheißen
1712 1264 2800 1397 so er etwas derglychen zugs bekomme, solle
1696 1349 2748 1494 er es ihren zabringen, sy wöllen ihm ins
1695 1455 2086 1584 alle� abnemen.
1687 1567 2813 1717 Syn Sohn hab ihren auch estlich gelegenheit
1695 1645 2635 1785 gezeigt, das sy zustaleg fiden werden.
1650 1838 2731 2037 Dißer wyle er uß dem ampt Murth
1678 1989 2757 2108 vnd die Alternatis nun nach Eryberg
1684 2055 2698 2218 gehört, ist dem herren schultheißen zu
1675 2129 2767 2315 morth widerumb gerersamlich uberschuck
1666 2244 2830 2418 und güethalbh die statt fryberg ze berichten
1684 2337 2130 2478 bekelchnet worden.
2911 57 3001 164 91
