3024 4032
242 133 331 196 32.
207 1466 381 1563 gund kllen
226 1537 377 1610 Casoa.
206 1586 353 1692 liß fe
858 214 1075 355 1621
305 253 1508 562 Ebenmaßig ggen sy auch zweymahl, nach
409 399 1509 667 ried gsin und uber ein spycher beechen wälen
396 509 1494 745 und aber glychshals von der hunden wegen
391 569 1517 835 hengeschaffter sachen, sich wider zu reit nach
364 688 701 826 hmnueßen.
336 822 1526 1042 Zu daberere iß Lieni deß Habermaller
409 928 1503 1129 hu�, habe er vier reck ein lystige geppr
404 1027 1520 1231 eine küßi mit trilch gefaßet und etlich kluge
399 1112 1513 1271 garn entzuckt, vnd In der statt theils Zeber
390 1189 1407 1359 kauffen gebeg, das ander aber behalten.
372 1311 1497 1488 dene Bleicken Im Sulgenbach, habe er mit
383 1436 1497 1596 Hilff Moser Annelis sohn zweyer gespenen
400 1536 1483 1647 ens mahls ein groß vnd ein klein stuk
373 1611 1509 1766 stuch: Vnd deß anderen mahls sut gehane
350 1705 1491 1848 auch etliche stuck, hinweggenommen vnd mit
1233 1785 1328 1850 habe.
378 1787 1502 1934 einanderen getheilt, er aber deß letsten
385 1870 1485 2033 mahls, weylen ihme ein kindt krank gse
382 1968 989 2110 nit darby ge konen.
364 2085 1483 2221 herre im summer habnnt zür gehulffen auh
336 2191 1487 2326 Dene Bleicken by merten, gar vilstuch lß
367 2277 1509 2419 einem ghald gestohlen, so Ihnen aber meister
351 2364 1476 2541 theilß abgenagt worden und wenig davor
352 2439 1417 2625 gebliben, so sy vndereinanderen getheilt.
315 2581 1446 2772 B der spitahl und Insuscher, habeit
362 2668 1479 2872 etliche schaff entfraubdet und selbige be
350 2763 1479 2935 einem gewüßen huß zu Bumplich, da deß
335 2849 1466 3070 ußgeeißenen schulmeisters frauw kidts ge
345 2960 1210 3140 legen, mit einandern verbrucht
313 3090 1461 3271 Vnd hab nit auch den Jeniger diebsthalt, so
321 3153 1466 3374 man hetstlich zmr Schallerhelzli ihnen abgeiagt,
307 3257 1448 3476 verbracht, vnd nach Verrichtung deßelben
308 3344 1489 3585 zu ihme konnen herberg daselbst genomen
299 3411 1458 3671 und gesagt. y hettind zmr frybargpiet vil
286 3472 1459 3763 Zugs erwütscht, syn Ihnen fler widerumb ab
1345 3673 1417 3762 d
297 3697 803 3870 genonden werden.
1210 3732 1403 3869 Her
2039 215 2285 357 1644
1578 216 2727 588 Erlense
1548 467 2741 826 esen n de
1579 618 1777 776 gebereh
1599 561 2728 887 Püett loffell mit silberbeschlagen, heren nechtt
1578 669 2644 977 vmbfang. Ein gewahleten vmbschlag, zwo
1583 690 2779 1043 ese eneen
1594 817 2765 1134 Ein ihrers par hosen fürbenu par Ermell
1591 891 2746 1200 ein geneyn ufftach ein benptlüßi der haupt-
1599 1011 2718 1276 Beßziechen 10lgelachen 6 Tisplachen, fir
1594 1088 2764 1354 laftelentnch 8 handtzwechelen anderhalb
1578 1210 2726 1423 deset ischhwechelen, vier auffetzwechelen
1592 1267 2799 1552 zro wyshiegen. Hwery kemli dery Huben,
1589 1371 2756 1590 heen kragen, vier kanten, Ein waßerkannen
1586 1461 2804 1692 hin gresfaß und kupferung Landtbeck vnd zwey
1607 1538 2847 1770 dalhbechli entnemmen und rauben helffen, alß
1607 1644 2787 1853 auch ein behtt, so albereit zusemen gebunden
1608 1756 2800 1922 war vnd ihnesaber von den Pröscheren wide¬
1611 1824 2775 1991 rueb abgeragt; vnd vorevbeigen zug, Ihre
1611 1928 2775 2067 ein ubschlag, ei rohte dack 3 Egelacher
1592 2011 2694 2158 und vor den becheren, deithalbe bronen zu
1610 2114 1958 2210 theil worden.
1576 2204 2741 2308 Dy der käserz alment, habbe er ein biren
1603 2294 2796 2434 baum geschëttet und etwas ein halb maß biren
1537 2378 1967 2508 davon bekomen.
1897 2498 1945 2595 1ß
1580 2530 2785 2714 jelengst gent gue beide Cespanen, der Aß¬
1612 2625 2807 2765 gerißene schulmeister und Schorendunag, mit
1600 2706 2809 2864 einandern zu racht worden, wye sy dz Riesgelt
1591 2791 2795 2949 zu Rüeggesperg bekomen und erheben könten.
1583 2858 2835 3060 da dar y underwylt nach gefaßen rahtschlag
1606 2968 2807 3139 ich nacher besagtem Rueggesperg begeben,
1594 3058 2798 3247 daß gereelb mit einen hebyser groffnett,
1618 3143 2806 3342 hitein gestigen vnd daß gelt hineß genommen
1617 3205 2803 3417 vnd In In Ermelts Hanß Lieesterns ein
1600 3289 2772 3506 pfargene Matten getragen, daselbsten In
1559 3387 2710 3583 dreyglÿch hätten getheilt, davor Ihme ein
1610 3466 2853 3695 hultlin dacaten, ohngefehrd eines erpfes groß
2632 3664 2774 3750 und
2757 78 2865 167 33.
