3024 4032
372 -2 513 56 146
905 96 1235 235 1642
2179 153 2501 290 1642.
377 91 1764 450 niht uff soliche syu ihrer gethane versorechn
1680 227 2793 507 dmmit mar seche, daß sy mit eherlichen
519 200 1618 522 he en e
1718 285 2885 586 sichen vrbgenzere, habe, sy alhobald nach ihrer
521 280 1614 634 ves au sbeie nden see
1722 375 2929 660 gnnst, die sach und wie es mit ihrar hergaugen
513 420 1603 695 wesen, alß daß es ihn ehrere zugangen
1721 434 2932 729 eherlichen rybern anzeigt und vermeldet, da
506 503 1611 802 und er sy (wie er ihre versprochen, shlihen
1707 516 2885 808 iheeo die sach auch beskounen und sy beider
505 598 1601 861 und zu küchere herrn werde, sye diß
1681 596 2901 885 Witmahls für der tuncken ohrist von Ruggispeig
500 675 1518 938 wegen vor ihme Schwanger worden
1718 709 2891 977 beschid worden, das habe aber er ihra ver
1500 830 1620 935 2
506 790 1602 1019 habe daß kind, so schmesend keinem ant
1720 798 2871 1060 sprochen, so sy ihn nit anspreche und angebe
514 885 1596 1105 gelörte by ohngefehrlich funf mehnaten get
1731 875 2869 1123 wolle er ichta Jahare fronen verehren, vnd
503 986 1623 1248 biß in kiner nacht, daß ihro gant arß
1711 966 2880 1210 glschwohl hernach sy widerumbb zu sihme ire
1695 1049 2897 1337 syn huß neumen, so sy leidersys auch also gethan.
516 1091 1609 1304 worden und hieueß gahre nrüeßte, sye sy meg
498 1171 1609 1377 wand geschoßen, In ohenracht gefallen und
501 1271 1605 1481 also ohne daß sy etwas vor ihra selbstn
1625 1304 2882 1508 Alßo nun hiervber vorbemelter Cheisten
493 1376 1592 1550 gewüst, dedt genesen, und s si
1705 1416 2859 1592 föhlen auch absonderlich bescheid und ihme
504 1466 1573 1652 ment alß er sy ihro gewesen und zu
1714 1495 2957 1669 der vlberührten latr Rißling nochmahlige
498 1560 1566 1696 Junges Sohnlin, Alß sy aber widerumb
1717 1586 2870 1773 bestendige vnd vnveerenderte zorige be¬
494 1639 1586 1808 zu recht louden, habe sy sich zur behrt befade,
1722 1668 2873 1824 rachtnuß zu gemacht geführt und er dalin
481 1747 1604 1886 vnd alsbald nachgefragt, wo daß leige, vo
1713 1758 2864 1925 zu runder bekantnuß der warheit mit
488 1832 1594 1983 von ihro keuren hingethan worden sye
1732 1846 2912 1988 betroüwung eiwendender marter ermehnt
489 1924 1596 2071 habe er christen zwar anfenklich nüt dato
1724 1936 2834 2071 worden, hatt er doch vor syner anfenklichen
495 2017 1590 2144 wäßern wollenhernach aber vff ihr ver¬
1730 2039 2864 2186 und ersten bekantnuß keines wegs stochen
499 2101 1597 2239 ners anhalten gesagt, si habe etwas in kah
1730 2106 2856 2261 wöllen, sondern selbige nochmahls, by hocher
480 2176 1594 2321 gemehfen, habe aber nit gewäß und
1731 2207 2831 2347 betharung bestätiget und widerholet:
479 2267 1596 2415 vermeint, daß es ein kidt gsin ge, a
1686 2294 2925 2478 Namlichen, daß wwao sy In dienstwgß ein
458 2349 1587 2491 daß sy daruff zum bach gangen und deß
1719 2413 2906 2550 hytlang by ihme gedienet und by ihme Er
460 2438 1571 2596 kindt In der Nachgeburdt daselbsten gefunden,
1712 2512 2917 2637 Enem genach gelegen, vnd daruff, wie er
463 2540 1581 2716 genomen, vnd In die Kilchere vergrabet,
1728 2567 2890 2722 von underlichten vernomen) umbgangen se,
464 2634 1590 2788 da dan er Christen daß grab selbsten ge
1720 2652 2854 2824 daß ey ihne verfellen und zu unküschen
465 2728 1571 2894 macht, und könne sy anders nit glantz
1724 2716 2891 2886 wercken briegen mögen, habe auch uff solich
1721 2801 2948 2975 eidt, handt an sihn gelegt und zu verbringung
463 2789 1591 2975 den daß alß sy in ohnmacht gefallen und
1710 2886 2897 3041 Vnkuscher thaten beweger wollen, Er aber
452 2866 1589 3087 genesen, er sy ins bett getragen haben müste
1735 2965 2890 3169 habe an ihre alter hurischer thaten ge
454 2970 1562 3169 wgl Niemants alß er und syr Sohnlin zu
1728 3058 2903 3236 dreckt und sich keines wegs zu ihrer begeren
438 3060 1562 3290 huß gewesen, daß er aber ihrer unzytigen
1726 3110 2907 3356 meiger wöllen. sich hiemit einihre gestalten
444 3151 1589 3364 und zufreegen geburt ein ursach sye, daß
1739 3217 2889 3438 mit ihro nit vergeßen, noch unküsche thate
426 3221 1565 3466 könne, sy nit sagen und trage er ihres rußens
1736 3299 2179 3440 mit ihro verebt.
2752 3366 2801 3480 2
425 3312 1576 3572 daran keine schell mar habe er ihra offtnch
1712 3370 2921 3569 vilweniger habe er gewüst, daß sy schweeger
448 3396 1573 3670 alß is sich nit mahl befunden morgens für suppen
1735 3463 2908 3651 geather oder Eines Kindts geuesen sye, biß
398 3466 1583 3745 Ins hutt gebracht, daß sie aber zubor beschehen
1652 3524 2750 3751 daß er selbiger sühar vernemen mürßen
420 3544 1552 3805 und ehe alß sy schwarrger gewesen, also daß
1438 3686 1550 3778 da
2729 3695 2913 3806 zwar
453 3633 1544 3904 y ihme deßwegen kein schuld gebhn kenner und
2907 67 3029 170 147
