3024 4032
407 40 552 138 284
955 139 1270 286 1644
615 255 1570 550 Dlna Wedam v den
909 426 1263 552 Sundtgaup.
770 554 1574 763 Maria Rucd von Lann¬
1022 683 1176 819 Vnd
751 763 1586 1013 Anna Seyir ven Toagen.
523 1023 1714 1257 Dißere drey wylspersohnen, sind uß my s unds
585 1151 1689 1332 bekelch durch dero dienere dens großreiben
565 1218 1712 1424 vnd Grichtschryber den 7. May ihres Muestig
573 1347 1686 1501 gefenden lebens vnd vnherschweisens oxami¬
583 1399 1270 1561 nit und befragt worden.
511 1508 1681 1704 Da den erstlich Maria Wiezenn anzeigt, es
567 1611 1638 1745 habe zu Buch im Riedtbach, Bottinger
562 1676 1676 1849 vnd da harumb gedienet entlich aber sich
556 1775 1668 1929 mit einem hner landtlichten verehrlichet von
553 1864 1640 1995 deme es auch ein Kndt bekomen San May
562 1944 1649 2084 aber habe ins verlaßen und sich fortgemacht,
555 2033 1643 2168 als es aber deß keits genesen, habe es
567 2115 1645 2249 nit mehr im dienst zu konnen, sondern also
578 2174 1622 2332 mit ynem kind dem alngusag, nachzuhen
583 2267 1658 2408 maeßen, Nun sege aber kertzlich syn kind zu
565 2352 1648 2494 Bäefischenhuß gestorben und zu Laupen
556 2439 1690 2576 graben worden, also daß es sunes und miters
568 2514 1681 2650 worden sich widerumb zu syuhenmat zubegeben,
543 2602 1656 2759 da seye es vnderwegens mit nachbemelter
564 2668 1693 2812 ner landtsmanein Maria Sauch zu damrist
554 2738 1683 2925 huß uf freyer landtstraß, vonn den rovona
557 2818 1678 2972 ergriffen und alhero geführt worden, habe sonst
545 2949 1154 3075 kein übel nit gethan.
471 3046 1630 3275 Im glychen lagt auch Maria Sanch, Eß habe
520 3125 1625 3358 bhie gedienet, woln es aber keinen dienst
502 3212 1649 3451 mehr fiden können, habe es noch hinnat wöllen,
516 3322 1641 3534 zn dowißhuß aber ergenffen und alhero
500 3487 973 3644 gefehrt worden.
1464 3481 1586 3638 Alß
1696 307 1790 474 1
2259 265 2553 367 1644
1837 352 3016 474 Alß ihnen aber fürgehalten worden, ob nit etlich
1846 441 2984 578 haben by ihnen gsin sygen mit denen, sy mohl
1834 515 2998 650 so bald den letsten by Laupen herumb be
1821 590 3009 728 gegenen diebschal verbeing helffen, haben
1833 664 3015 801 g ganz davon alß auch vor einehem andern
1809 747 2979 889 diebsthal noch ameinschafft einicher buben
1820 812 2282 942 nut siensten wöllen.
1807 890 3007 1013 Den 20. aug ist disere perston mit einer
1828 971 3029 1103 thtsghüpt, wer auß laubts verwißen worden.
1795 1030 2848 1151 dißere gwey mentsch sind mit einer
1793 1092 2917 1240 geten kenm und ermohnung zur warheit
1798 1163 2936 1354 edig gelaßen und In ihr keinat gewisen
1789 1284 1944 1385 worden.
1820 1369 1877 1464 6
1765 1506 2909 1679 Aena Ryser dan zeigt an, es habe
1782 1631 2922 1777 yn labthag müt böses gethan, sondern mit
1779 1723 2928 1858 dienig sich erhalten, alhie In der Statt, by
1777 1799 2974 1946 Pastian Rratinger Jacob Roder und anderst
1771 1884 2920 2052 ro gedienet, da man Ines verhaltens
1776 1957 2875 2125 nochtragen konne; Letstlich aber habe es
1767 2063 2894 2244 alhie Ime Ziegelhoff gedienet, da es dan
1766 2157 2880 2342 zer böse Bem vnd Schenkell vberkomen
1773 2240 2881 2432 daß es nit mehr Im dienst blyben konnen,
1778 2340 2852 2546 sondern sich curieres laßen müeßen, alß
1785 2428 2897 2640 nun letstlich keinen dienst gehapt und
1759 2492 2872 2731 Idem peas alhie mueßig gestanden, sege
1757 2630 2893 2838 es von den grooosen ergriffen und de
1740 2692 2850 2936 gfengenschafft geführet worden. Eß habe
1745 2797 2876 3049 der dienst zu Kürsers verprochen, dahin
1741 2888 2642 3109 in sich nun zebegeben gesumet.
1725 3021 2898 3433 de en en
1735 3235 1844 3312 worden
1725 3132 2766 3462 desaen gehen
