3024 4032
372 -11 470 77 92.
877 53 1194 189 164x
694 124 1568 413 Jacb Handagen den late
860 292 1456 428 bach uß dem oberland.
536 434 1594 683 Nachdem gegenwürtiger Jacob Ber
522 541 1601 774 dägen von Leterbach uß dem oberlande
542 647 1587 863 puntig alß ein bekenter und ein zyt de
545 773 1596 954 hero von vilen gefangenen angebeen lossen
1030 853 1122 919 Mar
1136 872 1168 922 16
547 843 1050 996 bub verschinen zu
1066 879 1605 1072 tags In einem kalte
530 943 1574 1154 halß beforschet und daruff gefenklich
533 1053 1617 1283 yegezogen worden, hatt es ich in schrs
523 1135 1565 1336 gutduncken wollen, ihne ernstig synes vo
532 1247 1560 1437 ebten lebens halben examiniren zelasen.
1140 1345 1246 1413 deroß
509 1325 1545 1501 weliches dan zu volg vuf bewelchs den
519 1438 1532 1576 21. apr 1642 In bysyn gehoren und
499 1518 1573 1729 gegenwertigkeit der wohlehlen, hiendeß
525 1614 1508 1794 frouer, fersichtigen und wysen herren.
495 1704 1551 1882 Hern Dabriel von Aattemeyl vom
511 1816 1546 1977 kleinen, Bern Abrahners guts vom großen
502 1904 1542 2086 bhatt h sammel Lerber Großreibels
502 2004 1534 2157 vndt etlicher Er s dienern der weibens
489 2095 1503 2238 beschechen, da er dan, nachvolgende
489 2192 1492 2343 diebsthal mit und ohne marter verjahen
511 2284 1062 2417 bekent und erhalten.
386 2390 1464 2570 Erstlich habe er mit hilff zweyer geer
470 2516 1502 2654 gespanen. Deren der kiit Hanß Jaggei
465 2605 1495 2755 der ander Peter heist und den Einsin
450 2706 1502 2849 vor großer dietwyl zu Wattenweyl
467 2774 1514 2944 ein spycher uffgebrochen, kleyder und etwas
468 2873 1495 3030 anderen zags deruß entragen. sgeüt aber
449 2978 1484 3110 Jarob zu Staffistberg ergriffen nachge
439 3041 1448 3210 fenklich Nacher thun, hernach aber alher
433 3163 1237 3332 Ins Schallerwerk geschikt worden.
429 3261 1497 3452 Aeßer nun deßelbiger wider ledig gelassen
435 3347 1498 3503 woren, habe er mit altene jug von Bahel
413 3405 1481 3663 heruff gererbet, etwas gerennen, mith
410 3559 1318 3714 aber auch das almusers freden maßen.
1237 3616 1374 3779 frey
2069 106 2332 226 1642.
1731 162 2594 383 Nagh syner hedig laßung aber habe er
1681 177 2761 445 Vienorigen jahrs mit hilff eines
1704 270 2798 520 Widerleihers so Jagg heiß nachts under der
1691 352 2766 597 Schgellen durch, zu ein gaden brechen hautte
1700 419 2854 670 und daruß fueft brot und zwo anckenballig
1698 591 2071 738 etragen halben.
1678 634 2759 866 Im finenthal uß einem offen, hab er ein
1661 765 2187 927 sl wart gewoeren.
1667 815 2867 1061 zu roht by Biglen habe er mit hilff zwegen
1676 909 2844 1130 gner gespanen deren der mit Saffißburgen
1686 995 2803 1206 Hanß der ander bartti genent eint einer
1689 1108 2794 1306 segcher, da sy das schloß an der thuren 2ff
1676 1192 2799 1380 boret, geoffnet und uß demselbigen sechs
1679 1293 2817 1488 himbe, ein par hosen, 3 gwpen, 3 lgelachen
1672 1395 2509 1564 und etwas fleisch entfereldet.
1638 1512 2757 1660 zu derb habe er dem Pfister ein brott
1665 1609 2761 1762 und einem andern im solothern ergepiet
1649 1705 2299 1830 sauch ein brot genomen.
1660 1841 2690 1986 uff den höffen by ggaigen habe er mit
1657 1949 2701 2082 haft obgenanten Hanßer und Jaggis
1668 2004 2722 2178 I einem spycher die ther durchboret,
1642 2093 2655 2264 vnd vß demselbigen ein halbe bachere
1665 2194 2304 2365 scheguig fleisch entragen.
1621 2328 2690 2491 Im Luterbach uß einem keller, in den sy
1607 2416 2698 2603 Durh die nuren hingen gebrochen ein küttli
1659 2505 2675 2687 vell ancken mit obgemelter beben hilffn
1640 2604 2711 2774 genommen und die milch, so darin gsin mit
1618 2689 1966 2841 wnnden gesten.
1599 2737 2693 2978 Nit Maripeter su er zu ihun uff dem
1609 2895 2805 3066 Marit htrurb gargen und den lichten die seckell
1617 2993 2700 3186 nemen wollen, so etlicher gestalth gerahten
1593 3056 2437 3262 und ihme 2 f zu theil worden.
1577 3126 2735 3386 zu loon uß einem kellen, da sy das maletschloß
1585 3226 2709 3449 mit einere nagel uffthan mit hilff zwsergen
1582 3309 2761 3528 zuer gesonnen, 5 brot in läß 2 anbenballen
1578 3427 2507 3604 gestelen und mit einanderen getheilt.
2444 3596 2619 3724 Im
2886 19 2976 103 93.
