3024 4032
313 9 423 90 110
902 127 1258 276 1642
492 161 1594 517 lldalin elien
494 271 1564 570 hnen wyberrüb, d par schn Elin gahen
487 354 1600 632 Neren hut und zwey Hereli enteldet
494 454 1579 707 und zu Heelli Ier Feybargpiet by einem
490 517 1105 661 alten huß verkaufft.
467 573 1533 839 Vff den Lengenberg, habe er ob der
505 730 1228 868 wochne ein Aine Hereli
474 771 1572 1035 und zu degler vor holz uß finem spycher
497 907 1584 1121 4 käsen, 3 brott, ein par ghu 2h
499 1003 1309 1157 und 2 lgulachen genommen.
485 1078 1590 1295 uff Augsten ein halben bachen fleisch, 3 br
484 1203 1584 1392 und derr schnitz, so er by vorgemelten
481 1270 1199 1402 kleinen hußl verkaufft.
465 1369 1557 1573 Ie Bach habe er milch und offmahlen
489 1494 958 1603 brott genomen
476 1581 1569 1729 In der waggeten, habe er mit haft zu
486 1678 1562 1826 gespanen, Jorgkli Hanß Jaggi Nahtis
478 1771 1576 1897 und diebald Kaglers snes bruders, 30 fl
478 1852 1580 1989 schwartz lynig tuch, ehre strangen schwerten
477 1943 1421 2076 taden und vier brott entragen.
460 2046 1556 2194 zu faltigen vß zuem gaden, ein par
441 2136 1126 2269 schu vnd drey brott:
444 2222 1575 2410 zu diemptigen uß finein keller vierkehen
438 2318 1447 2481 Sso er einem alten man verkaufft.
454 2399 1546 2590 vff dem Lengenberg Ißt Einein Offen
469 2562 871 2676 Zwey broc
443 2588 1587 2812 Uof dem Baunen uß fiein Baden finegt
458 2708 1503 2900 reck, zorry brott und zwey lynlachen.
431 2786 1585 3051 zu Frismiet uß kinem spycher zue ah
430 2883 1574 3105 wäck rnstig und unsenung such zrey hi
469 2941 1564 3207 lachen und zrey brott, daß auch und rech
471 3083 1257 3273 habe er zu Zelli verkaufft.
427 3124 1578 3389 uff dem Langenberg, habe er etwas h
453 3246 1564 3491 stuchs entfroübdet und daruß gosen nich
462 3481 683 3588 laßen.
416 3377 1584 3667 En der defsandtn eler ih
436 3497 1564 3785 zwen Nachscheiden vnd ettwas Milchs genomen
1632 992 1687 1063 1
2065 143 2476 278 1642.
1662 199 2819 499 Es Beafteyen, uß fuem offen eine brott
1591 300 1707 437 16.
1666 286 2806 570 eptas a e
1683 477 2068 625 geit bedengen
1666 411 2846 708 gennestig zu Daggespeeg uß finein olfen
1694 520 2718 772 chrey brott und uß einem Keller
1696 689 1996 826 gemn kesen.
1681 682 2880 919 im Ofell habe er vnd syn gespan Hieß¬
1646 757 2803 997 Jaggli uß einem gad seier käsen, drü
1694 850 2807 1044 brott genomen vnd Elnein korber ver¬
1704 899 2830 1113 kaufft, der ihme darin ein Guldi schuldig
1678 1096 1773 1226 e
1678 1064 2839 1285 zu Breüwart uß einem kellen ein kesen
1695 1177 2817 1365 wener zu Zelli verkaufft und davon noch
1697 1296 2201 1422 12 h zeforderen habe.
1658 1331 2849 1505 zu keiterried habe er ein halben käß und
1688 1484 1921 1596 ein brott.
1683 1535 2348 1688 zu Obereiche zwey beott
1675 1597 2865 1773 und im feibergriet dru kaßl genommen
2317 1680 2608 1806 mit obiger hiben
1656 1727 2818 1903 by kinem korber habe er sein schalf ent
1689 1809 2875 1941 wordnet und rechst bim Karriß gebochet
1679 1928 1936 2035 und geßen.
1647 1997 2830 2155 By dem Schwarzwaser habe er uß Eineie
1674 2098 2175 2229 gaden, vier käsen.
1669 2188 2873 2325 Im Beulen uß füer gaden mahl und brott
1674 2305 2804 2454 zu Steinenbemmen 2 brott genommen.
1647 2415 2874 2571 zu Mitlenhüsern, habe er uß einem spycher
1638 2504 2199 2618 18 lb warch 2 brott.
1654 2589 2880 2774 und zu kilcheyl uß einem kellen, zwen käsen
1670 2712 2812 2811 ein Kabell voll anck, enthouldet vnd
1642 2741 2854 2921 In die Riedern getragen, vnd Enem so mit
1656 2829 2312 2956 ein Aug hatt verkaufft
1629 2911 2851 3093 zu Mättemegl uß Einei Keller den brot
1646 2975 1889 3096 und milch
1630 3064 2832 3270 zu Obermulern drü brott in anckenballen
1642 3143 2731 3339 und willen, so er dem korber verkaufft
1641 3212 2740 3462 zu Müllerberg habe er uß einem gaden
1677 3319 2327 3492 brort und milch genommen.
2667 3523 2783 3641 zu
2866 29 2996 122 141
