3024 4032
269 65 398 152 192.
832 136 1085 262 1643
437 211 1488 445 also daß Niemants ab ihren zeklagen haben
436 296 1498 513 werde, daß sy jenants bim wenigesten
431 358 1219 494 etwas vervetrunet habent.
344 407 1571 670 zwar hart die gglipersohn bekennen marßen,
391 506 1591 737 daß sy vor 3 jahlen alhie im schallenwerk
452 603 1567 813 gsin und mit dem eydt verwisen worden sye.
424 676 1564 906 Eß sye aber von keinen unthaten wegen geschehen.
453 781 1570 952 sonderen allein, daß alß jr muter eCana ge
455 841 1545 1044 eent so zu Borgdorff und ihr bende (so
465 944 1538 1120 alhie hingerichtet worden) alhie gefangen
458 1008 1557 1197 glegen, sy habe wollen dennen sechen, wie es
467 1124 1587 1262 ihnen gange da alß sy fin die gefangen¬
459 1183 1599 1356 schakft kommen, hab nit sy die wegbel ergeicten.
444 1268 1614 1434 In gefangenschafft gethan, vnd sy also her¬
460 1381 1590 1526 nach In das Schallenwerk gethan vnd Etwas
457 1445 1450 1593 vogts darnach eydtlich verwisen worden
436 1529 1600 1725 Daß aber sy also lnechtlich ihren edt vber
475 1666 1588 1810 seisen, sye ha von herrigen leid, und habe
466 1738 1540 1898 soch leide nit beßer beracht, auch ihrem
438 1828 1613 1968 Mai, wyl er in daß Berngepnet zu Hür
483 1916 1612 2075 bender wegen ihre mute h verlaßenschafft
482 2003 1582 2171 geisen wollen, nit anzeig dörfen, dan sy
491 2089 1596 2257 besorget, e sy sonsten verlaßen wurde, sye
497 2189 1598 2345 also uff zu begeren mit ihm gangen, deß
501 2282 1493 2425 ihre aber von grundhersens leid sge¬
486 2351 1573 2550 etten also beider vmb gnad vnd Er
515 2459 1596 2643 ledigung, mit Erpietung sich ins küeftig
522 2553 1297 2712 wohl und erlich zehaltn.
579 2681 1549 2849 Der Mag ist einmahl lar, die
656 2742 1616 2950 frauw aber an die marter geschlagen,
684 2853 1561 2998 betroüwt und aber nit uffzogen.
801 2955 1001 3050 wordn
408 3071 1550 3319 ißere zrey Eementschen sind den
518 3138 1613 3374 29 augt 1698 mit dem eydt von statt
518 3231 1620 3447 und landt verwisen und durch die provoses
527 3340 1497 3550 uff die granden geführt wordn.
2096 217 2423 324 1643.
1805 326 2708 544 Dendiche gnagen ein
2002 451 2680 554 dauuner, so sich alhie vreb
2050 499 2707 653 die statt herumb zuzucht.
1725 602 2838 757 Alßo vor etwas zeits ein gewüßer herman
1733 683 2788 845 etlich puschen weisen nacher Buchsi eheren
1726 767 2851 898 wollen, ist ihme vnderwegens vßerthalb der
1748 832 2839 952 Nuwen brack eine abgefallen, ohne daß er
1734 910 2868 1033 deßen gewahr worden, wyl nun dißer gnagn
1730 980 2821 1113 etlich ställ hin vnd wider den Schmid alhie
1733 1051 2861 1197 In der statt verkaufft, ist er in verdacht
1737 1139 2837 1272 kemnen, alß ob er dißrysen entfermldet
1736 1214 2836 1363 hette und deßwegen gesenklich gezogen
1739 1303 2842 1438 worden, der hatt nun bekent, daß also
1750 1368 2866 1503 e vor etwas zyts ußert der nuwen pruk
1729 1460 2842 1597 beyden gehanden, habe er die pushe ysen
1732 1543 2846 1683 in obfner strase liggen funden, die habe
1732 1625 2881 1777 er sampt syner frauwen weggetragen nit
1740 1702 2872 1835 der meinung daß er sy zu entfroubden
1749 1797 2950 1925 legert, sonders so zemants darnach gefragt
1744 1881 2863 2019 hette, er sy demselbigen widerzegeben
1743 1972 2917 2107 gesint gsein ware, wyl aber ein zytlang
1743 2052 2928 2187 angestanden ohne daß zemants denselben nach¬
1740 2130 2881 2247 gefragt, habe er ses den Schmid alhie hin
1743 2206 2920 2326 vnd har verkaufft. So aber zemants komen
1753 2288 2879 2419 ware sy anzusprechen, sye er verhabens,
1763 2377 2976 2504 sin Ihnen eintweders daß ysen, oder daß
1770 2462 2930 2598 daruß feloste gelt, vmbhin zegeben vnd zu
1764 2543 2956 2677 uitures. Er Eekenne aber gleichwohl daß
1764 2625 2903 2774 ngefahlt habe, In dem er daß ysen ge¬
1759 2707 2918 2848 geiget und nit verkenden laßen oder dem
1755 2795 2895 2945 zollenn zu Angenbrugk angezeigt habe.
1740 2875 2854 3017 Patte vmb gnad vnd Erledigung der
1738 2955 2236 3086 gefangenschafft.
1735 3069 2975 3328 Dißer gagen ist uff abtrag ketti kostens
1758 3205 2884 3401 und eersezung deß ysens mit Finer
1752 3295 2921 3498 geth leniur der gefangenschafft gelaßen
1742 3368 2921 3595 und giderumb ufffreyen auß gestelt
1744 3438 1904 3535 worde
2849 188 2965 276 193
