3024 4032
225 105 363 248 52.
880 184 1122 321 1642
382 217 1495 552 si de sen tall sachtenhalten
425 348 1501 602 mit ernstigen worten alß hernacher mit
406 476 1500 706 angewenter Marter, der 3 und 5. diß
393 556 1489 777 mehrats examinirt und gefeckt worden
439 673 1460 854 hatt er so wohl mit alß ohne marter
432 761 1447 954 zejähres bekent un erhalten aie
438 845 693 975 volget:
392 977 1498 1209 erstlichen daß er zwar verschiner Jahre
412 1109 1455 1256 De Gumer auch albekeit alß ein
417 1215 1477 1361 Ergapnischer und müßiggangiger but
413 1300 1484 1437 mit den damahls hiegerichteten Mari
422 1388 1509 1545 Schnyder sye alhero er oberkeitliche be
429 1484 1489 1643 gerachten und wegen etwas geringer
431 1583 1474 1722 diebsthalen daß schallenwerckge
432 1670 1463 1807 schmidet worden. Diewyl er aber der
435 1772 1447 1912 erbeit nit geschan mögen, sege er nüt
426 1841 1479 2004 zweyen synen gespanen ußgerißen, sich
424 1952 1477 2098 zu Mardili by der uren der banden ledig
441 2029 1481 2196 und fort gemachet, dem almosenu
436 2111 1482 2263 nachgezolgen, da er dan die hungers nacht
428 2207 1442 2379 ze stillen nachvolgende diebsthal begahn
426 2304 1017 2454 vnd verrichten helttn.
346 2437 1449 2632 Zu Sychwgein vor vüerbachen thagen iß
352 2545 1459 2693 einem keller den ermit hilff eineßin
408 2610 1459 2815 so Bartli genent wirt ust dem Elseß mit
406 2676 1493 2905 weyß lynigen hosen und einem schwarzen auh
410 2761 1469 2949 wam ist ein junge persohn ohne bart, mit
415 2842 1474 3055 falben har und einßin so Kellerhanßeli
414 2909 1477 3172 heiß ein junger Kärliß ihn bart in wegst
413 3020 1476 3252 lniger kledern) mit einem stecken uffge
431 3109 1460 3300 brochen, ein halben käß und ein kübli
432 3215 1070 3409 voll under genommen.
343 3308 1465 3567 zu Trnustein uß einem uffgebrochenen
384 3431 1165 3651 Spycher, sein bacher fleisch.
1515 406 1581 520 1.
1937 196 2199 320 1642.
1561 237 2630 565 s e  ahe
1582 250 2697 663 e
1590 372 2637 718 ge de g
1597 472 2576 804 ts
1592 754 1841 909 Katrsgl
1579 711 2768 1019 mitt gycher hätt hab er bendicht schüttell
1601 812 2795 1090 Wemem secher der sy mit einem Neuwer
1597 885 2663 1221 gegetien le
1609 1002 2763 1258 ein deß entseeiebtet, die rock Barbli Fyg
1600 1162 2169 1365 egstis elict.
1599 1234 2833 1494 Sy habint ihter auch zr Heini Laderachs seyhe
1616 1338 2808 1561 lß gebrachen wollen, aber vor ihnen verjagt
1612 1454 2789 1634 worden und syne gespanrg mit so eünen gegen.
1594 1547 2539 1732 Ihnen vnd zum fenster hinger gebrortten
1607 1748 2683 1928 Hanßan welli zu Schott habe er mit hilff
1626 1828 2781 2004 zweger yner gesolnen Bellerlauß und einßin
1629 1928 2699 2078 so sich keerdagen anebse, ein spycher ge
1621 2019 2719 2143 öffnet, die klaren mit einem neper Durch
1624 2111 2694 2258 boret und daruß etlich ract Bereli und
1624 2210 2701 2339 anders zug genomen vnd selbiges Heran
1615 2291 2690 2445 dem scheyder zu Baßli big Bargdorff berr
1614 2370 2676 2537 kaufft der ihme ein guldig umb syn theil
1605 2478 1803 2595 geben.
1599 2582 2654 2795 zu Gysenstein mit haft syner gespanen.
1594 2687 2780 2870 Bartli� und Kellerhaußen uß ein ein spycher
1598 2764 2669 2952 so sy oben mit einem neper durchboret
1597 2864 2649 3036 und das tach durchbrochen, hwen mutt mähl
1605 2942 2665 3124 entrent und selbiges Hanß Ellenberg
1598 3004 2663 3216 dem schumacher zu Enggistenn umb 2
1594 3095 1836 3208 verkaufft.
1569 3167 2733 3410 zu Figgist ein dem waber auch ein spycher
1576 3289 2759 3494 mit hinder sich gerachter fallen geöffnet, uß
1569 3333 2734 3585 demselbigen ein halben mutt korg genomen
2529 3533 2683 3639 und
2723 2 2851 123 53
