3024 4032
967 -69 1303 115 1642
511 47 1589 295 dan er sye gar ein schlechter leyden.
561 114 1653 415 und ihren nit währt, halte wehl derfi
1595 279 1671 355 sell
557 221 1655 535 habe es darmub gethan, das er hernach ihre
566 312 1665 578 alß deren er der unehren vilmahl aegengt
553 408 1670 688 und aber nit gewärt werden magen (destog
538 512 1654 748 theilhafft werde, das er sy aber eis eder
537 602 1643 867 woder dißer schandtlichers Mitlen zegebruchen
511 701 1447 897 sy angewisen habe, das sye nit:
497 804 1637 1056 Diß alleß eir wasen sy bekent und mit
534 929 1649 1154 Marter erhalten sye sihra von grund ie
525 1021 1618 1202 herzens leidt, patte gott den kerg
516 1113 1644 1314 er sy mit der angen gner Bermhertigke
520 1234 1629 1415 gespehen und ihro ihren vilfaltige Rischen
523 1315 1640 1480 lungen gnedigtlich verzychen und irgeet
550 1408 1615 1569 obrigkeit, das sy sy nit nach ihrem terbe
538 1495 1082 1651 abstraffen wollent.
719 1594 1560 1787 Ist einmahl lar uffzegen worden.
599 1821 1596 2006 Annia Stubi von Schwarzenburg
481 1946 1599 2085 Ist den 26. martii 1692 wegen deß den
505 2038 1595 2166 begangenen herenthälers mit dem Estv
481 2104 1592 2246 start und land ewisen worden. hatt sthuse
2061 13 2420 158 1642.
1842 62 2737 356 aggesnu
1753 140 1941 292 E
1884 178 2628 455 beflen dach
1729 289 1840 399 0
1688 291 2821 617 Bohtem gegenmetigen Marias zingren
1697 406 2852 710 im sanen abgescheidener eheman anthan
1696 430 2863 825 esade in n endt
1689 625 2892 875 knrm halben Jahr, sondern auch letstlich vor
1698 692 2885 970 sat abgeloffenen thagen by einem ehrsamen
1690 790 2873 1067 verseicht alhie erklagt, daß ermelte sy
2786 872 2831 955 3
2533 884 2787 976 vor disen
1690 929 2877 1157 Iheme Maria Zinge, nit allein hauber durch
1701 1005 2900 1214 siell einer tergisteten Suppen, sondern auch
1700 1107 2900 1306 bnnach mit seinem vorsetzlichen und gefer¬
1684 1188 2943 1428 lichen meßerstich, ihne synes lebens ze berauben
1680 1310 2870 1533 begert und understanden habe. Worüber er
1654 1411 2900 1592 lahen er by ihra ohne gefahr läbens nit wohnen
1660 1506 2859 1679 deme, der Geschidigung legert, derselben
1680 1618 2932 1799 aber hietor nit gewart werden mögen, bis daß
1671 1718 2874 1883 letstlich sy fures begangenen shalers bekantlich
1677 1825 2862 1990 so musen, vndt er deßwegen vor ihra der
1672 1923 2820 2084 ehr gescheiden worden. Alßo aber daliy für
1649 2021 2799 2162 ihisem ehorgricht sich frinderet, daß die
2555 2117 2835 2186 deere b
1644 2110 2805 2275 jenge Keber und wedern sy gefahrte klagten
1659 2218 2799 2396 Sinihs und Malefiß isch sgeüt, habent sy
1647 2297 2845 2511 nit uetgehen können. Mys sy herg und oberg
1752 2384 2110 2496 vnd die psec selbs
1659 2432 2832 2586 alichet sneben, darüber yegelangeten schriffte
2328 2528 2704 2619 vnd zuremittiren
1636 2464 2806 2689 und funschafften zevbergebh, die dan nach
1625 2576 2808 2778 vhör und ablesung dero fortrags vnd ly¬
1617 2663 2851 2898 gefiegten schrifften zu handg der gerach
2529 2844 2751 2912 beohle
1605 2758 2877 3021 ikgeit, sy gefrncklich Carhenemen und ncht.
1592 2834 2860 3096 hendig erachtet, sy vber dero Lunten vnd ande
1589 2981 2824 3256 ein punth mit ernst examinirei ze laßen.
1556 3056 2755 3323 tlches dger auch den 7. und at Martyi
1582 3143 2758 3418 Ihrl ist hochgemelt zr sy betelch, zu
1587 3258 2849 3510 Ihn unhoren und gegemwintigkeit der ehren
2593 3498 2794 3625 desf
