3024 4032
288 5 377 95 116.
276 1794 445 1897 g und sonst
286 1856 437 1924 noch meh
313 1906 434 1983 galt.
839 70 1133 223 1642
419 148 1544 456 der marter, so wehl abenderlich, alß der
437 273 1558 527 onfrontation und mit treßigen worten, sol
445 376 1543 597 examinat und zu bekantnuß der wagheit
449 473 1559 698 gebracht werden, alß ist solichem sg betel
424 538 1548 777 sambstags den 8. aug nachgangen worden
429 633 1552 829 und vorbemelte persohnen in bysyn, der
421 714 1541 911 h pfohlg fr f und beysen hrren h demd malte
423 795 1559 980 kenplichem von M R. den Bargeen und h van
431 891 1554 1058 heumers einnegers h Samerl leeber Gro
447 980 1556 1149 weibels, zun schüzen anfengklich beide
456 1065 1544 1222 sonderlich alleß ernsts exammat, hernach
441 1128 1521 1287 aber auch mit einanderen confrontort worden
435 1222 1545 1371 da doch Ietwedere der Partgen nohmahle
448 1296 1521 1465 vff ihrer vorgehnden Meinung verforget.
427 1399 1534 1537 Vnd sy Madte nochwahlen wie hievor bezug
448 1508 1537 1640 und bestätiget, daß er Alleman ihre die e
441 1570 1544 1683 ohne alle geding und condition uffrecht und
451 1654 1538 1785 redlich versprochen und ihre zwey krühdicke
457 1728 1523 1856 allereit uff die ehe gegeben und sy auch
454 1822 1519 1951 volgents jr ihres meisters huß uff ihrem
618 1894 842 1958 e nah a
468 1903 1542 2056 behtt beschlaffen, ohngefahr 3 Monat vor s
449 2011 1516 2133 tini, dahero sy schwanger worden, eines
440 2082 1528 2236 kids genesen, so ihme zestendig Ir, den
449 2145 1562 2317 sy sonsten von keinem anderen mar nit gest
454 2249 1528 2392 vnd auch mit keinem anderen gemeinschafft
447 2311 1540 2505 ghan habe also mit ihm. Darby wöll sy gestande
469 2407 1541 2576 verblyben, mohin die sach ir kornen worde
390 2501 1543 2708 Dargegen aber er Alleman abermahl daß
461 2567 1542 2791 gegentheil bestätiget und nochmahl zuget
443 2667 1536 2884 Er habe ihro die ihn anderst nit alß mit
462 2757 1539 2941 ditiones und vorbeholt versprochen, hab ihro
478 2839 1548 3019 nüt uff die ehegegeben, kein fleischliche v
476 2893 1528 3121 mischung mit ihra nit gehabt, weder deß
475 2985 1534 3214 einten noch andern mahl, kanne hiemit e
488 3089 1540 3272 weniger gleukh, das das undt hyr gr zuar ge¬
494 3157 1535 3381 nit weniger, den daß er umb Martini
481 3235 1545 3484 ihre gelegen, sy aber nit berühet noch ein
483 3310 1551 3570 werck der liebe mit ihre verbracht, so er hi
480 3488 908 3627 und thur bezige.
485 3457 1548 3769 shen hendened
490 3527 1543 3850 st en aa en en
542 3610 1561 3906 ihre die Ehe alleis mit gedieg bsrrhe, sh
557 3697 1486 3963 anfangs uff syn uffwysung gethan, allen
572 3733 1556 4019 warheit hab en ihre die ehe ohn all geding sreen
1547 294 1657 407 Stus.
2009 143 2301 276 1648.
1765 228 2604 472 Jndicas Gugelman
1861 384 2230 519 von Beitnouw.
1633 460 2788 691 Nach dem diser mit sambt den noch 4 nachvolgenden
1640 507 2775 764 persohnen verschinner tagen von dem Freyweybell zu
1623 606 2808 863 Vigten gelencklich alhar gefuert, vndt hinder Ihnen et¬
1630 684 2797 896 was sleider, so sy gewüßen landtlüchen genommen,
1638 769 2777 976 befunden worden. Habendt ihr g gut befunden.
1616 840 2746 1075 daß man sy was ihr thun und laßen seye, auch wo sy
1633 921 2780 1123 mit denen hinder ihnen gefundeen kleideren herkhommen
1649 1008 2787 1175 eend bewragen solle. Veßwegen solchen befelch mynem
2267 1076 2502 1142 a
1630 1091 2765 1259 Borhehrenden fr sgaats shurren uffgetragen, welcher
1606 1159 2786 1339 denselbigen in beywesen sorn Anthoni Stettlers, vndt
1631 1242 2783 1406 br Grosweybel Lerbers solhe den 16. augusti
1621 1339 2720 1470 dis jahrs erstatet. Hatt aber, alß man ihne der
1626 1415 2676 1582 fleiden halber befragt nüt anders angezeigt alß
1628 1559 2721 1726 daß er vor etwas tag vor syner jetzigen gefencknus
1618 1669 2768 1783 zu ihmn zu nach genamseten Hanns Mischler uff der
1620 1752 2749 1872 bruck khommen, dahin sy ein andren auch etwas tagen zu
1615 1821 2783 1948 vortag gesetzt, Habe er müchler von ihme begert
1590 1918 2726 2020 daß er ihne welle lehren die maßerscheidenen machen.
1633 1987 2705 2080 er ihme umb gebührend lehrgelt versprochen. Der
1618 2056 2726 2166 habe ihme aber auch gesagt, daß er diß tuch undt
1618 2127 2768 2239 klider von zweyen uiderlendren, die er ihre auch ge
1612 2204 2756 2322 zeigt, habe gekhaufft habe; Seye also das Jenig, was
2491 2264 2552 2332 ber
1618 2279 2767 2391 schinder ihnen gefunden worden seye: ob er nun selbig es
1615 2364 2795 2485 gestolen habe, mögt er nit wüße, wie sy nun sich alßo
1614 2396 2780 2548 zusamengethan undt wythers zeuchen wollen. Seyendt
1618 2499 2856 2647 sy zy von dem Freyweybell geschechner maßen ergriffen
1620 2544 2268 2687 und also albargemehrt worden.
1607 2629 2751 2782 habe sich sonsten kheines bosen wandels angenommen. die
1610 2714 2786 2889 Ursach aber disers umbherziechens seye geschechtn, daß er
1609 2775 2797 2953 ehendrnst nit und khein arbeit hab find thonnen, dan
1601 2870 2816 3023 die jenigen landtleüth bey denen das vatter disen sommer
1615 2938 2727 3117 gaden gethan, alle ihre drnst verschik gabindt.
1588 3013 2733 3186 gittet in übrigen gott und ein gnedige oberkheit umb
1953 3117 2019 3160 der
2045 3122 2111 3182 nicht
1598 3105 2871 3260 verzeihung, undt sich inskünfftig ehrlicher sachen zu
1602 3153 2623 3309 blysen undt ehrlicher hand arbeit anzenemmen.
1593 3222 2656 3400 will sonsten von kheinen andren diebstahlen bekhamen.
1597 3310 2662 3478 Ist einmahl lahr und zum andren mahl mit dem
1602 3392 2251 3523 kleinten stein uffgezogen worden.
1596 3463 2746 3621 Dißer ist den 20. aug 1642 uff einstarcke ceniue
1595 3525 2763 3705 zu ehrlicher handtarbeit in syn hennat gewisen und
1605 3601 2367 3746 ff freyen fuß gestelt worden.
2829 46 2931 160 117.
