3024 4032
285 53 399 168 138.
856 104 1185 254 1642
453 133 1554 483 det en de ihensheliten
469 280 1544 537 alhero geschickt und uß ir de betelch die
461 373 1559 632 20 diß in bysyu h Demiel Gerbers deß
464 475 1516 675 Rhath h Aman von Graffenreite und
456 545 1548 777 etlicher weiblen, Ir dene thuree mit mert
467 643 1552 876 und aewendung der Marter beide absonden
476 760 1528 939 lich examinat und befragt worden, haben
476 851 1553 1056 aber beide anders mit bekennen wollen,
646 943 1475 1164 sindt einmahl lahr uffzag worden.
441 1062 1519 1276 Disere beide persolnen muter und sohn
458 1188 1566 1340 sidt abermahl mit einandern dns Schallen
466 1261 1537 1405 werk geschmidet worden Den 26. octo 1692.
601 1643 1522 1827 Hans Wyß der per¬
873 1762 1459 1898 kremer von Bern.
479 1937 1556 2083 Dißer ist wegen deß vierten begangen
449 2018 1542 2154 ner und ihme uskommenen hererfahlers
473 2089 1549 2252 eß manir  h und obern bekelcht, der
468 2190 1535 2323 5 Octbr diß von dr Gr Statt vnd
467 2291 1182 2443 Landt vrwiser word.
1570 334 1685 436 blß.
2796 68 2905 173 g9
2070 145 2401 292 1642.
1830 269 2789 520 6ans Kugler von Sucz¬
2026 381 2626 538 matt uß dem Elsaß
1687 465 2999 735 Hochdem (gegenwartiger Hanß ugler von Sutz
1673 568 2850 855 und nebent hyars glychen anderen besen
1692 686 2862 916 haben von diebstahlen wegen vor etwas zyts
1687 754 2859 1024 gegriffen und nacher Schwarzenburg geferklich
1657 877 2855 1094 gebracht worden. Ist er uß myner gnedig herr
1682 918 2918 1144 und ober befelch aldorten durch den ampts
1698 1041 2841 1248 man, so wohl ernstwörtig alß mit anwen
1680 1121 2842 1298 dung der Marter hnes verbrechens halben
1686 1227 2847 1435 egemmeit und befragt, volgents aber uß
1696 1339 2816 1509 hochgemelt er gn vernerg befelchs, her
1717 1405 2785 1580 ehelich mit sampt syner vergucht alhero
1685 1500 2809 1672 gebracht worden, da er dan droben zu
1646 1587 2726 1754 Shnerzenburg nachvolgende vil vnd
1688 1683 2844 1849 venigfeltige diebsthal und mishandlung
1683 1776 2816 1919 mit und ohne marter gericher, bekent
1674 1883 2027 2020 und eehalten.
1665 1973 2840 2146 Alß erstlich habe er sampt syner gespanen
1664 2077 2846 2215 zu verterwyl ire feibuegpfet uß fürein
1668 2148 2805 2319 keller sachs käsen genommen und zwüschen
1683 2244 2756 2387 riedern und geretsriedt by einem
1683 2315 2307 2452 kleiner hüßli verkaufft.
1665 2395 2772 2562 zu Albligen uß einem spycher habe er
1668 2503 2830 2644 hwen wyberröck, zier brott, etliche Heili
1657 2584 2874 2751 und sgulachen entfraubdet und by bemeltem
1652 2666 2275 2809 kleinen hüßli verkaufft
1645 2744 2836 2953 Im schwynen Biffig ist furem spycher, habe
1620 2853 2834 3034 er der schnitz bwen und Bonen entragen
1638 2930 2860 3111 vnd selbige zu Birgels, Einen so ein krunen
1644 2995 2355 3156 fuß hant verkaufft ha.
1642 3066 2830 3336 In dir Schweide habe er vß Einem kellen
1651 3196 2797 3389 Siben käsen genamen vnd dr obgesagten
1660 3285 2924 3499 ohrt verkaufft, davon er ihme noch 24 h schuldig
1649 3363 1881 3466 verbliben.
2598 3532 2776 3680 zu
