3024 4032
755 181 1031 316 1642.
343 282 1512 547 er wegen der Steiegkinrünken uß synem Heinh
344 378 1461 604 habe wychen vnd sich alhero begebeffmußtt,
339 462 1509 710 kranck lnd lam ghür, also daß er keinem muh
1430 524 1509 623 18
340 568 1493 804 hette dienen können, also hye er dem almahen
339 661 1486 845 nachzogen, vnd sich hes vallißland begeben, de
339 762 1489 958 er durch mittell deß baßs widerumb gesindt
351 826 1492 1009 worden und sich hiemit weder ir syn vatter
343 939 1510 1119 land begeben wöllen, aber wegen nachgewärte
331 1020 1492 1192 unsicherheit sich widerumb r diß land geman
332 1098 1491 1258 vnd vnd erschiderlicher Meister gedienet, auf
326 1206 1488 1352 ratlich zu Aglischwyl getröschet und syn freg
323 1297 1491 1436 da gesoumen, das sy kentsame zusanden ge¬
354 1379 1481 1519 macht, das sy einanderen die ehe versprochen und
351 1471 1482 1607 er sy zu gnsidlen zu kilchengefuhrt, ihr gesig
346 1544 1472 1692 nungß brieben aber yy ihnen von den soldaten
345 1644 1471 1778 genamen worden. Alß sy aber by einanderen
346 1726 1488 1871 ein kindt bekommen, hab nit sy nit mehr dienen
346 1822 1493 1957 konnen, sondern haben also disen minter dem al¬
346 1902 1449 2043 muser nachzuchen mueßen, dan sy dah Iu
318 1979 1472 2131 Eegistein zu boser gesellschafft komnen, mit
336 2064 1480 2199 welicher hilbt er zu Wattenwyl einen spyche
337 2150 1478 2254 mit einem neüwer ober uff dem tach uffthin
341 2230 1454 2348 und fünff unlegenen kleider, ein käß, ein
336 2306 1490 2459 halben bachar fleisch und ein par schu entwor
347 2381 1490 2541 den helfen, davon Ihme ein rock worden vnd
335 2469 1425 2647 vrb snes Nachgemelten gesoanen Baltharar
335 2539 1473 2716 Murgethalers theil ein gulden geben, verners
335 2650 1289 2817 und weyters hab er nit begangen.
244 2750 1478 2929 Dißer ist mit syner frauwen Maria Meyer vor
298 2805 1448 2993 gemelt der 4 jan 1642 mit dem erdtvog
293 2916 1157 3067 Statt vnd Land verwisen worden
443 3111 1387 3363 Feroniras Lengendorff us
517 3197 1421 3415 dem Caßenholtz Solothernergehiets
246 3295 1401 3561 Diser ohngefehr 15 jehrige Bneb ist auch zu
864 3386 1438 3575 Eeberg deß schmahe
267 3512 667 3656 Erggisten In
282 3493 1449 3755 huß gefangen, ahero gebracht und mit obigen
1289 3664 1415 3750 der
265 3593 1418 3876 In der strecki ernstw�rtig exominirt worden.
1509 413 1573 476 1.
1949 196 2192 320 1642
1553 182 2730 566 e
1583 253 2735 625 nee
1553 342 2766 723 ge een e
1583 456 2800 797 aehlich aber syye er nach kuggesteig zu Hanß Müli
1576 527 2730 850 vo sohernach zefud komen, da habe er mit
1571 635 2725 935 shar und noch eines meitlinshieff zu Biglen
1562 717 2694 1023 Ist einem keller by der nideren muli daran
1591 772 2815 1067 ein maletschloß war weliches sy mit einem kuebell
1584 888 2708 1133 ubgeschlagen, ein kübli vell ancken gestahlen
1568 957 2771 1215 und selbiges vorgemeltem schumacher zubracht.
1582 1045 2723 1296 der ihr ihren obezahlt hatte, wo sy nit alsbald
1585 1205 2362 1383 daselbst weren ergriffen worden.
1591 1263 2737 1464 demnach ey BBurgdorff in eigem Hooff, da
1586 1365 2682 1545 er ubernacht gsie und man ihne nit gneg
1575 1441 2709 1646 zueßen geben, hab er uß einen hauterlin
1589 1556 2228 1680 ein stack brott genommen.
1556 1573 2852 1780 Ist den 4. jan 1642 mit dem eydt erwisen worden ut requitur
1608 1685 2741 1869 isere nechsthievor gemelte siben persohnen
1606 1797 2700 1962 ind den 3. jun 1642 by der nuwen streibei
1585 1875 2695 2046 theils rettlich theils mit betrougung und
1603 1961 2758 2103 angewedter Marter ir byses hn danid Müllers
1591 2058 2714 2208 berm kleinen sr franz von Bonßtnoth vom großen
1590 2146 2777 2276 Rhatt, S. Großweibell Terbers vnd Etlicher
1596 2235 2724 2343 weiblen exammat worden, wyln sy aber anders
1599 2305 2720 2458 nüt bekennen wöllen, sind die ufferen mit dem
1577 2385 2740 2547 lydt von er y statt und land, die gelentschen
1605 2476 2798 2622 aber mit einer trengen Censur vnd vermenung
1582 2541 2719 2712 zu ehelicher arbeit ir ihr keinat gewisen
1592 2628 1779 2750 worden.
2735 46 2847 141 45
