3024 4032
232 120 366 215 196.
735 189 1061 334 1643.
667 362 1435 561 Jaria Sucheri
714 503 1385 666 von Sempach vß dem
734 574 1371 753 Lahrener Gepiett.
359 724 1527 934 Iß befelch ir gn ist Maria Bucherin
429 819 1537 994 von Sempach Iß den Luherner gepiedt,
437 913 1541 1066 wegen ihres zu kundt in einem stall.
414 974 1532 1138 verlaßenen vnd volgents alhero gebracht.
429 1054 1552 1246 und durch mynen hochgen. heren seckellmeister
430 1129 1554 1290 verdingeten Bindts zinstags den 2b dee
435 1228 1550 1378 1643 durch zey dienere h Großweibell
436 1304 1564 1447 und grichtscheyber examinert und befragt
433 1393 1559 1522 worden, die dan bekent, daß deß kindt
434 1476 1549 1625 Vrroschlich sye, gehore Jacob Gruniger
427 1562 1546 1696 voro friburg, der sy zu Anderwalden
436 1645 1559 1797 da sy by einandern gedienet, verfelt
415 1713 1585 1881 daß kindt ye zu thun in der statt getauft
435 1815 1558 1933 vnd bemelter Gruniger zum Vatter
444 1910 1558 2036 angeben worden. Alß sy nun uß der
432 1982 1555 2113 Rindtbetti kommen und nit gewäß, wo
445 2063 1582 2208 sy mit ihrem kindt hin solle, sye sy mit dem
424 2149 1564 2302 selbigen den almußen nachgezogen vnd
445 2242 1586 2397 also vor etwas thäger nach Kuniz komen
453 2337 1565 2493 vnd In einem Stall vbernacht gelegen,
448 2426 1631 2579 In welichen auch ein alte frame gelegen war,
440 2489 1608 2640 Wgln sy nun sich geschamt habe alß ein junge
422 2571 1589 2763 lsersohn im bättell hermeb zuzüchen und
422 2654 1605 2829 keiner arbeit nachzugehen, Sege sy in diße
444 2743 1571 2896 der nater und müeterlichen liebe zuwider.
444 2814 1570 2996 strebende böse gedanckh (gerahten, daß sy
451 2901 1641 3107 ihr kindt ingedachtene stall wolle getlasen.
455 2993 1622 3178 und sich widerumb in ihr henmat begeben we
455 3055 1574 3274 liches s auch gethan und ihr bidt uff ein
458 3129 1626 3348 eronebert so die alte frauw, so da vbernacht
451 3204 1582 3434 war zu ihrer herberg gemacht) gelegt und
436 3287 1596 3502 davor gezog, nit zwar der meinung daß
441 3411 1631 3638 sy daß kind habe begert zu veederben oder zu
436 3464 1550 3699 verwarlosen, sondern s habe wohl gedacht
448 3556 1643 3788 daß wyln die alte frauw in dem stall ligge
454 3609 1602 3882 werden sy deß kindts wohl wehrnemen vnd Er
1450 3730 1569 3796 der
1497 335 1683 489 Denser
1660 2517 1706 2661 1
2067 252 2350 381 1643.
1673 360 2828 542 dem Buren im huß vbergeben, der werde
1685 444 2747 599 es alßan wohle an ohrt vnd vnd zeschaffen
1678 512 2854 674 weißen, da ihme fahl und raht beschech werde.
1675 582 2845 774 als das daß kindtwahl werde ufferzeg worden und
1681 650 2859 848 y widerumb etwan In dienst kommen kömnen
1680 729 2859 913 dls sy nun vff dem wegn war und sich nacher
1671 818 2827 962 hnn begeben wollen und albereit dahin kommen
1688 882 2823 1043 gele h wohl besorget man werde nachtrag
1687 958 2822 1116 halten, was soy mit ihrem kindt hiekommen sye
1701 1042 2828 1183 vnd möchte also die sach deskomen: Sye deßweg
1685 1128 2777 1286 u Rturen konmen und habe sich widerueb
1666 1209 2792 1346 zu ihrem kindt begeben und daßelbig zu
1701 1300 2871 1440 ihro nemmen wollen, alß y aber widerumb
1686 1361 2806 1519 oh künt kommen, habe man sy durch den
1686 1448 2741 1605 pesosen gefenklich annemen vnd algero
1697 1516 2886 1684 ihren laßen und habe also ihr kindt nit mehr
1698 1598 2806 1736 dort gefindn, vernemme aber ihr kindt
1698 1680 2865 1832 sie alhie im Cpital. Seye ihro also diser
1686 1758 2863 1915 ihe vnmueterliche thab, vor grund herzens
1686 1853 2854 1981 leydt vnd pette Gott den herrn vnd Ein
1676 1935 2864 2068 frame obrigkeit umb gnad und verzyhung,
1691 2006 2818 2162 deß erpietens, daß y Ihr kndt widerumb
1717 2085 2835 2227 gent vueterlich anneuren vnd mit thal
1714 2175 2876 2336 vnd raht alß sein getrawe Muter versech
1710 2290 1824 2367 wolle.
1713 2375 2849 2548 den 3 jan 1694 mit ruhtenge
1714 2489 2772 2608 cmeith, gezrichnet und mit dem Eydt
1731 2568 2909 2706 von jege statt und landt in ihr odennat
1737 2666 2976 2807 gewisen, durch die profforer an die grenzen
1712 2759 2887 2911 geführt, Ihr kind aber alhie Im Spital
1732 2883 2119 2989 behalten worden.
2861 264 2996 354 197.
