<?xml version="1.0" encoding="UTF-8" standalone="yes"?>
<PcGts xmlns="http://schema.primaresearch.org/PAGE/gts/pagecontent/2013-07-15" xmlns:xsi="http://www.w3.org/2001/XMLSchema-instance" xsi:schemaLocation="http://schema.primaresearch.org/PAGE/gts/pagecontent/2013-07-15 http://schema.primaresearch.org/PAGE/gts/pagecontent/2013-07-15/pagecontent.xsd">
    <Metadata>
        <Creator>prov=University of Rostock/Institute of Mathematics/CITlab|PLANET AI GmbH/Gundram Leifert/gundram.leifert@planet-ai.de:name=German_Kurrent_XVI-XVIII_M1(htr_id=19584)::::v=2.6.7
prov=University of Rostock/Institute of Mathematics/CITlab|PLANET AI GmbH/Tobias Gruening/tobias.gruening@planet-ai.de:name=de.uros.citlab.module.baseline2polygon.B2PSeamMultiOriented:v=2.6.7
prov=University of Rostock/Institute of Mathematics/CITlab|PLANET AI GmbH/Gundram Leifert/gundram.leifert@planet-ai.de:name=German_Kurrent_XIX_comb-Huber_M2(htr_id=23847)::::v=2.6.6
prov=University of Rostock/Institute of Mathematics/CITlab|PLANET AI GmbH/Tobias Gruening/tobias.gruening@planet-ai.de:name=de.uros.citlab.module.baseline2polygon.B2PSeamMultiOriented:v=2.6.6
prov=University of Rostock/Institute of Mathematics/CITlab|PLANET AI GmbH/Tobias Gruening/tobias.gruening@planet-ai.de:name=/net_tf/LA73_249_0mod360.pb:de.uros.citlab.segmentation.CITlab_LA_ML:v=2.6.6
Transkribus</Creator>
        <Created>2020-10-05T12:43:14.086+02:00</Created>
        <LastChange>2022-09-09T16:34:18.174+02:00</LastChange>
        <TranskribusMetadata docId="1334822" pageId="52360525" pageNr="95" tsid="114642288" status="IN_PROGRESS" userId="9570" imgUrl="https://files.transkribus.eu/Get?id=UDMKDQTJZOGMQWAYOMJAPVLN&amp;fileType=view" xmlUrl="https://files.transkribus.eu/Get?id=HUCLVMCMDKZKVSXLTZSQZXHG" imageId="16049222"/>
    </Metadata>
    <Page imageFilename="IMG_3605.jpeg" imageWidth="3024" imageHeight="4032">
        <ReadingOrder>
            <OrderedGroup id="ro_1687513763945" caption="Regions reading order">
                <RegionRefIndexed index="0" regionRef="r1"/>
                <RegionRefIndexed index="1" regionRef="r2"/>
                <RegionRefIndexed index="2" regionRef="r3"/>
            </OrderedGroup>
        </ReadingOrder>
        <TextRegion orientation="0.0" id="r1" custom="readingOrder {index:0;}">
            <Coords points="413,0 413,98 485,98 485,0"/>
            <TextLine id="r1l1" custom="readingOrder {index:0;}">
                <Coords points="404,57 432,60 449,72 456,72 473,60 492,59 495,10 469,14 454,-1 407,-5"/>
                <Baseline points="413,45 449,45 485,48"/>
                <TextEquiv>
                    <Unicode>1</Unicode>
                </TextEquiv>
            </TextLine>
            <TextEquiv>
                <Unicode>1</Unicode>
            </TextEquiv>
        </TextRegion>
        <TextRegion orientation="0.0" id="r2" custom="readingOrder {index:1;}">
            <Coords points="516,114 516,3168 1626,3168 1626,114"/>
            <TextLine id="r2l1" custom="readingOrder {index:0;} person {offset:0; length:12;}">
                <Coords points="887,160 978,183 1019,166 1035,178 1090,169 1143,195 1199,179 1250,199 1333,202 1338,159 1296,151 1252,100 1211,108 1173,92 1102,126 1052,79 1032,90 1009,68 974,84 901,58"/>
                <Baseline points="897,146 922,147 947,148 972,149 997,151 1022,154 1048,156 1073,159 1098,162 1123,166 1148,169 1173,174 1199,178 1224,181 1249,186 1274,190 1299,194 1325,198"/>
                <TextEquiv>
                    <Unicode>Uisula Gchor.</Unicode>
                </TextEquiv>
            </TextLine>
            <TextLine id="r2l2" custom="readingOrder {index:1;}">
                <Coords points="553,259 791,265 906,318 1110,285 1616,438 1628,350 1518,337 1387,262 1239,220 1075,234 934,183 783,210 577,104"/>
                <Baseline points="564,240 616,245 668,250 720,253 773,257 825,262 877,266 930,271 982,275 1034,281 1087,286 1139,293 1191,302 1243,311 1296,321 1348,333 1400,346 1453,361 1505,379 1557,399 1610,420"/>
                <TextEquiv>
                    <Unicode>  shes ud ende sechen</Unicode>
                </TextEquiv>
            </TextLine>
            <TextLine id="r2l3" custom="readingOrder {index:2;}">
                <Coords points="539,326 1028,352 1077,409 1304,386 1586,509 1632,501 1640,451 1246,315 1168,336 1004,290 905,319 549,256"/>
                <Baseline points="549,309 602,314 656,319 710,324 764,329 818,332 871,336 925,340 979,343 1033,348 1087,354 1140,360 1194,368 1248,376 1302,386 1356,398 1409,411 1463,428 1517,447 1571,468 1625,492"/>
                <TextEquiv>
                    <Unicode>dero diener den Großweybell vndt Kechtschei¬</Unicode>
                </TextEquiv>
            </TextLine>
            <TextLine id="r2l4" custom="readingOrder {index:3;}">
                <Coords points="532,398 1182,431 1257,488 1347,459 1613,556 1620,506 1295,394 1084,399 1008,352 952,376 870,342 539,353"/>
                <Baseline points="543,378 596,381 649,384 702,387 756,390 809,393 862,398 915,401 969,405 1022,411 1075,417 1128,423 1182,430 1235,439 1288,449 1341,461 1395,473 1448,486 1501,501 1554,519 1608,537"/>
                <TextEquiv>
                    <Unicode>gestrigen tags den 15. diß ernstwortig ihre an</Unicode>
                </TextEquiv>
            </TextLine>
            <TextLine id="r2l5" custom="readingOrder {index:4;}">
                <Coords points="551,499 667,454 761,505 834,471 1121,483 1379,534 1432,603 1593,651 1608,574 1365,470 565,398"/>
                <Baseline points="567,443 618,446 669,449 721,452 772,454 824,458 875,460 927,464 978,468 1030,472 1081,478 1132,485 1184,492 1235,499 1287,510 1338,520 1390,532 1441,546 1493,561 1544,578 1596,597"/>
                <TextEquiv>
                    <Unicode>klegken halben examiniert und befragt worden</Unicode>
                </TextEquiv>
            </TextLine>
            <TextLine id="r2l6" custom="readingOrder {index:5;} person {offset:13; length:12;}">
                <Coords points="553,605 1267,666 1424,730 1555,729 1629,782 1644,674 1577,650 1196,617 1041,554 1002,578 915,502 699,555 569,488"/>
                <Baseline points="561,602 614,602 667,604 720,606 774,608 827,611 880,615 933,619 987,624 1040,630 1093,636 1146,643 1200,651 1253,659 1306,669 1359,679 1413,692 1466,705 1519,719 1572,734 1626,750"/>
                <TextEquiv>
                    <Unicode>und erstlich Ursula Schor, die wegenentfruhe</Unicode>
                </TextEquiv>
            </TextLine>
            <TextLine id="r2l7" custom="readingOrder {index:6;}">
                <Coords points="555,705 1108,712 1629,829 1635,774 1576,741 1417,737 1356,686 566,617"/>
                <Baseline points="566,680 618,680 671,682 724,684 777,686 830,687 882,690 935,694 988,698 1041,703 1094,708 1146,713 1199,721 1252,729 1305,738 1358,747 1410,758 1463,770 1516,784 1569,798 1622,816"/>
                <TextEquiv>
                    <Unicode>Stockfischen vezogen worden, bekhendt, daß s</Unicode>
                </TextEquiv>
            </TextLine>
            <TextLine id="r2l8" custom="readingOrder {index:7;} person {offset:8; length:15;} person {offset:29; length:10;}">
                <Coords points="541,755 725,799 867,766 1342,812 1391,856 1484,845 1556,907 1614,897 1620,826 1300,752 1073,754 992,713 723,727 605,683 545,710"/>
                <Baseline points="549,746 604,749 660,752 716,756 771,758 827,761 883,764 939,767 994,771 1050,776 1106,780 1162,786 1217,792 1273,800 1329,808 1385,818 1440,829 1496,842 1552,857 1608,873"/>
                <TextEquiv>
                    <Unicode>osteren Johannes Studer undt Margreth a</Unicode>
                </TextEquiv>
            </TextLine>
            <TextLine id="r2l9" custom="readingOrder {index:8;} place {offset:7; length:5;}">
                <Coords points="552,849 697,833 845,875 941,841 1054,850 1103,896 1151,867 1198,900 1363,888 1611,987 1602,911 1347,814 1146,834 868,766 755,808 626,764 559,780"/>
                <Baseline points="563,819 615,822 667,825 719,828 771,831 824,833 876,836 928,838 980,842 1032,845 1085,849 1137,853 1189,859 1241,865 1293,874 1346,882 1398,894 1450,905 1502,919 1554,933 1607,951"/>
                <TextEquiv>
                    <Unicode>uß dem Elsaß ehemeneschen, so alten zenge</Unicode>
                </TextEquiv>
            </TextLine>
            <TextLine id="r2l10" custom="readingOrder {index:9;}">
                <Coords points="552,909 709,924 754,965 864,916 1033,957 1096,933 1130,970 1226,945 1281,997 1515,997 1594,1042 1616,984 1446,910 1346,942 1234,882 1107,898 1037,857 557,859"/>
                <Baseline points="561,899 613,902 665,905 717,907 769,910 822,912 874,915 926,918 978,921 1030,924 1083,929 1135,934 1187,939 1239,945 1291,952 1344,960 1396,969 1448,979 1500,991 1552,1004 1605,1019"/>
                <TextEquiv>
                    <Unicode>tragind undt verkhauffind seyen zu ihre i</Unicode>
                </TextEquiv>
            </TextLine>
            <TextLine id="r2l11" custom="readingOrder {index:10;}">
                <Coords points="548,976 681,1030 755,991 941,1002 998,1035 1092,1015 1192,1077 1293,1034 1590,1101 1596,1038 1554,1010 1279,998 1152,953 1014,981 893,925 754,966 668,914 554,910"/>
                <Baseline points="557,972 608,977 659,981 710,984 762,987 813,991 864,993 916,996 967,999 1018,1001 1070,1005 1121,1010 1172,1014 1223,1019 1275,1025 1326,1032 1377,1040 1429,1050 1480,1060 1531,1072 1583,1086"/>
                <TextEquiv>
                    <Unicode>hinßhauß kommen undt ihre etliche stockfi</Unicode>
                </TextEquiv>
            </TextLine>
            <TextLine id="r2l12" custom="readingOrder {index:11;}">
                <Coords points="542,1102 665,1075 964,1134 1044,1087 1254,1151 1306,1122 1514,1154 1625,1212 1614,1117 1436,1103 1376,1051 843,1055 786,1002 678,1032 553,974"/>
                <Baseline points="554,1059 607,1064 660,1068 713,1071 767,1076 820,1077 873,1080 927,1082 980,1085 1033,1088 1087,1092 1140,1095 1193,1100 1246,1104 1300,1111 1353,1118 1406,1126 1460,1136 1513,1148 1566,1160 1620,1175"/>
                <TextEquiv>
                    <Unicode>zubehalten geben vndt gesagt, Sy wollendt biß</Unicode>
                </TextEquiv>
            </TextLine>
            <TextLine id="r2l13" custom="readingOrder {index:12;} person {offset:0; length:19;}">
                <Coords points="546,1178 698,1150 797,1218 909,1159 1146,1215 1294,1189 1350,1234 1557,1239 1616,1275 1622,1212 1521,1201 1456,1146 1391,1179 1309,1129 1243,1156 1191,1112 1109,1148 1022,1105 964,1134 552,1107"/>
                <Baseline points="558,1142 610,1145 663,1148 715,1151 768,1154 821,1157 873,1158 926,1161 978,1164 1031,1167 1084,1170 1136,1173 1189,1178 1241,1182 1294,1189 1347,1195 1399,1203 1452,1212 1504,1223 1557,1234 1610,1248"/>
                <TextEquiv>
                    <Unicode>Johanni widerkhamen undt sy alß dan ver</Unicode>
                </TextEquiv>
            </TextLine>
            <TextLine id="r2l14" custom="readingOrder {index:13;} person {offset:15; length:14;}">
                <Coords points="552,1274 656,1237 1031,1280 1086,1251 1454,1288 1628,1355 1637,1298 1558,1239 1349,1254 1210,1206 1132,1233 875,1163 797,1218 736,1173 656,1203 560,1176"/>
                <Baseline points="564,1226 617,1230 670,1233 723,1236 776,1238 829,1240 882,1242 935,1245 988,1247 1041,1250 1095,1253 1148,1257 1201,1261 1254,1265 1307,1271 1360,1277 1413,1284 1466,1294 1519,1304 1572,1315 1626,1328"/>
                <TextEquiv>
                    <Unicode>khauffen, Nach Johanni seyeer aber nit sonder</Unicode>
                </TextEquiv>
            </TextLine>
            <TextLine id="r2l15" custom="readingOrder {index:14;}">
                <Coords points="548,1326 700,1356 795,1316 851,1370 956,1326 1633,1405 1636,1361 1558,1365 1506,1314 1266,1321 1197,1270 1086,1302 915,1247 552,1282"/>
                <Baseline points="557,1311 610,1314 663,1316 717,1318 770,1320 824,1322 877,1323 931,1326 984,1328 1038,1331 1091,1333 1144,1336 1198,1340 1251,1345 1305,1350 1358,1355 1412,1362 1465,1368 1519,1376 1572,1386 1626,1395"/>
                <TextEquiv>
                    <Unicode>nir syn erg kommen undt ihro abermahlen i einer</Unicode>
                </TextEquiv>
            </TextLine>
            <TextLine id="r2l16" custom="readingOrder {index:15;}">
                <Coords points="535,1433 667,1457 786,1426 839,1467 973,1421 1065,1472 1244,1430 1624,1491 1627,1434 1512,1380 1390,1403 1038,1342 851,1370 542,1321"/>
                <Baseline points="546,1398 599,1401 653,1404 706,1406 760,1407 813,1409 867,1410 920,1412 974,1413 1027,1415 1081,1416 1135,1418 1188,1422 1242,1424 1295,1429 1349,1433 1402,1440 1456,1447 1509,1454 1563,1464 1617,1475"/>
                <TextEquiv>
                    <Unicode>huß ziechen Stockfisch gebracht undt zuver</Unicode>
                </TextEquiv>
            </TextLine>
            <TextLine id="r2l17" custom="readingOrder {index:16;}">
                <Coords points="555,1502 1239,1513 1349,1545 1385,1519 1622,1583 1626,1492 1521,1463 558,1440"/>
                <Baseline points="564,1484 616,1487 669,1490 721,1491 774,1493 827,1494 879,1494 932,1496 985,1496 1037,1497 1090,1497 1143,1499 1195,1500 1248,1503 1301,1506 1353,1510 1406,1514 1459,1519 1511,1526 1564,1534 1617,1542"/>
                <TextEquiv>
                    <Unicode>khauffen geben, Sy aber habe alßo balden ein beß</Unicode>
                </TextEquiv>
            </TextLine>
            <TextLine id="r2l18" custom="readingOrder {index:17;}">
                <Coords points="551,1575 600,1608 681,1572 940,1614 1111,1573 1278,1636 1335,1599 1396,1635 1601,1628 1617,1581 1423,1523 1362,1557 1268,1524 1230,1558 1164,1515 1063,1547 880,1501 804,1548 753,1511 667,1539 554,1502"/>
                <Baseline points="560,1563 612,1563 664,1565 717,1565 769,1566 821,1566 874,1568 926,1569 978,1569 1031,1571 1083,1574 1135,1575 1188,1578 1240,1580 1292,1583 1345,1587 1397,1592 1449,1597 1502,1602 1554,1608 1607,1616"/>
                <TextEquiv>
                    <Unicode>Argwohn gefaßt, vndt Sy gefragt, wo sy mit</Unicode>
                </TextEquiv>
            </TextLine>
            <TextLine id="r2l19" custom="readingOrder {index:18;}">
                <Coords points="518,1661 663,1641 1151,1694 1197,1658 1337,1709 1422,1674 1611,1704 1614,1625 1579,1619 1450,1648 1352,1598 1221,1640 1122,1576 1002,1625 847,1586 610,1613 522,1570"/>
                <Baseline points="528,1635 581,1640 635,1642 689,1644 743,1646 797,1648 850,1649 904,1650 958,1650 1012,1652 1066,1652 1119,1653 1173,1655 1227,1657 1281,1659 1335,1661 1388,1665 1442,1669 1496,1674 1550,1680 1604,1688"/>
                <TextEquiv>
                    <Unicode>den vil stockhischen harkhomen sy werde y</Unicode>
                </TextEquiv>
            </TextLine>
            <TextLine id="r2l20" custom="readingOrder {index:19;}">
                <Coords points="556,1734 1212,1741 1305,1786 1373,1740 1606,1777 1608,1715 1387,1678 1336,1713 1242,1663 920,1706 756,1651 557,1690"/>
                <Baseline points="564,1715 615,1720 667,1722 719,1725 771,1727 822,1727 874,1728 926,1728 978,1728 1029,1727 1081,1727 1133,1727 1185,1728 1236,1728 1288,1730 1340,1733 1392,1736 1443,1741 1495,1745 1547,1753 1599,1763"/>
                <TextEquiv>
                    <Unicode>villicht droben in ihrem hauß genommen haben,</Unicode>
                </TextEquiv>
            </TextLine>
            <TextLine id="r2l21" custom="readingOrder {index:20;}">
                <Coords points="544,1828 608,1810 675,1853 772,1803 1053,1830 1117,1799 1625,1842 1626,1795 1439,1762 1302,1788 1084,1737 907,1776 823,1725 702,1763 546,1739"/>
                <Baseline points="552,1805 605,1805 658,1803 711,1803 765,1802 818,1802 871,1802 924,1802 978,1802 1031,1802 1084,1802 1137,1803 1191,1804 1244,1806 1297,1808 1350,1811 1404,1814 1457,1819 1510,1823 1563,1828 1617,1835"/>
                <TextEquiv>
                    <Unicode>Habe die frembde er daruff geandtwortet.</Unicode>
                </TextEquiv>
            </TextLine>
            <TextLine id="r2l22" custom="readingOrder {index:21;}">
                <Coords points="535,1904 642,1940 695,1898 961,1920 1131,1876 1277,1921 1601,1915 1602,1855 1210,1851 1148,1810 913,1851 794,1803 703,1861 536,1830"/>
                <Baseline points="543,1881 595,1881 648,1881 700,1881 753,1880 805,1880 858,1880 910,1880 963,1880 1015,1880 1068,1880 1120,1881 1173,1881 1225,1883 1278,1884 1330,1886 1383,1887 1435,1891 1488,1893 1540,1897 1593,1901"/>
                <TextEquiv>
                    <Unicode>Schwygel schwyget, Eß weeß es niemandt</Unicode>
                </TextEquiv>
            </TextLine>
            <TextLine id="r2l23" custom="readingOrder {index:22;}">
                <Coords points="529,1983 926,1969 997,2008 1272,1963 1374,2008 1613,1991 1614,1932 1371,1908 1290,1936 1132,1876 988,1939 685,1900 530,1920"/>
                <Baseline points="537,1961 590,1962 643,1962 697,1964 750,1964 804,1964 857,1964 910,1964 964,1964 1017,1964 1071,1964 1124,1964 1177,1964 1231,1965 1284,1965 1338,1967 1391,1967 1444,1969 1498,1970 1551,1973 1605,1976"/>
                <TextEquiv>
                    <Unicode>daruff sy abermahlen zu ihra gesagt habe, we</Unicode>
                </TextEquiv>
            </TextLine>
            <TextLine id="r2l24" custom="readingOrder {index:23;}">
                <Coords points="550,2044 618,2068 664,2039 706,2075 765,2040 1141,2075 1297,2045 1604,2062 1604,2005 1505,1990 1419,2021 1290,1982 1231,2017 1091,1976 1020,2018 669,1958 598,2014 550,2003"/>
                <Baseline points="558,2031 609,2034 661,2037 713,2039 765,2039 817,2040 869,2042 921,2042 973,2042 1025,2043 1077,2043 1128,2043 1180,2043 1232,2043 1284,2043 1336,2043 1388,2043 1440,2045 1492,2045 1544,2046 1596,2048"/>
                <TextEquiv>
                    <Unicode>man heüt der morg uff drsach kombt undt</Unicode>
                </TextEquiv>
            </TextLine>
            <TextLine id="r2l25" custom="readingOrder {index:24;}">
                <Coords points="568,2166 808,2114 1078,2162 1151,2121 1202,2159 1295,2118 1573,2138 1601,2074 794,2043 710,2075 669,2040 568,2081"/>
                <Baseline points="576,2114 626,2114 677,2115 728,2115 779,2115 830,2115 881,2115 931,2115 982,2115 1033,2115 1084,2115 1135,2115 1186,2115 1237,2115 1287,2115 1338,2115 1389,2115 1440,2115 1491,2115 1542,2115 1593,2115"/>
                <TextEquiv>
                    <Unicode>sicht, daß die Stockfischwegg kommen, so müsen</Unicode>
                </TextEquiv>
            </TextLine>
            <TextLine id="r2l26" custom="readingOrder {index:25;}">
                <Coords points="529,2200 592,2230 661,2200 721,2245 821,2206 979,2243 1067,2190 1453,2227 1609,2192 1609,2132 1102,2163 999,2123 867,2158 754,2122 598,2173 528,2146"/>
                <Baseline points="537,2199 590,2196 643,2193 696,2190 749,2189 803,2187 856,2187 909,2186 962,2186 1015,2187 1069,2187 1122,2187 1175,2189 1228,2189 1281,2190 1335,2190 1388,2190 1441,2192 1494,2190 1547,2190 1601,2189"/>
                <TextEquiv>
                    <Unicode>sy die, so im haußwohnen, es gethan haben </Unicode>
                </TextEquiv>
            </TextLine>
            <TextLine id="r2l27" custom="readingOrder {index:26;}">
                <Coords points="544,2296 849,2269 955,2320 1127,2275 1595,2295 1594,2197 1466,2240 1261,2191 1193,2238 989,2191 754,2244 543,2214"/>
                <Baseline points="552,2274 603,2273 655,2269 707,2267 759,2265 810,2264 862,2262 914,2262 966,2262 1017,2261 1069,2261 1121,2262 1173,2262 1224,2262 1276,2262 1328,2264 1380,2264 1431,2264 1483,2264 1535,2264 1587,2264"/>
                <TextEquiv>
                    <Unicode>Habe die andre fr ihra widrumb gesagt, o</Unicode>
                </TextEquiv>
            </TextLine>
            <TextLine id="r2l28" custom="readingOrder {index:27;}">
                <Coords points="539,2364 776,2340 950,2389 1119,2342 1249,2389 1399,2356 1489,2397 1622,2342 1622,2277 1437,2277 1388,2315 1132,2276 957,2315 849,2271 759,2317 620,2280 539,2301"/>
                <Baseline points="548,2343 601,2342 654,2339 707,2339 761,2337 814,2337 867,2337 921,2337 974,2339 1027,2339 1081,2339 1134,2340 1187,2340 1240,2342 1294,2342 1347,2342 1400,2341 1454,2340 1507,2339 1560,2337 1614,2336"/>
                <TextEquiv>
                    <Unicode>sölle nur schwygen undt die fisch verkhauffen </Unicode>
                </TextEquiv>
            </TextLine>
            <TextLine id="r2l29" custom="readingOrder {index:28;}">
                <Coords points="535,2471 651,2473 728,2422 1027,2450 1330,2419 1467,2456 1609,2405 1609,2349 1296,2393 534,2341"/>
                <Baseline points="543,2418 598,2417 654,2415 710,2415 765,2414 821,2414 877,2414 933,2415 988,2415 1044,2415 1100,2415 1156,2415 1211,2415 1267,2415 1323,2415 1379,2414 1434,2412 1490,2409 1546,2406 1602,2403"/>
                <TextEquiv>
                    <Unicode>habe sy dieselbigen einer frb (lohneren genandt,</Unicode>
                </TextEquiv>
            </TextLine>
            <TextLine id="r2l30" custom="readingOrder {index:29;}">
                <Coords points="1192,2468 1211,2462 1231,2470 1235,2465 1245,2466 1253,2456 1263,2456 1270,2462 1276,2456 1285,2456 1283,2423 1267,2424 1260,2431 1250,2425 1241,2427 1223,2420 1218,2424 1212,2418 1205,2418 1198,2425 1190,2425"/>
                <Baseline points="1199,2456 1225,2456 1251,2452 1277,2453"/>
                <TextEquiv>
                    <Unicode>106</Unicode>
                </TextEquiv>
            </TextLine>
            <TextLine id="r2l31" custom="readingOrder {index:30;}">
                <Coords points="533,2545 604,2497 821,2534 1174,2488 1219,2523 1392,2489 1430,2514 1616,2482 1616,2441 1229,2471 1168,2426 1099,2467 805,2425 532,2474"/>
                <Baseline points="540,2498 593,2495 646,2493 700,2492 753,2492 807,2490 860,2490 913,2490 967,2490 1020,2490 1074,2490 1127,2490 1180,2489 1234,2489 1287,2487 1341,2487 1394,2484 1447,2482 1501,2479 1554,2476 1608,2471"/>
                <TextEquiv>
                    <Unicode>geverkhauffen geben vndt gwar das gelt deren</Unicode>
                </TextEquiv>
            </TextLine>
            <TextLine id="r2l32" custom="readingOrder {index:31;}">
                <Coords points="544,2589 605,2618 673,2564 809,2606 852,2574 1519,2573 1622,2542 1621,2486 1412,2524 1332,2498 1165,2529 1114,2496 995,2539 880,2507 543,2541"/>
                <Baseline points="551,2576 604,2573 657,2571 710,2570 763,2568 816,2567 869,2567 923,2565 976,2565 1029,2564 1082,2564 1135,2563 1188,2562 1241,2561 1295,2559 1348,2556 1401,2554 1454,2551 1507,2546 1560,2541 1614,2537"/>
                <TextEquiv>
                    <Unicode>empfangen, aber den besten theil davon obgemelte</Unicode>
                </TextEquiv>
            </TextLine>
            <TextLine id="r2l33" custom="readingOrder {index:32;}">
                <Coords points="551,2665 1230,2640 1286,2677 1359,2622 1631,2609 1618,2541 1448,2580 1372,2558 1317,2603 1128,2576 915,2615 858,2581 603,2619 548,2588"/>
                <Baseline points="558,2651 611,2648 664,2646 717,2645 771,2643 824,2642 877,2640 930,2639 984,2638 1037,2636 1090,2634 1143,2633 1197,2630 1250,2628 1303,2626 1356,2623 1410,2619 1463,2614 1516,2610 1569,2606 1623,2598"/>
                <TextEquiv>
                    <Unicode>hrb uberandtwortet. Wie vil pfund stockfische</Unicode>
                </TextEquiv>
            </TextLine>
            <TextLine id="r2l34" custom="readingOrder {index:33;}">
                <Coords points="551,2761 702,2736 762,2774 1012,2702 1453,2726 1497,2691 1633,2695 1629,2610 1566,2647 1359,2622 1284,2678 838,2644 705,2698 546,2653"/>
                <Baseline points="558,2736 611,2732 664,2728 718,2724 771,2720 824,2717 878,2715 931,2712 984,2709 1038,2708 1091,2706 1144,2703 1198,2702 1251,2700 1304,2697 1358,2694 1411,2692 1464,2689 1518,2686 1571,2682 1625,2678"/>
                <TextEquiv>
                    <Unicode>aber gewesen vndt wie vil daruß erloßt worden .</Unicode>
                </TextEquiv>
            </TextLine>
            <TextLine id="r2l35" custom="readingOrder {index:34;}">
                <Coords points="528,2828 695,2849 1036,2790 1224,2818 1379,2764 1529,2807 1626,2766 1622,2699 1079,2723 1000,2775 843,2739 764,2777 713,2739 524,2764"/>
                <Baseline points="536,2814 590,2813 644,2811 698,2809 752,2807 806,2805 860,2802 914,2801 968,2798 1022,2795 1076,2792 1130,2789 1184,2786 1238,2783 1292,2779 1346,2775 1400,2772 1454,2766 1508,2762 1562,2757 1617,2753"/>
                <TextEquiv>
                    <Unicode>wüße sy nit, di tohneren aber, so sy verkheift</Unicode>
                </TextEquiv>
            </TextLine>
            <TextLine id="r2l36" custom="readingOrder {index:35;}">
                <Coords points="545,2900 883,2881 948,2919 1046,2865 1220,2885 1264,2847 1428,2895 1631,2822 1628,2767 1524,2808 1379,2765 1220,2836 965,2808 829,2851 769,2815 721,2852 543,2861"/>
                <Baseline points="552,2895 605,2891 659,2887 712,2884 766,2881 819,2878 873,2876 926,2874 980,2873 1033,2871 1087,2870 1141,2867 1194,2865 1248,2861 1301,2858 1355,2853 1408,2848 1462,2842 1515,2833 1569,2826 1623,2816"/>
                <TextEquiv>
                    <Unicode>werde es am besten wüßen Das pfend aber hu</Unicode>
                </TextEquiv>
            </TextLine>
            <TextLine id="r2l37" custom="readingOrder {index:36;}">
                <Coords points="509,3003 753,2959 947,3011 1007,2958 1182,3000 1279,2937 1505,2951 1632,2907 1626,2822 1347,2908 1139,2877 953,2922 824,2881 704,2932 630,2896 503,2919"/>
                <Baseline points="516,2985 571,2978 626,2974 681,2969 737,2966 792,2962 847,2960 903,2957 958,2954 1013,2952 1069,2950 1124,2948 1179,2945 1234,2942 1290,2937 1345,2933 1400,2927 1456,2920 1511,2912 1566,2902 1622,2891"/>
                <TextEquiv>
                    <Unicode>sy umb 10 fr geben, alßo seyers der sach hale</Unicode>
                </TextEquiv>
            </TextLine>
            <TextLine id="r2l38" custom="readingOrder {index:37;}">
                <Coords points="550,3097 1177,3026 1379,3049 1517,2997 1582,3020 1606,2909 1529,2963 1478,2932 1323,2968 1280,2937 1200,3001 1116,2973 836,3003 756,2968 671,3021 543,2998"/>
                <Baseline points="555,3057 607,3053 659,3051 712,3047 764,3045 816,3042 869,3041 921,3038 973,3036 1026,3033 1078,3031 1130,3027 1183,3025 1235,3021 1287,3016 1340,3012 1392,3007 1444,3000 1497,2994 1549,2986 1602,2976"/>
                <TextEquiv>
                    <Unicode>zugangen, vndt seye Ihren leyd, daß sy de hisch</Unicode>
                </TextEquiv>
            </TextLine>
            <TextLine id="r2l39" custom="readingOrder {index:38;}">
                <Coords points="536,3191 653,3202 894,3142 961,3173 1096,3122 1338,3141 1617,3049 1612,3000 1522,2997 1390,3053 1197,3037 1127,3074 1049,3039 939,3078 741,3099 663,3061 607,3111 528,3097"/>
                <Baseline points="540,3152 593,3146 646,3141 700,3134 753,3131 807,3126 860,3122 913,3119 967,3115 1020,3113 1074,3109 1127,3104 1180,3100 1234,3095 1287,3091 1341,3085 1394,3079 1447,3071 1501,3063 1554,3054 1608,3044"/>
                <TextEquiv>
                    <Unicode>der fr abgenommen undt also verhandlet habe</Unicode>
                </TextEquiv>
            </TextLine>
            <TextEquiv>
                <Unicode>Uisula Gchor.
  shes ud ende sechen
dero diener den Großweybell vndt Kechtschei¬
gestrigen tags den 15. diß ernstwortig ihre an
klegken halben examiniert und befragt worden
und erstlich Ursula Schor, die wegenentfruhe
Stockfischen vezogen worden, bekhendt, daß s
osteren Johannes Studer undt Margreth a
uß dem Elsaß ehemeneschen, so alten zenge
tragind undt verkhauffind seyen zu ihre i
hinßhauß kommen undt ihre etliche stockfi
zubehalten geben vndt gesagt, Sy wollendt biß
Johanni widerkhamen undt sy alß dan ver
khauffen, Nach Johanni seyeer aber nit sonder
nir syn erg kommen undt ihro abermahlen i einer
huß ziechen Stockfisch gebracht undt zuver
khauffen geben, Sy aber habe alßo balden ein beß
Argwohn gefaßt, vndt Sy gefragt, wo sy mit
den vil stockhischen harkhomen sy werde y
villicht droben in ihrem hauß genommen haben,
Habe die frembde er daruff geandtwortet.
Schwygel schwyget, Eß weeß es niemandt
daruff sy abermahlen zu ihra gesagt habe, we
man heüt der morg uff drsach kombt undt
sicht, daß die Stockfischwegg kommen, so müsen
sy die, so im haußwohnen, es gethan haben 
Habe die andre fr ihra widrumb gesagt, o
sölle nur schwygen undt die fisch verkhauffen 
habe sy dieselbigen einer frb (lohneren genandt,
106
geverkhauffen geben vndt gwar das gelt deren
empfangen, aber den besten theil davon obgemelte
hrb uberandtwortet. Wie vil pfund stockfische
aber gewesen vndt wie vil daruß erloßt worden .
wüße sy nit, di tohneren aber, so sy verkheift
werde es am besten wüßen Das pfend aber hu
sy umb 10 fr geben, alßo seyers der sach hale
zugangen, vndt seye Ihren leyd, daß sy de hisch
der fr abgenommen undt also verhandlet habe</Unicode>
            </TextEquiv>
        </TextRegion>
        <TextRegion orientation="0.0" id="r3" custom="readingOrder {index:2;}">
            <Coords points="1716,0 1716,3455 3020,3455 3020,0"/>
            <TextLine id="r3l1" custom="readingOrder {index:0;}">
                <Coords points="2812,55 2842,51 2890,76 2906,65 2930,82 2990,53 2987,-48 2979,-48 2919,13 2911,7 2902,12 2845,-32 2831,-17 2809,-19"/>
                <Baseline points="2820,45 2846,40 2873,38 2900,39 2927,41 2954,38 2981,32"/>
                <TextEquiv>
                    <Unicode>151</Unicode>
                </TextEquiv>
            </TextLine>
            <TextLine id="r3l2" custom="readingOrder {index:1;}">
                <Coords points="1990,331 2192,258 2234,276 2316,233 2388,250 2491,198 2762,162 2789,153 2780,105 2689,63 2573,129 2479,101 2451,129 2357,120 2333,153 2243,153 2104,223 2026,204 1970,230"/>
                <Baseline points="1994,305 2033,296 2072,286 2111,276 2151,266 2190,257 2229,250 2269,240 2308,232 2347,224 2387,216 2426,208 2465,201 2504,194 2544,186 2583,179 2622,172 2662,166 2701,159 2740,154 2780,147"/>
                <TextEquiv>
                    <Unicode>Vn dacnusi</Unicode>
                </TextEquiv>
            </TextLine>
            <TextLine id="r3l3" custom="readingOrder {index:2;} place {offset:4; length:10;} person {offset:16; length:16;}">
                <Coords points="1897,441 1969,405 2144,396 2225,340 2521,322 2681,249 2817,252 2803,186 2581,244 2481,206 2372,264 2275,245 2238,280 1883,370"/>
                <Baseline points="1901,419 1946,404 1991,390 2036,376 2081,364 2126,353 2171,341 2217,331 2262,320 2307,311 2352,303 2397,293 2442,285 2487,278 2533,270 2578,262 2623,257 2668,249 2713,242 2758,236 2804,230"/>
                <TextEquiv>
                    <Unicode>von Ruedlingen, Jacob Beuggimans</Unicode>
                </TextEquiv>
            </TextLine>
            <TextLine id="r3l4" custom="readingOrder {index:3;}">
                <Coords points="1919,533 1942,517 1984,532 2009,510 2026,514 2058,480 2164,466 2145,391 2113,400 2069,395 2047,418 1995,412 1978,427 1940,419 1897,454"/>
                <Baseline points="1916,497 1941,488 1967,482 1993,474 2018,467 2044,461 2070,454 2095,447 2121,439 2147,431"/>
                <TextEquiv>
                    <Unicode>haussel</Unicode>
                </TextEquiv>
            </TextLine>
            <TextLine id="r3l5" custom="readingOrder {index:4;} person {offset:8; length:16;}">
                <Coords points="1746,644 1848,664 2086,562 2168,599 2211,552 2826,451 2819,414 2511,425 2381,486 2278,445 2205,504 2146,477 1908,547 1844,513 1736,591"/>
                <Baseline points="1755,645 1808,631 1861,617 1914,604 1967,593 2020,581 2073,570 2126,560 2179,550 2232,540 2285,531 2338,522 2391,513 2444,505 2497,496 2550,488 2603,479 2656,471 2709,462 2762,453 2816,444"/>
                <TextEquiv>
                    <Unicode>die von Bendicht fischer Ihrem Dochterman, der</Unicode>
                </TextEquiv>
            </TextLine>
            <TextLine id="r3l6" custom="readingOrder {index:5;}">
                <Coords points="1775,740 2003,666 2094,685 2172,622 2284,639 2461,588 2518,624 2557,580 2731,554 2802,586 2917,520 2906,450 2784,506 2441,516 2314,578 2206,557 2170,599 2090,565 2017,626 1762,659"/>
                <Baseline points="1779,711 1835,695 1892,680 1948,668 2005,654 2061,642 2118,632 2174,621 2231,612 2287,602 2344,593 2400,585 2457,577 2513,568 2570,560 2626,552 2683,545 2739,537 2796,528 2852,521 2909,513"/>
                <TextEquiv>
                    <Unicode>Segnerey undt zauberey undt daß sy ihme syan</Unicode>
                </TextEquiv>
            </TextLine>
            <TextLine id="r3l7" custom="readingOrder {index:6;}">
                <Coords points="1732,808 2146,696 2520,696 2651,631 2784,665 2921,608 2896,534 2811,589 2556,589 2522,624 2460,593 2345,651 2165,623 2095,685 1984,670 1723,749"/>
                <Baseline points="1737,792 1795,776 1854,761 1913,746 1972,732 2030,720 2089,709 2148,698 2207,688 2265,680 2324,671 2383,663 2442,655 2500,648 2559,641 2618,634 2677,628 2735,621 2794,614 2853,607 2912,600"/>
                <TextEquiv>
                    <Unicode>dochter hinderrucks uß synem haußgenommen im</Unicode>
                </TextEquiv>
            </TextLine>
            <TextLine id="r3l8" custom="readingOrder {index:7;}">
                <Coords points="1756,859 2032,790 2084,817 2142,764 2770,739 2919,679 2913,632 2614,656 2442,719 2383,684 1997,734 1909,789 1748,801"/>
                <Baseline points="1764,854 1821,837 1878,821 1936,807 1993,795 2051,785 2108,775 2165,767 2223,760 2280,753 2338,746 2395,740 2452,735 2510,729 2567,723 2625,717 2682,710 2739,704 2797,696 2854,688 2912,678"/>
                <TextEquiv>
                    <Unicode>battell herumb gemehrt undt in derglychen bosen</Unicode>
                </TextEquiv>
            </TextLine>
            <TextLine id="r3l9" custom="readingOrder {index:8;}">
                <Coords points="1754,921 2001,874 2108,916 2219,863 2334,888 2413,835 2507,864 2641,805 2750,842 2873,778 2868,742 2789,729 2523,780 2466,745 2373,791 2128,767 2080,825 1747,866"/>
                <Baseline points="1761,917 1816,904 1871,892 1926,881 1981,872 2036,863 2091,855 2147,847 2202,842 2257,834 2312,830 2367,824 2422,818 2477,813 2533,809 2588,804 2643,798 2698,792 2753,787 2808,782 2864,774"/>
                <TextEquiv>
                    <Unicode>funsten underwisen habe angeklagt worden be</Unicode>
                </TextEquiv>
            </TextLine>
            <TextLine id="r3l10" custom="readingOrder {index:9;}">
                <Coords points="1762,1015 1780,1014 1798,988 1812,988 1824,974 1876,1001 1893,980 1904,978 1887,904 1878,908 1859,902 1835,926 1809,927 1781,911 1767,921 1758,916 1742,930"/>
                <Baseline points="1763,983 1788,976 1813,968 1839,962 1864,957 1890,954"/>
                <TextEquiv>
                    <Unicode>khendt,</Unicode>
                </TextEquiv>
            </TextLine>
            <TextLine id="r3l11" custom="readingOrder {index:10;}">
                <Coords points="1755,1109 2212,1001 2322,1038 2369,988 2937,965 2926,839 2642,930 2404,885 2281,971 2039,952 1743,1010"/>
                <Baseline points="1760,1086 1818,1071 1877,1057 1935,1046 1994,1034 2052,1025 2111,1016 2169,1009 2228,1002 2286,995 2345,990 2403,986 2462,981 2520,975 2579,971 2637,966 2696,960 2754,956 2813,949 2871,943 2930,936"/>
                <TextEquiv>
                    <Unicode>Sy habe ihrem tochterman, das kind nit hinder</Unicode>
                </TextEquiv>
            </TextLine>
            <TextLine id="r3l12" custom="readingOrder {index:11;}">
                <Coords points="1766,1167 1894,1142 1937,1174 1990,1124 2193,1083 2933,1052 2925,948 2318,1043 2214,1003 2171,1046 2113,1020 1762,1131"/>
                <Baseline points="1773,1152 1830,1139 1888,1129 1945,1117 2003,1109 2060,1101 2118,1093 2175,1086 2233,1079 2290,1074 2348,1069 2406,1064 2463,1058 2521,1054 2578,1049 2636,1044 2693,1039 2751,1034 2808,1030 2866,1023 2924,1017"/>
                <TextEquiv>
                    <Unicode>rucks uß dem haus genommen, sondren er habe</Unicode>
                </TextEquiv>
            </TextLine>
            <TextLine id="r3l13" custom="readingOrder {index:12;}">
                <Coords points="1720,1235 2844,1120 2920,1102 2914,1046 2546,1069 2454,1114 2365,1067 2262,1126 2180,1088 1936,1175 1807,1152 1717,1204"/>
                <Baseline points="1728,1229 1787,1216 1846,1205 1905,1195 1964,1186 2024,1178 2083,1170 2142,1163 2201,1156 2260,1151 2320,1145 2379,1141 2438,1136 2497,1131 2556,1126 2616,1122 2675,1118 2734,1112 2793,1107 2852,1101 2912,1095"/>
                <TextEquiv>
                    <Unicode>daßelbige einem framer verdinget, so es albereit</Unicode>
                </TextEquiv>
            </TextLine>
            <TextLine id="r3l14" custom="readingOrder {index:13;}">
                <Coords points="1761,1337 1890,1274 2007,1303 2101,1254 2220,1281 2259,1243 2509,1219 2679,1244 2745,1200 2787,1233 2976,1194 2973,1155 2728,1125 2687,1164 2557,1125 2482,1184 2162,1171 1751,1222"/>
                <Baseline points="1764,1289 1824,1279 1884,1269 1944,1260 2004,1252 2064,1245 2124,1239 2184,1234 2244,1229 2304,1224 2365,1220 2425,1217 2485,1213 2545,1209 2605,1206 2665,1202 2725,1198 2785,1194 2845,1190 2905,1185 2966,1179"/>
                <TextEquiv>
                    <Unicode>bey5 wuchen gehalten, alß er aber etlich lynlachen ver</Unicode>
                </TextEquiv>
            </TextLine>
            <TextLine id="r3l15" custom="readingOrder {index:14;}">
                <Coords points="1762,1380 1945,1331 1995,1371 2746,1282 2860,1327 2995,1258 2991,1199 2706,1252 2528,1221 2269,1241 2221,1281 2102,1254 1756,1292"/>
                <Baseline points="1767,1353 1828,1345 1889,1336 1950,1328 2011,1323 2072,1316 2133,1311 2194,1306 2255,1302 2316,1298 2377,1294 2438,1292 2499,1288 2560,1285 2621,1282 2682,1280 2743,1276 2804,1274 2865,1270 2926,1266 2988,1263"/>
                <TextEquiv>
                    <Unicode>lohren, vndt solches dem khind zu trueren wollen, habe</Unicode>
                </TextEquiv>
            </TextLine>
            <TextLine id="r3l16" custom="readingOrder {index:15;}">
                <Coords points="1757,1453 2123,1387 2232,1436 2382,1377 2514,1413 2612,1360 2978,1371 3026,1316 2494,1308 1753,1382"/>
                <Baseline points="1763,1422 1825,1415 1888,1408 1951,1402 2014,1395 2077,1391 2140,1385 2202,1382 2265,1378 2328,1374 2391,1371 2454,1368 2517,1364 2580,1362 2642,1360 2705,1358 2768,1356 2831,1353 2894,1352 2957,1350 3020,1347"/>
                <TextEquiv>
                    <Unicode>er es deswegen weggeschikt vndt gar übell trattier</Unicode>
                </TextEquiv>
            </TextLine>
            <TextLine id="r3l17" custom="readingOrder {index:16;}">
                <Coords points="1733,1531 1938,1483 1982,1513 2241,1470 2301,1516 2378,1462 2940,1452 2917,1360 2724,1419 2399,1383 2228,1437 2129,1387 1729,1449"/>
                <Baseline points="1739,1502 1798,1496 1858,1490 1917,1486 1977,1480 2036,1477 2096,1473 2155,1470 2215,1467 2274,1464 2334,1460 2394,1457 2453,1455 2513,1452 2572,1449 2632,1446 2691,1444 2751,1440 2810,1438 2870,1434 2930,1431"/>
                <TextEquiv>
                    <Unicode>dasige das khind zu ihra khannen undt habe nit zum</Unicode>
                </TextEquiv>
            </TextLine>
            <TextLine id="r3l18" custom="readingOrder {index:17;}">
                <Coords points="1752,1611 2045,1556 2503,1570 2545,1535 2657,1567 2716,1537 2794,1584 2874,1523 2942,1538 2939,1456 2829,1488 2430,1469 2304,1518 2231,1478 1984,1515 1942,1485 1748,1527"/>
                <Baseline points="1758,1575 1816,1569 1875,1565 1934,1561 1993,1558 2051,1554 2110,1552 2169,1548 2228,1547 2286,1544 2345,1542 2404,1539 2463,1537 2521,1535 2580,1533 2639,1530 2698,1528 2756,1525 2815,1521 2874,1519 2933,1515"/>
                <TextEquiv>
                    <Unicode>vatter wollen, also habe sy es bey ihra behalten undt</Unicode>
                </TextEquiv>
            </TextLine>
            <TextLine id="r3l19" custom="readingOrder {index:18;}">
                <Coords points="1744,1653 1971,1625 2128,1644 2165,1678 2240,1645 2436,1648 2465,1617 2617,1615 2615,1547 2539,1537 2412,1584 2349,1550 2208,1596 2085,1577 2043,1612 1983,1565 1743,1617"/>
                <Baseline points="1752,1643 1794,1639 1837,1637 1880,1634 1923,1631 1966,1629 2009,1628 2051,1626 2094,1625 2137,1623 2180,1623 2223,1622 2266,1620 2309,1620 2351,1619 2394,1617 2437,1616 2480,1615 2523,1614 2566,1612 2609,1610"/>
                <TextEquiv>
                    <Unicode>aber anders mit den alles guts gelehrt.</Unicode>
                </TextEquiv>
            </TextLine>
            <TextLine id="r3l20" custom="readingOrder {index:19;}">
                <Coords points="1709,1754 2970,1735 2989,1672 2549,1628 1974,1697 1770,1643 1709,1675"/>
                <Baseline points="1718,1736 1781,1732 1844,1728 1907,1725 1970,1722 2033,1721 2096,1718 2160,1718 2223,1716 2286,1716 2349,1715 2412,1715 2475,1715 2538,1716 2602,1716 2665,1716 2728,1718 2791,1718 2854,1719 2917,1719 2981,1721"/>
                <TextEquiv>
                    <Unicode>Daß sy aber sich der sagnerey undt Zauberey angenommen</Unicode>
                </TextEquiv>
            </TextLine>
            <TextLine id="r3l21" custom="readingOrder {index:20;}">
                <Coords points="1722,1820 2986,1819 2986,1760 2884,1721 2786,1765 2700,1727 2277,1753 2215,1717 2122,1764 1983,1725 1722,1758"/>
                <Baseline points="1730,1799 1792,1796 1854,1794 1917,1793 1979,1791 2042,1790 2104,1788 2166,1788 2229,1788 2291,1788 2354,1788 2416,1788 2478,1790 2541,1790 2603,1790 2666,1791 2728,1791 2790,1793 2853,1793 2915,1793 2978,1793"/>
                <TextEquiv>
                    <Unicode>Das syge nit zwar habe sich sich wol etwas zu artznen</Unicode>
                </TextEquiv>
            </TextLine>
            <TextLine id="r3l22" custom="readingOrder {index:21;}">
                <Coords points="1755,1887 1870,1867 1987,1912 2096,1865 2188,1904 2399,1878 2449,1916 2690,1856 2826,1887 2848,1831 2650,1797 2418,1840 2305,1798 2244,1845 1882,1800 1754,1844"/>
                <Baseline points="1763,1877 1816,1874 1870,1871 1924,1868 1978,1866 2032,1865 2086,1863 2139,1863 2193,1863 2247,1863 2301,1863 2355,1863 2409,1863 2463,1863 2516,1863 2570,1863 2624,1863 2678,1863 2732,1863 2786,1862 2840,1860"/>
                <TextEquiv>
                    <Unicode>understenden, habe aber mit dan vaterliche sachen</Unicode>
                </TextEquiv>
            </TextLine>
            <TextLine id="r3l23" custom="readingOrder {index:22;}">
                <Coords points="1722,1971 1748,1980 1801,1957 1857,1982 1904,1945 1950,1942 1985,1973 2053,1961 2051,1879 1987,1912 1957,1912 1931,1887 1906,1897 1868,1869 1844,1892 1822,1881 1796,1900 1767,1906 1758,1896 1722,1911"/>
                <Baseline points="1730,1937 1756,1938 1782,1940 1808,1940 1835,1940 1861,1939 1887,1938 1913,1937 1940,1937 1966,1935 1992,1935 2018,1935 2045,1937"/>
                <TextEquiv>
                    <Unicode>dartzu gebrucht.</Unicode>
                </TextEquiv>
            </TextLine>
            <TextLine id="r3l24" custom="readingOrder {index:23;}">
                <Coords points="2891,1984 2900,1983 2909,1987 2922,1976 2939,1975 2929,1868 2913,1868 2896,1876 2890,1872 2880,1872"/>
                <Baseline points="2898,1977 2931,1974"/>
                <TextEquiv>
                    <Unicode>2</Unicode>
                </TextEquiv>
            </TextLine>
            <TextLine id="r3l25" custom="readingOrder {index:24;}">
                <Coords points="1725,2030 2081,2020 2153,2065 2399,2024 2618,2072 2964,2034 2965,1958 2649,1990 2600,1943 2522,1983 2441,1924 2309,1987 2066,1955 1726,1987"/>
                <Baseline points="1733,2013 1794,2013 1855,2013 1916,2013 1977,2015 2039,2015 2100,2016 2161,2016 2222,2018 2283,2018 2345,2019 2406,2021 2467,2021 2528,2022 2589,2023 2651,2024 2712,2025 2773,2025 2834,2026 2895,2027 2957,2027"/>
                <TextEquiv>
                    <Unicode>Ein�mahlß habe sy ein pfenwerdt geartznet, aber mit</Unicode>
                </TextEquiv>
            </TextLine>
            <TextLine id="r3l26" custom="readingOrder {index:25;}">
                <Coords points="1752,2103 2289,2094 2442,2143 2511,2095 2650,2146 2853,2101 2957,2131 2959,2060 2502,2068 2340,2024 2149,2066 2038,2022 1753,2050"/>
                <Baseline points="1760,2084 1819,2084 1878,2084 1938,2084 1997,2085 2057,2085 2116,2087 2176,2087 2235,2088 2295,2088 2354,2090 2413,2091 2473,2093 2532,2094 2592,2096 2651,2097 2711,2100 2770,2102 2830,2103 2889,2106 2949,2109"/>
                <TextEquiv>
                    <Unicode>anderß dartzu gebrucht, alß daß syselbiges innammen</Unicode>
                </TextEquiv>
            </TextLine>
            <TextLine id="r3l27" custom="readingOrder {index:26;}">
                <Coords points="1728,2167 1768,2149 1917,2195 2005,2153 2092,2219 2137,2176 2249,2198 2329,2169 2437,2213 2605,2180 2607,2106 2509,2096 2442,2143 2361,2142 2288,2094 2197,2133 2147,2088 2018,2125 1801,2118 1730,2085"/>
                <Baseline points="1736,2156 1779,2154 1822,2153 1865,2153 1908,2153 1951,2153 1994,2154 2037,2154 2080,2156 2123,2157 2167,2159 2210,2160 2253,2161 2296,2163 2339,2163 2382,2165 2425,2166 2468,2168 2511,2168 2554,2169 2598,2169"/>
                <TextEquiv>
                    <Unicode>der heiligen dreyfaltigkheit gesalbet</Unicode>
                </TextEquiv>
            </TextLine>
            <TextLine id="r3l28" custom="readingOrder {index:27;}">
                <Coords points="1749,2253 2980,2315 2982,2257 2877,2200 2765,2226 2611,2176 2485,2235 2345,2178 2277,2226 2169,2185 1881,2227 1753,2157"/>
                <Baseline points="1757,2238 1817,2241 1878,2244 1939,2247 2000,2250 2061,2253 2121,2255 2182,2258 2243,2261 2304,2263 2365,2266 2425,2268 2486,2271 2547,2273 2608,2276 2669,2278 2729,2280 2790,2283 2851,2284 2912,2286 2973,2288"/>
                <TextEquiv>
                    <Unicode>Wor gemandts etwas verrenckt habe, habe sy disere</Unicode>
                </TextEquiv>
            </TextLine>
            <TextLine id="r3l29" custom="readingOrder {index:28;}">
                <Coords points="1761,2304 1796,2327 1845,2312 1896,2348 1967,2349 1997,2324 2042,2348 2066,2345 2071,2269 2051,2258 1976,2285 1959,2266 1921,2257 1878,2281 1839,2253 1819,2269 1795,2255 1764,2263"/>
                <Baseline points="1770,2300 1796,2302 1822,2303 1849,2306 1875,2307 1901,2309 1928,2310 1954,2313 1980,2315 2007,2316 2033,2318 2060,2319"/>
                <TextEquiv>
                    <Unicode>wort gesprochen.</Unicode>
                </TextEquiv>
            </TextLine>
            <TextLine id="r3l30" custom="readingOrder {index:29;}">
                <Coords points="2151,2380 2182,2372 2161,2273 2155,2275 2143,2271 2129,2273"/>
                <Baseline points="2153,2348 2168,2345"/>
                <TextEquiv>
                    <Unicode></Unicode>
                </TextEquiv>
            </TextLine>
            <TextLine id="r3l31" custom="readingOrder {index:30;}">
                <Coords points="1749,2414 1846,2386 1886,2409 2031,2391 2078,2428 2103,2410 2481,2430 2486,2369 2363,2332 2263,2378 2213,2348 2160,2379 2117,2334 2034,2352 1997,2327 1940,2365 1911,2344 1850,2356 1756,2307"/>
                <Baseline points="1760,2373 1795,2375 1831,2378 1867,2381 1903,2384 1938,2387 1974,2391 2010,2394 2046,2397 2081,2399 2117,2403 2153,2406 2189,2408 2224,2411 2260,2412 2296,2414 2332,2415 2367,2415 2403,2415 2439,2414 2475,2414"/>
                <TextEquiv>
                    <Unicode>Eß grengen sirtzlin uber ein stein</Unicode>
                </TextEquiv>
            </TextLine>
            <TextLine id="r3l32" custom="readingOrder {index:31;}">
                <Coords points="1725,2452 1805,2487 1929,2456 1986,2496 2044,2468 2148,2498 2237,2477 2279,2504 2333,2478 2386,2512 2503,2500 2491,2431 2379,2457 2276,2418 2226,2454 2012,2406 1905,2426 1858,2391 1729,2405"/>
                <Baseline points="1734,2436 1772,2438 1810,2440 1848,2443 1886,2447 1924,2451 1962,2454 2000,2459 2038,2462 2076,2466 2115,2469 2153,2473 2191,2477 2229,2479 2267,2482 2305,2484 2343,2486 2381,2486 2419,2486 2457,2485 2496,2483"/>
                <TextEquiv>
                    <Unicode>Des Ehrrlin hat verreickt syn bein</Unicode>
                </TextEquiv>
            </TextLine>
            <TextLine id="r3l33" custom="readingOrder {index:32;}">
                <Coords points="1767,2517 1846,2514 1902,2559 2011,2526 2195,2581 2355,2550 2447,2591 2542,2551 2652,2585 2660,2459 2595,2493 2533,2467 2440,2514 2334,2479 2237,2522 2205,2488 2137,2520 2086,2474 1986,2496 1927,2456 1813,2490 1771,2457"/>
                <Baseline points="1776,2501 1819,2507 1863,2513 1906,2519 1950,2523 1993,2529 2037,2533 2080,2538 2124,2541 2167,2545 2211,2547 2254,2550 2298,2553 2341,2555 2385,2556 2428,2558 2472,2558 2515,2558 2559,2558 2602,2558 2646,2556"/>
                <TextEquiv>
                    <Unicode>sen saltz undt schmaltz undt salb sye bein</Unicode>
                </TextEquiv>
            </TextLine>
            <TextLine id="r3l34" custom="readingOrder {index:33;} person {offset:7; length:6;}">
                <Coords points="1752,2636 1873,2594 2140,2613 2279,2673 2381,2620 2498,2661 2720,2631 2847,2691 2911,2659 2915,2599 2713,2558 2463,2606 2356,2551 2303,2590 2145,2549 2080,2580 2009,2526 1902,2560 1759,2516"/>
                <Baseline points="1764,2565 1823,2576 1883,2586 1943,2594 2003,2601 2063,2607 2123,2611 2183,2615 2243,2619 2303,2622 2363,2625 2423,2627 2483,2628 2543,2631 2603,2633 2663,2635 2723,2637 2783,2641 2843,2645 2903,2649"/>
                <TextEquiv>
                    <Unicode>Juamen Gottes des Vatters des Sohns, vndt H. Geysts</Unicode>
                </TextEquiv>
            </TextLine>
            <TextLine id="r3l35" custom="readingOrder {index:34;}">
                <Coords points="1708,2656 1998,2744 2100,2706 2193,2748 2982,2796 2986,2752 2756,2693 2697,2730 2544,2635 2467,2695 2299,2699 2140,2614 1711,2621"/>
                <Baseline points="1716,2651 1779,2662 1842,2672 1905,2682 1968,2689 2031,2697 2094,2702 2157,2709 2220,2715 2283,2720 2346,2725 2409,2730 2472,2734 2535,2738 2598,2744 2661,2749 2724,2753 2787,2759 2850,2765 2913,2771 2976,2778"/>
                <TextEquiv>
                    <Unicode>Den pferdten für dan uegenandten habe sy gebrucht, Schmar</Unicode>
                </TextEquiv>
            </TextLine>
            <TextLine id="r3l36" custom="readingOrder {index:35;}">
                <Coords points="1747,2750 2745,2887 2945,2855 2951,2781 2502,2782 2457,2735 2393,2777 1751,2702"/>
                <Baseline points="1758,2724 1817,2734 1876,2745 1935,2753 1994,2763 2053,2769 2112,2775 2171,2782 2230,2787 2289,2792 2348,2796 2407,2800 2466,2804 2525,2808 2584,2812 2643,2816 2702,2819 2761,2823 2820,2828 2879,2833 2939,2838"/>
                <TextEquiv>
                    <Unicode>ober seyden in muteruulch gethan, aber kheine wort</Unicode>
                </TextEquiv>
            </TextLine>
            <TextLine id="r3l37" custom="readingOrder {index:36;}">
                <Coords points="1728,2799 1754,2808 1770,2797 1815,2840 1871,2829 1903,2845 1949,2824 1962,2836 1996,2834 2022,2865 2067,2836 2098,2844 2102,2814 2063,2789 2002,2811 1941,2772 1866,2792 1825,2743 1733,2765"/>
                <Baseline points="1736,2793 1761,2797 1786,2799 1811,2803 1837,2807 1862,2810 1887,2815 1913,2819 1938,2822 1963,2826 1988,2829 2014,2832 2039,2836 2064,2839 2090,2841"/>
                <TextEquiv>
                    <Unicode>dartzu gebrucht.</Unicode>
                </TextEquiv>
            </TextLine>
            <TextLine id="r3l38" custom="readingOrder {index:37;}">
                <Coords points="1740,2890 1919,2958 2031,2931 2311,3000 2419,2958 2480,3006 2579,2972 2875,3007 2895,2936 2779,2920 2715,2962 2608,2948 2541,2870 2306,2890 2066,2836 1882,2872 1744,2836"/>
                <Baseline points="1749,2879 1805,2893 1862,2905 1918,2915 1975,2924 2032,2931 2088,2938 2145,2943 2202,2949 2258,2952 2315,2956 2372,2959 2428,2962 2485,2965 2542,2969 2598,2972 2655,2976 2712,2980 2768,2985 2825,2990 2882,2997"/>
                <TextEquiv>
                    <Unicode>für des haltwehe habe sy den lnthen meiner halb</Unicode>
                </TextEquiv>
            </TextLine>
            <TextLine id="r3l39" custom="readingOrder {index:38;}">
                <Coords points="1749,2960 1897,3023 2128,3011 2275,3059 2347,3030 2407,3090 2480,3038 2694,3052 2956,3119 2952,3011 2835,3040 2777,2987 1955,2967 1756,2888"/>
                <Baseline points="1758,2948 1817,2962 1877,2973 1936,2982 1996,2993 2056,3000 2115,3007 2175,3012 2235,3017 2294,3022 2354,3026 2414,3030 2473,3033 2533,3038 2593,3042 2652,3047 2712,3051 2772,3057 2831,3064 2891,3072 2951,3081"/>
                <TextEquiv>
                    <Unicode>maß wyn ab lausendt guldi krant ze trinken geben</Unicode>
                </TextEquiv>
            </TextLine>
            <TextLine id="r3l40" custom="readingOrder {index:39;}">
                <Coords points="1754,3045 1910,3046 1948,3082 1985,3089 2032,3123 2160,3099 2167,3063 2079,3051 2055,3019 2031,3029 1995,2999 1936,3033 1895,3022 1882,3005 1837,2996 1810,2965 1771,2955"/>
                <Baseline points="1767,3023 1792,3025 1818,3028 1844,3032 1870,3037 1896,3041 1921,3046 1947,3051 1973,3058 1999,3063 2025,3069 2050,3074 2076,3079 2102,3084 2128,3088 2154,3092"/>
                <TextEquiv>
                    <Unicode>ihre mich sagen.</Unicode>
                </TextEquiv>
            </TextLine>
            <TextLine id="r3l41" custom="readingOrder {index:40;}">
                <Coords points="1735,3140 1856,3191 1921,3146 1971,3186 2743,3261 2916,3257 2922,3198 2425,3100 2095,3163 1885,3054 1745,3035"/>
                <Baseline points="1745,3117 1803,3131 1861,3144 1919,3155 1977,3163 2036,3173 2094,3180 2152,3186 2210,3192 2268,3196 2327,3200 2385,3204 2443,3208 2501,3210 2559,3214 2618,3219 2676,3222 2734,3227 2792,3231 2850,3238 2909,3245"/>
                <TextEquiv>
                    <Unicode>vernere sagnerenen oder wahrsagungen habe sy nit</Unicode>
                </TextEquiv>
            </TextLine>
            <TextLine id="r3l42" custom="readingOrder {index:41;} place {offset:26; length:9;}">
                <Coords points="1759,3220 2386,3304 2520,3274 2878,3320 2904,3273 1764,3159"/>
                <Baseline points="1769,3192 1825,3204 1881,3214 1937,3223 1994,3231 2050,3238 2106,3245 2162,3251 2219,3257 2275,3260 2331,3265 2387,3269 2444,3272 2500,3276 2556,3279 2612,3282 2669,3286 2725,3290 2781,3294 2837,3298 2894,3302"/>
                <TextEquiv>
                    <Unicode>gebrucht, sy habe zwar zu Zrgelwied von einem</Unicode>
                </TextEquiv>
            </TextLine>
            <TextLine id="r3l43" custom="readingOrder {index:42;}">
                <Coords points="1756,3268 2372,3374 2916,3389 2921,3319 2313,3308 2256,3271 1760,3221"/>
                <Baseline points="1766,3252 1823,3265 1880,3276 1937,3286 1994,3294 2051,3302 2108,3309 2166,3316 2223,3321 2280,3326 2337,3330 2394,3335 2451,3338 2508,3342 2566,3345 2623,3349 2680,3353 2737,3356 2794,3361 2851,3365 2909,3371"/>
                <TextEquiv>
                    <Unicode>knechten ein ßlaneten buch abkhaufft undt etwas</Unicode>
                </TextEquiv>
            </TextLine>
            <TextLine id="r3l44" custom="readingOrder {index:43;}">
                <Coords points="1737,3322 1888,3381 2207,3386 2247,3433 2351,3402 2444,3456 2532,3411 2897,3437 2902,3394 2378,3375 2216,3323 2143,3356 2089,3315 2015,3341 1953,3293 1843,3309 1743,3261"/>
                <Baseline points="1746,3306 1803,3320 1860,3332 1917,3343 1974,3353 2031,3361 2088,3369 2146,3376 2203,3381 2260,3387 2317,3392 2374,3396 2431,3401 2488,3404 2546,3408 2603,3413 2660,3417 2717,3420 2774,3426 2831,3432 2889,3437"/>
                <TextEquiv>
                    <Unicode>darin gelesen, aber nit gebrucht undt wolle es</Unicode>
                </TextEquiv>
            </TextLine>
            <TextLine id="r3l45" custom="readingOrder {index:44;}">
                <Coords points="1755,3390 1805,3407 1827,3395 1868,3420 1914,3420 1957,3456 2046,3471 2058,3418 2024,3412 1988,3384 1936,3393 1908,3375 1894,3384 1845,3346 1808,3346 1789,3315 1772,3318"/>
                <Baseline points="1767,3377 1792,3382 1817,3387 1843,3394 1868,3400 1893,3406 1919,3412 1944,3418 1969,3423 1995,3429 2020,3435 2046,3440"/>
                <TextEquiv>
                    <Unicode>verbeomnen.</Unicode>
                </TextEquiv>
            </TextLine>
            <TextEquiv>
                <Unicode>151
Vn dacnusi
von Ruedlingen, Jacob Beuggimans
haussel
die von Bendicht fischer Ihrem Dochterman, der
Segnerey undt zauberey undt daß sy ihme syan
dochter hinderrucks uß synem haußgenommen im
battell herumb gemehrt undt in derglychen bosen
funsten underwisen habe angeklagt worden be
khendt,
Sy habe ihrem tochterman, das kind nit hinder
rucks uß dem haus genommen, sondren er habe
daßelbige einem framer verdinget, so es albereit
bey5 wuchen gehalten, alß er aber etlich lynlachen ver
lohren, vndt solches dem khind zu trueren wollen, habe
er es deswegen weggeschikt vndt gar übell trattier
dasige das khind zu ihra khannen undt habe nit zum
vatter wollen, also habe sy es bey ihra behalten undt
aber anders mit den alles guts gelehrt.
Daß sy aber sich der sagnerey undt Zauberey angenommen
Das syge nit zwar habe sich sich wol etwas zu artznen
understenden, habe aber mit dan vaterliche sachen
dartzu gebrucht.
2
Ein�mahlß habe sy ein pfenwerdt geartznet, aber mit
anderß dartzu gebrucht, alß daß syselbiges innammen
der heiligen dreyfaltigkheit gesalbet
Wor gemandts etwas verrenckt habe, habe sy disere
wort gesprochen.

Eß grengen sirtzlin uber ein stein
Des Ehrrlin hat verreickt syn bein
sen saltz undt schmaltz undt salb sye bein
Juamen Gottes des Vatters des Sohns, vndt H. Geysts
Den pferdten für dan uegenandten habe sy gebrucht, Schmar
ober seyden in muteruulch gethan, aber kheine wort
dartzu gebrucht.
für des haltwehe habe sy den lnthen meiner halb
maß wyn ab lausendt guldi krant ze trinken geben
ihre mich sagen.
vernere sagnerenen oder wahrsagungen habe sy nit
gebrucht, sy habe zwar zu Zrgelwied von einem
knechten ein ßlaneten buch abkhaufft undt etwas
darin gelesen, aber nit gebrucht undt wolle es
verbeomnen.</Unicode>
            </TextEquiv>
        </TextRegion>
    </Page>
</PcGts>
