3024 4032
227 126 358 233 22.
834 164 1039 291 1641
1437 317 1552 460 Ap.
354 237 1477 534 erstlich alß y befragt worden, wir
399 394 1486 623 ge, dern sy zu underschidenlicher mahlen
378 477 1481 718 In ihrem behrt beherberget und mitwehen
408 574 1465 784 abents zu wrietigkhoffen fnden worden si,
388 667 1489 865 hatt sy geantmoctet. Er sir ein kaßgerigen
397 757 1477 967 vor Goldtbach pertig, scheiße Hanß Hage
385 843 1446 1008 su zunamen aber w�ße y nit, hab ein
397 924 1478 1101 rcht bättlin und ein syserfarb kleid an uff
399 1018 1462 1189 die fnethaler gattung, mit demselbigen
405 1106 1487 1271 hab sy sich ja leißder letstlich zu mittigkha
393 1215 1466 1362 und hievor auch so vil mohl mit fleisch
376 1277 1442 1418 licher wollust vertrapt, das sy die zahl nit
411 1363 1436 1502 wüße, und habe er doch glychwohl weyb
409 1448 689 1549 und kidt.
324 1533 1458 1669 Daß sy aber ihrem oern etwas entfreüb
389 1646 1448 1773 das vnd Ihme angehents habe, daß sye nit
379 1716 1425 1850 dan ollein, das sy ihme uff ein mahl ein
391 1798 1430 1931 wenig käsamlch, so übergebliben, zeeßen
394 1883 695 1991 geben habe.
299 1969 1438 2117 Das man sy dan habe secht vß dem Korehuß
369 2070 1441 2198 gahn, wille sy nit gestendig ge, sye zwar
376 2138 1430 2271 nit weniger, dan daß ein derer her
379 2215 1409 2350 einmahl offen gelaßen, welches sy aber
374 2294 1424 2451 erst alß es widerueb beschloßen worden
377 2379 1447 2533 erfahren. Ist sye aber niemantsdrinnen
374 2510 529 2596 ghren.
326 2537 1392 2697 Waß dan die wylspersohn antreffe, so
357 2631 1417 2804 Inn Igten zu ihre hab sollen komen syen,
380 2727 1398 2904 habe sy dieselbige nierahl gesechen,
390 2806 1439 2963 anderen erst nachwerts alß sy einen hoggen
348 2884 1397 3055 verlahren von dem Peter bim badhuß
359 2962 1408 3165 erfahren, das mithin ein fraww, da umb
374 3045 1359 3217 einanderen gangen, syge sy aber hab sy
360 3185 715 3312 nie gesechen
352 3222 1385 3383 Alß sy dan befragt worden, worumb sy
328 3273 1390 3492 ihre fleider und sachen von wirtigkhoffen,
360 3379 1407 3558 weggefergget habe. hatt sy geantwortet,
355 3428 1466 3662 selbiges sye nit beschechen, das sy etwan freete
332 3501 1396 3742 sachen hinde ihra ghag heigen, sonder, beserget,
1252 3620 1336 3699 das
2004 178 2214 311 1641
1556 187 2680 531 e n et
1594 286 2646 582 es werde Ihre Intwan gar hart zugesaht
1603 342 2669 666 en and e
1608 442 2689 729 sondern nur hinder dem schloß, ihme zun wo
1587 522 2676 825 die studen oder wedelen her baumgarten sygen
1618 560 2679 869 n en iaen ta
1614 663 2632 950 einem küntelnn, da werd man es sind
1615 789 2661 1093 I die eihenderchen wh
1587 863 2715 1159 remheren, etwas entfromket habe werd.
1599 1004 2689 1218 sich nit befinden, ußert, daß sy uff einmahl
1612 1065 2717 1307 der hußfrauwen ein kochnfer galen Rnekli
1605 1174 2651 1411 geben habe, sy hab Ihra aber zwey thag
1615 1250 2665 1463 helffen erbeiten, anders hab sy nüt ver
1615 1408 1985 1534 untreet
1581 1447 2695 1650 Aber ir ubrigen habe sy sich zu ihrer zugut
1603 1552 2668 1735 und hernach im witwerstand wider daß
1613 1650 2754 1807 sabende gepott mit unbüschheit und Gwrey
1643 1726 2647 1882 schwärlich versundiget, im dero sy sich
1639 1813 2639 1967 einsmahls mit Ulli Krayenbüehl von
1622 1934 1945 2016 Bumersbuch.
1610 1963 2695 2122 deß anderer mahls mit einem hier in der
1628 2079 2686 2203 statt, der ihre nachts nachgangen und das
1618 2148 2687 2289 liecht abgeblasen, ihne aber nit keinen
1626 2237 1826 2335 können.
1628 2305 2714 2475 Vnd deß drieten mit einem Jungen gsellet
1641 2416 2740 2553 so hie gedrecet und syn vatter Marti Muller
1626 2494 2776 2650 hab geheßen, mit fleischlicher vermischung
1632 2573 2688 2725 und unkuschheit vertragt und vergeßen.
1627 2651 2780 2815 habe, (das sey Ehra aber leid, vnd pette Gott
1624 2750 2691 2908 den hernn und ihr liebe obrigkeit umb
1622 2832 2172 2976 gnad und verzychueg
2170 2881 2279 2951 E
1575 2948 2770 3108 Ist obenmeßig den 26. noebris 1641 wegen zre
1602 3034 2827 3180 olterd, ob sy schor den bäsenmerit wol verdreit
1592 3081 2741 3285 hete uff ein censua ledig glößen und in im
1590 3171 2211 3296 heimat gwisen worden
2717 62 2826 171 23
