3024 4032
355 -31 465 56 8
458 130 1593 411 Im murlengepiert mit hilffeine
499 226 1501 411 seines gespanen lorent uf einem
501 320 1570 542 Käller eyten spack und kübelt
477 406 758 514 orcken.
461 479 1551 685 Byfräschelt uß einem käller durchen
502 570 1572 764 zngebrochene Türen mit hilff seinerge¬
460 649 1561 839 frauen g kübel vol anken 2 kösen rli
481 728 1529 919 ben Broht genommen, Soihnnen aber
487 803 962 955 abgezagt worden.
487 930 1574 1133 Wyter im Frybmeyer gepierten habee
495 1016 1570 1224 mit hilff syner gepanen vor 5 wochen it
487 1142 1550 1312 einem spycheren Hauß syngspan
490 1230 1546 1379 mit einem lieterich uffgelan, vndt
490 1307 1570 1459 Geörg Iß dem Elsoß 6. rök, 6cheili
481 1403 1542 1542 8. Eynlachen 2 gippen nachts vmlb
472 1490 1571 1640 a. uren genommen und obgedachtendster
472 1563 749 1669 bkoufft.
474 1648 1530 1783 Aduwenbergen Hersmeinen
485 1735 1522 1872 dorff in einer kachi uß einem
491 1803 1562 1959 Züber 68 strangen garn genommen
478 1876 1501 2016 da sy zu Fräschelt by 38 strangen
480 1947 1532 2086 2 erkaufft umb 6 gulden und erze
460 2042 1564 2165 seinem teil 4 gulden bekommen, diesber
375 2118 1536 2252 30 aber habe syn Correitz fre behalten
463 2208 1528 2381 By Fraschelb uß dem käller de sy de
471 2325 1495 2459 tuen vffgewogen nur leiben
448 2394 1345 2545 broht und ein kübli ziger.
499 2486 1547 2640 Im Fryburger geprett haben sy aber
393 2579 1500 2704 malen Vemennkaller brëchen
435 2651 1522 2802 wsöllen der buhr sye sy abler ines
440 2739 1537 2899 worden und hernß komen und er ußge
433 2813 1537 3013 heiß seiner gsellen mit steinen zuchat
442 2985 799 3101 gedorffen.
443 3012 1507 3217 dim brunnen im Ammental syeer
449 3134 1502 3294 und syne gesellen durch ein gätter
436 3182 1526 3388 so es gebrochen in ein käller hing
413 3247 1530 3514 geschloffen, und daselbsten ein anke
420 3360 1528 3561 bollen  köß und 10 leiben bercht genb
395 3450 1518 3697 Im Urgenw vor einem jar habe
406 3540 1503 3768 as einem trog uß einem dorff by
401 3654 1364 3862 krome 12 gulden entfromdt.
1628 51 2844 394 Im läntburger ampt is einem spycher
1626 126 2808 480 e
1653 271 2469 555 el der st
1662 333 2753 618 zu Hunziken im Argenw sye er mit
1656 404 2900 699 als lorentn Wolffe und deit obgedachten
1652 512 2753 798 Hansen zum Nachhinge gebrochen vndt
1657 573 2735 877 müt korn genommts, danuß sy 5 g.
1658 816 1842 942 gelißt.
1655 743 2685 1015 obarmale zu Hunziken mit obiger
1640 847 2755 1071 huff in ankenballen e leiben brocht
1646 976 2765 1199 seinem käller, da sy under dertigen
1648 1023 2647 1267 schwellen hinyn gebrochen, entragen.
1634 1151 2759 1394 zu Bürenrahth abe er mithilff seiner
1646 1276 2709 1471 gespanen uß einem spyßgade 3
1649 1347 2708 1505 leben brocht genommen vnd ouch vnd
1634 1443 2512 1616 dertünschwellen shmyn gebrochen
1646 1557 2685 1714 Aber molen im fryburg gepiett zu
1652 1668 2782 1797 Burpryn mit hilff seines gspanen
1654 1740 2783 1869 ueiner wittwen huß etwas ankems
1661 1818 2728 1941 shmars und brotsgestolen und zugleich
1648 1895 2742 2016 und der fürschwellen hmyngebrochen
1645 1964 2727 2098 hiezu habe sy ein gewüße wybs per
1659 2039 2775 2206 on Ursula genant zu Haßli sy Burg.
1650 2133 2686 2285 dorff Vorhafft angewisen, die er auch
1644 2199 2624 2358 byitagen, mit sich herumgzogl
2144 2287 2350 2370 In vsicht
1645 2275 2331 2425 und sich mit ihre gäßen.
1637 2364 2770 2531 So erdan nit wyt vorfryburg mit
1644 2447 2778 2592 ihrer hilff 4 leiben broht lß einem
1634 2499 2098 2640 K�ller genommen.
1648 2595 2738 2769 Im Buggisperg habe er mit hilff
1625 2673 2817 2850 synes gespanen lorentz wolffen uß einem
1616 2786 2820 2962 sspycher da sy zum tachhinyngebrochten
1613 2839 2781 3038 von 6 wochen 4 rok 4 hemli g ainlachen
1611 2912 2782 3099 und gellen hußtuch genommen und dar
1612 2989 2797 3197 von ihmme 2 g zu seinem teil worden.
1609 3065 2741 3288 Im murtengebüet habe er mit hilff
1608 3168 2676 3352 seiner gesellen uß einem spycher 4
1614 3245 2713 3466 rökgenomme und obgedachtem Sterchi
1608 3316 2134 3466 vmb 4 gl. v konfft.
1586 3386 2785 3620 zu Burwolff mit hilff seines gespanen
1585 3471 2713 3665 Grörguß einem kölle da sy und der
1600 3582 2685 3781 sochmellen hinyugebrocht1mit gensten
1607 3645 1853 3774 ntwagen.
2814 -23 2922 51 672
