3024 4032
313 12 425 105 144
891 108 1127 209 1642
487 111 1544 407 Obenthalb Erlenbach uß einem keller
486 226 1084 399 habe er vier käsen.
488 337 1605 633 und zu Wunis uß einem keller vierthalt
484 421 1127 573 koß entfrombden halften.
464 490 1590 762 entlichen dan, alß er und sür geharet
488 627 1585 830 uff diebsthäb ußgegangen, sy er eine
501 681 1539 899 mahls vff der wacht gestand vnd mit
1099 821 1455 896 1. Daß vorhebens
524 791 1570 993 teiner versechen gsin, sogemants
506 876 1318 1034 wahre, sy damit ze vertrylten.
473 966 1594 1198 Act seliche syn deß bemelts Hanß Buger
511 1094 1596 1275 vil und mangfaltige versehen und bekente
508 1189 1587 1376 diebstahl und unthaten, haben hochgemelt m
515 1269 1573 1428 so von und ohren gr schs schät und Bueger
507 1368 1569 1535 Dißer freyen laplichen statt dern uf ihe
489 1465 1454 1622 Eydt zu recht erkent und gesprochen
444 1594 1558 1764 Daßer dem nachrichder solle bekohlen werden
517 1700 1580 1857 der ihne ober uß uff die gewehrliche nicht
526 1795 1553 1919 tatt fh�ren, ihnde daselbsten mit dem
517 1880 1595 2031 schwert hyr haup abschlachen und also i
510 1982 1570 2112 ceyserlicher rechten von lebe zum los
522 2067 984 2223 heerichten solle.
485 2266 1525 2440 Obwohl hievon dißer Junge bub zu
505 2366 1588 2512 Schwarzerbung zum strangen erkent, von
488 2457 1591 2612 mynen h den rhäten aber zmm schreitver
510 2542 1595 2695 vertheilet worden, ist er vog boser wezeger
491 2626 1600 2813 und damit darden den dißmahlig zu Schre
478 2715 1585 2901 Beebnen sitzend Empfman vor eiberg
475 2804 1563 3015 I er y heche herlichkeit keine gebruch ges
505 2873 1613 3095 mögen, alhar gefehrt und fürgestelt worden.
469 2937 1617 3173 da dan ihme daß leben vor syner Ingeut
500 2994 1618 3297 wegen geschickt und er mit entegescheite
490 3106 1582 3404 gezeichnet und mit dem eidt verwisen
509 3227 1506 3478 worden sambstags 5 novebris 1692.
1576 2763 1633 2880 1
2121 114 2390 246 1642
1748 165 2813 501 ite Slen tant i
1573 290 1695 412 r.
1798 302 2738 550 von Riggisperg und Patruro
1873 370 2765 612 Rißling syn gewesne dienst¬
2112 536 2358 655 Maget.
1711 560 2773 832 Lachtem v Gn. Cheisten Bohlens dese
1652 685 2880 927 Weibelß zu Riggisperg und Latri Rißling
1661 772 2825 1016 shne gewehnen dienstmagk, shorgrichtliche
1637 861 2815 1122 Keufell, wegen ihres vnder einandere
1678 888 2840 1167 und zu ateraenen kidt
1639 1019 2833 1265 von Nynen hochln hernn der eherichteren für
1690 1083 2844 1309 und angebracht worden, Haben hochgemelt
1677 1226 2837 1440 az befunden, daß die sach ime beiden theilen
1699 1300 2840 1499 gntz ergpronusch, zwyfelhafftig und ver
1694 1365 2878 1571 erer geforschunge und erkundigung bedürh.
1678 1479 2797 1669 tig ge, deßwegen bevohlen, daß sy beider
1670 1568 2842 1767 Eßersohnen nochwahls vor strengern Mittlen
1688 1670 2793 1807 vnd aneendung der Marter, mit allen
1684 1769 2857 1924 ernst wortlich examinirt werden sollent, Also
1692 1841 2822 2019 ist soliches den 15. diß durch die Edlen
1668 1940 2856 2109 ehronveßen hr fr fr h und 15 her herr
1674 2055 2887 2155 Gabviel von vatterwyl von Kleineis
1681 2117 2872 2272 H Jacob Tillier Burhern von Bergern voer
1659 2204 2878 2361 grosen Schats E lyszs hern Großweibel ver¬
1703 2310 2848 2455 bers beschehen verrichtet und beider
1698 2403 2866 2534 persohnen nochmahls alleß ernsts und by be¬
1702 2497 2804 2624 treürung der marter zu bekantnuß der
1707 2574 2717 2705 rarheit erwahnt und gehalten worden.
1680 2667 2894 2860 Io den erstlich vorenzogne atruna Rißling
1700 2814 2903 2963 nochmahls by ihrer vorgehnden, einein Ehrsamen
1680 2878 2865 3026 Khorgricht furgegebner ynwendung verbliben
1678 2978 2886 3121 und hoch bezüget, daß alß sy ihme ein zytlang
1683 3040 2890 3219 für ein magt gedienet und by ihme in einer
1701 3127 2911 3317 talen doch absonderlichem bett gelegen, sye
1697 3252 2939 3402 er etlichemahl für ihr bett kommen und gesagt.
1697 3309 2921 3480 sy solle ihm Jederzyt mie noch bißhagwohl vnd
1694 3393 2932 3543 ehelich hußhalten, so begere er kein andere fraue
1689 3481 2912 3651 zu schlehen also sy, habe deßwegen ime offter
2727 3621 2908 3705 Mahl
2847 -10 2960 99 145
