3024 4032
347 -3 462 82 88
848 75 1177 216 1642.
2078 120 2376 260 1642.
1678 140 2827 450 Hr Bruuestein abermahls in ein spycher
576 141 1630 456 eis hichenen
1683 234 2921 536 ebrachen wollen, aber von den hünden abgetriben
550 232 1632 520 hilff yner gesellen, Fürei Heyche mit einem
534 340 1627 625 hagken vekthan, daruß ein par hosen 16
1709 455 1887 582 worden.
1672 344 2923 654 zu Ruten hab er uß einem yngebrochnen kelle
540 461 1580 644 lachen 8 brott zwo deckenen 12 heinl
1653 548 2315 729 Oetwas Cberts entragen.
539 529 1616 767 10 lb flachs, 2 par ihu ein hochen und e
1664 535 2913 826 In Doldistryl und Sigrristwyb hab er uß
540 619 1611 892 Niderer hut entfrueldet, davon ihne 2
1671 667 2907 879 trib hungetes In den Kelleri kilch und brott
532 720 1597 977 2 lynlacgen i driben 2 brott und ein hh
1690 816 2121 955 gesuht und gese
544 816 1008 981 an flachs worden
1658 877 2884 1087 Alß aber er hieruff von gott dem Herren mit
474 905 1623 1188 Zu Haßli einsmahls und dewnach auch
1681 963 2907 1166 freeckheit heimgesucht und an einem beim faß
504 1014 1603 1235 dem Kärzenberg habnit y in ein kellen
1678 1053 2826 1222 lei worden, habe syn freue, so da sonsten ohne
530 1124 1604 1326 und spycher gebrachen wöllen, aber verjagt
1677 1115 2910 1296 daß ganz diebsch und zu solichen sachen anreibendt
529 1211 729 1324 worden.
1691 1211 2893 1400 shin, yn stell veertretten er der kinden gehüttet
1668 1333 1732 1411 19
1687 1312 2845 1458 und sy mit hoff obiger gespanen, volgende
506 1290 1605 1519 zu Rätenbach habnit sy in ein keller zeberen
845 1394 1180 1464 und auch than
496 1394 1581 1589 des ein ghag siegli aber anderen vor ihren
1675 1404 2792 1561 dietsthäl begangen und ihme zugebracht.
518 1486 1180 1611 gsin, haben sy nüt find
1676 1493 1984 1650 also sah sy.
512 1576 1586 1762 In Lnterbach grabh hgent sy in ein sags
1647 1592 2797 1747 zu loge mit hatt eines syner gespanen uß
507 1679 1557 1827 zum lachhingu gebracht, degli sy aber
1656 1699 2822 1832 seinem trag den sy mit einem bil uffgebrochen
511 1765 1552 1910 nüt alß schuitz Korg und wyß jeder fuden
1657 1768 2789 1916 ey 10 f. gelts gefonden vnd ihme 3 F. vnd
513 1852 1286 1981 unzit daruß nemen konnen.
1677 1861 2526 2006 etwasbz zu ynero theil zugebracht.
487 1944 1575 2113 uff gmueg habeit y in ein spyche bee
1662 1968 2795 2131 Mit obiger hilff einem stareu zure fenster hinß
505 2053 1537 2200 wöllen, aler vngeschafft vor de hinde
1657 2066 2770 2180 gestigen und uß einem uffgebrochnen trag,
1665 2125 2776 2306 gerneten fadlen Jüchli und einscherlis entragen.
490 2132 986 2271 verjagt worden.
456 2211 1536 2362 zu Uigen uß einem spyche den h bem lach
1667 2234 2790 2402 Benthelb Meßen mit glychen hilff frrn im summer
489 2334 1542 2462 uffgebrochen, 2 mäß mahl und ein bechen
1679 2350 2796 2504 usmein tag, den y mit einem biel vffge¬
488 2419 963 2558 fleisch genomen.
1670 2408 2476 2586 brechen 2f und 4 prangen fr.
467 2476 1555 2643 und zu runtigen Oßemein huß, da er v
1636 2504 2798 2701 zu frauebauwen hab gemelte yr fr mit holff
479 2577 1555 2759 nacht gelegen by 4 lb fleisch uß einem f
1639 2612 2739 2772 keins eines kiderlenders und füer fraue
1621 2695 2751 2884 fergenant, dem Schnyder daselbst vß seiner
492 2710 634 2848 huß.
1630 2760 2771 2960 tag, den y mit ehinem biel uffgebrochen.
446 2739 1521 2964 zu dattenwyl habe er mit hieff eüer
484 2858 1526 3019 frauwen Gegsler Elsi genant) mit einem
1626 2864 2811 3073 50 t gestolen, davon ihme by 15l und etlich
1628 2945 2776 3142 lisen worden, daruß er einen kram gekaufft
479 2958 1232 3108 schröttysen in ein spyche
435 2983 1535 3203 und dan zu Belx einsmahls und de et
1615 3030 2699 3228 und sich hiemit deß diebschen wäsen entzuchen
473 3084 1526 3285 mahl fern zn ußtagen zu Rersersz fr de
1629 3123 2747 3292 wollen, sye aber hernach krank und cam worden
1621 3198 2191 3362 und das gelt veraynet.
465 3147 1518 3365 kellen brechen wollen, aber alle wrey s
455 3300 1285 3462 vor den hinden verjagt worden.
1603 3261 2910 3544 vor zweyen jahren hab yr w mit obiger haff uß einem
440 3332 2818 3602 zu Kornen ir ei keller gebrochen, vor ei cg, daen sy auch mit mein bel geoffnet 165 san
418 3420 1510 3692 jahr und daruß 4 leiben bert by 18 mrgen
1587 3477 2811 3697 gelt etlich fühli d galle und haben genommen.
461 3475 1502 3743 eystig gare und ein halb maß Schwilz
1585 3563 2724 3764 und davon ihm 5h und etlich h ze bacht.
1368 3612 1487 3761 zu
469 3698 750 3822 entragen.
2601 3734 2751 3838 und
2892 20 2998 148 99.
