3024 4032
298 18 410 95 160
490 220 1604 458 Daß dan um vierben ihm fürgehalten
492 298 1577 536 erde, er habe einem meuger einroß
486 376 1574 619 ab der weid genomen und selbiges biß
482 454 1600 681 ins Baßlerbirtt geridten sey ezwar nit
495 541 1588 766 weniger, als auch daß er das beschlagen
463 590 1594 836 Mäßer entzukl er seye aber von Irg
494 694 1529 905 darumb albweidt abgestrafft und
505 757 1579 953 Eydlich zwisen, hernach aber niderumb
495 823 1551 1010 begnediget worden, die wilbernen
514 928 1624 1125 Breler aber habe er gantz nit entfromb
519 991 1599 1192 de und hab sich auch domahl uff ihne
519 1086 1602 1273 nit erfinden kömen, ungeaht mo
511 1157 1572 1327 Hanß und übwrige syne widersechen
522 1247 1604 1426 schon domal wie Jez widerumb allen
526 1344 1610 1534 hand anklegten herfür gsucht ime
520 1440 1244 1589 In unglück zebringen.
523 1522 1626 1726 letstlich dan das ihmme getruwet werde.
550 1637 1571 1784 als solle er die jenige persohn, so vor
556 1727 1604 1879 etwas Jahren Zu Ins vff dem Mors
536 1828 1621 1960 todt gefunden worden umbgebracht
544 1909 1611 2042 haben das werde sich nimnermehrbei
556 1984 1654 2116 finden wolle aber hiemit zr g dmelden
559 2066 1614 2219 wohor ihm diß böse geschrey uftrochen
549 2165 1599 2311 worden, Eb habe der nach rihlen zu
551 2240 1583 2380 Soloturn keinkind ghan und ihme
541 2285 1648 2522 hiemit vnder dem Schyn als wanes
564 2345 1672 2606 gar gutt mit ihm meinte angemutet
562 2445 1599 2647 er solle ihmme einer seiner sohnen
550 2508 1615 2746 zubergeben, welches er auch gehan, ihme
529 2601 1623 2829 den sohn geschikt, wylen nun er ihme
549 2679 1615 2956 gantz geheßig und uffsitzig worden undt
550 2788 1594 3007 eben domals diser Todtners Non
549 2821 1657 3128 gfunden, vnd den Argwor des Mandts
550 2908 1624 3191 vff ihnne gefallen, habe ir seinen sohn
519 2997 1589 3275 dergstalten geschlagen und geplagt
534 3084 1645 3376 uff das er ihmme sage, ob nit sein vatter
520 3172 1612 3457 den manenmörl, als aber seine sohn
544 3279 1568 3532 nüt darvon waßen und anzeigen
540 3313 1637 3613 wöllen, habe er eedlich ihne mit dem
532 3381 1626 3688 Tungsen solcher gstallen gemarteret
535 3504 1600 3798 das der krabtß frecht suere manter
958 3714 1214 3853 NB. R.
1696 66 2755 497 gle
1703 128 2760 538 ee
1716 182 2754 594 e
1708 448 2782 866 geel
1724 560 2819 914 gegeecher
1727 624 2801 990 d
1717 693 2790 1057 enan
1721 799 2732 1115 nde gt
1723 914 2736 1182 hiemit die wortheit antag kommen, wie
1722 992 2756 1268 in sich den dß orts vff hrn Leüwdo¬
1734 1089 2752 1353 mäligen vogt zu Erlach und zrn ey.
1739 1181 2683 1402 man selbiger Zeit Landtschayber
1720 1264 2806 1490 doselbsten beruffe die dan den Man
1733 1339 2764 1576 bichtigen laßen vnd aber gantz kein
1731 1463 2714 1663 zechen finden können, dardurch man
1727 1541 2790 1740 hette gesparen mögen, das der man
1751 1647 2436 1806 undtamnet worden.
1731 1768 2795 1977 Wyn die sachen sich nit also befunden, ist
1746 1883 2746 2044 er neben einer guten Censul widerumb
1762 2019 2206 2142 ledig gelaßen worden.
