3024 4032
204 113 316 216 46.
741 178 966 294 1642.
392 254 1394 478 Baechasar Burgenthaler von
514 386 1400 556 Langname sonst langnauwer Bals.
449 491 1421 740 Hanß Mitliman von Mooßmeester
727 617 1029 746 by dann
465 723 1368 901 Hanß Ellenberg der schmuacher
656 827 1135 975 von Eeggestein
464 911 1355 1097 Barbara Eyg, am renz by
768 1035 1094 1167 Enggisten.
223 1169 1480 1352 Eachdem disere zwey ersten buben vorihr
340 1279 1464 1417 gefahr zechen thagen zu keggistem, alser
352 1378 1482 1518 sy vnd erschidenliche diebstahl begangen zehalen
335 1453 1457 1595 azig wahren, erkundiget vnd so wohl sy
349 1536 1490 1670 also auch etwas von den entfraeldeten zug
358 1624 1456 1743 hinder Hanß Ellenberg dem Schumacher
343 1714 1487 1861 und Barbli Fyg beid by Eeggistein wohnhafft
1275 1797 1406 1857 e
353 1808 1468 1939 gefunden und ergriffen, volgents daruff
335 1895 1483 2019 dem freyweibell zu Biglen gefenklich el
339 1972 1466 2139 hero geschikt worden, hinden sy daruff iß gren
348 2069 1472 2180 befelch durch die eherentoßten etc. Sy dani
349 2146 1468 2290 M�ller deß kleinen mr franz von Borstetth
354 2220 1470 2401 daß großen rhatts h Großweibell Lerben
343 2304 1472 2480 In lysgr Etlicher Josg dienern der weiblen
360 2348 1481 2561 anfengklich ernstfe�tig examiniet, hernache
366 2465 1481 2609 aber mit der marter gewendung exami
365 2535 1471 2699 mit vnd Ihres thun vnd laßens halben be¬
361 2660 784 2808 fragt worden.
523 2754 1086 2946 Barbaras E
278 2848 1490 3060 Disere ist von deßwegen hr Irsy banden geschilt
314 2930 1456 3184 worben, daß sy etlicher besen buth ein zyrt
287 3042 1472 3296 dahero statt vnd blaz solle gegeben haben, wie daß
291 3129 1444 3372 auch selbige zu ihrem huß mit sampt etwas
327 3204 1451 3442 enttreibdeten zugs gefunden sind, Ist Martin
310 3271 1471 3567 Pfellers, so sich vor ohrgfhar 3 sad 3 jahren solls
316 3368 1476 3701 lybloß gemacht hatt, erhlich hinderleßne mit
311 3481 1463 3790 frauw, nun aber schwangern lybs von Einer
1287 3594 1447 3675 Lam.
1485 370 1600 501 pus.
1879 190 2175 314 1643
1554 116 2707 591 gee und
1571 417 2776 826 e e
1573 513 2762 921 gee  ench
1573 606 2739 983 dn  hel
1543 742 2671 1072 deßalmusen geforderet, herwacher aber
1563 823 2688 1154 e erechtend
1561 941 2712 1247 by lahen pbet, ancben, fleish und käsen,
1600 1042 2764 1326 ewie s Jenamen sant Gfellers vnd Ben¬
1581 1146 2697 1395 icht gflegn ghie, daß habe sy ihnen abkaufft
1574 1256 2756 1521 dnd nit vermeint, daß es fetwas schaden solte,
1576 1362 2767 1583 weyters aber habe sy ihnen nit abgenomen und
1587 1417 2801 1676 sy euch zwor nach darnach nit mehr beherburget
1563 1548 2758 1768 shrte au auch neit schan, so sy es ihre nit abgetroüt,
1523 1700 2748 1946 Die geghen so sy bendicg schattell entbrömbdet
1575 1849 2661 2030 habent sy dee Hernan schnyder zu Baßli
1544 1964 2771 2120 by Bargdorff, wie daro sonst, auch mithin ander
1568 2045 2760 2217 zug gebracht, vnd sy Ihnen daro mit algenomen.
1543 2191 2687 2392 Aiß mir ihre aber auch fürgehalten, daß sy
1581 2316 2711 2461 saler Jenkuschen thatten halben verdacht yge
1589 2385 2743 2578 hatt sy selbiges ir keinen weg nit gestendig
1583 2487 1837 2633 syn willig.
1664 2583 2693 2794 Ist mit dem duriysen gewarteret worden.
1551 2710 2683 2924 Izwer hab sy hievor alß sy noch zu walkein geg
1586 2826 2685 2984 Hußwar von Hanß Als ein dackbett umb
1588 2884 2685 3061 u abkaufft, der hab ihro aber fürgeben, er habe
1592 2966 2606 3172 es zu Burgdorff uff dem marit erkaufft.
1595 3095 2677 3320 Disere Barbara Egg ist den 6. jan 1642
1596 3191 2748 3417 sich zus küüftig vor derglychen boßen ynzugen.
1595 3283 2681 3496 zhuten, anderen zum Exempel 2 vundt ag
1609 3366 2693 3607 daß Halßysen gestelt und ledig gelaßen
1610 3458 1770 3578 worden.
2738 21 2840 107 47
