3024 4032
254 77 340 165 38.
849 151 1109 271 1641.
286 198 1367 436 nach disem haber sich zu Lengraude
369 322 1488 550 Fleikinger in drimis begebtn und ihme by
1348 362 1532 519 6bes
348 447 1514 652 7. Buchen lang gearbeitet und deß Hhart
354 505 1531 763 3 lz zu lohn bekommen. Also er aber vorihn
357 626 1520 845 komen hab er widerumb ein zytlang sich mit
370 710 1522 925 bäsermachen fürbringen müßen, herrachen ale
366 821 1517 1019 widerumb dienst gesucht und zu thun lyb
354 918 1522 1108 schidenlichen meistern alß Hanß Ctaci wil
357 1013 1512 1186 heler Berner Jacob Vogler Caspar Bell
349 1100 1507 1263 und Jacob Wyrni im roßgarten, so well
348 1193 1506 1379 Ier saten alß sohsten gearbeitet und erlich
338 1295 1512 1491 verhalten, auß dan er begere, das v  selbigen
353 1393 1503 1558 syue meister synes verhaltens halben befegen
356 1489 1468 1649 laßen gochten, habe sich hiemit Jederhist
352 1572 1489 1728 mit ehrlicher handerkeit gernderhacken be
330 1674 1497 1829 flißen und sit syner letsten gefangenschafft
315 1745 1117 1901 nüt boses verbracht, usert.
306 1847 1494 2026 Daß er Vater Teüthart von St. Steschan hein
324 1944 1476 2086 alten meister einen silberwe bacher genomen
308 2033 1487 2149 und denselbiger zu Th umb 6 f verkanfft
321 2118 1466 2244 er habe ihme aber synen lehen so er by ihme
316 2185 1450 2338 verdienet nit wëllen geolgen laßen
277 2276 1468 2459 Denne so habe zwar die Mattenpfisterin
276 2389 1406 2534 Stephen Gingi ein rock vnd sein bacher
287 2469 1483 2629 antfroebdet und ihm denselbigen heßkauff
299 2561 1430 2724 gehen, da er dsn den becher zu underseigen
254 2636 1454 2809 und den rock zu thun verkuefft, vnd vor
262 2730 1462 2903 ihra 2 ell haßlech zu lohn bekemmen, da man
214 2821 1434 3000 zwar ihne iro zig ghan, alß ob er eis gethan
278 2940 1045 3084 hatte, so aber gantz nit syge.
229 2961 1449 3160 Wyders und Verners hab er nit begangen und
263 3096 1444 3247 abscheen alle marter an ihne solte gewent werden.
255 3160 1450 3343 konte er doch verners, so er ihne selbs nit und
257 3234 1450 3450 recht thun wolte, nit bekennen und ob er schon
254 3331 1448 3549 Vor 2 Jahren vß der gfangenschafft gebelcht
235 3442 1431 3653 sye doch solches nit ußtrib bößer gewüßet,
247 3529 1434 3761 sondern uß forcht der strenge der matter be
1163 3623 1406 3736 schechl
1985 182 2242 315 1641
1577 153 2778 535 r aen gearh
1599 237 2781 600 enlasender e
1590 339 2770 689 eand wallen e
1610 440 2771 766 zn licht obrigkeit viele grad vnd verzychen
1584 546 2698 815 und tshuser, mit erpietung so er
1594 599 2769 920 uß handen der gefahigenschafft widerumb erlaßen
1603 708 2762 975 wurde, er zin laben also anstellen wolte, dz kein
1598 783 2740 1028 vermee kegt vor ihme nit mehr solte gespert
1608 865 2820 1122 worden, hette sich auch niemahls  museigang
2047 1018 2132 1080 s
1594 963 2687 1207 deß veebschweiffens ergeben, so er nit von
1593 1024 2768 1314 syne fremnen, die ihme in der hußhaltuug kein
1593 1125 2833 1381 gut Ihn wollen sondern andere Manner lieben
1547 1215 2788 1444 alß ihne gesechen, (ware verzesachet worden von
1610 1413 1904 1528 gß gesphachen.
1571 1342 2808 1585 Ist den 28. dee 1641 mit einer eydtsglebt von statt und
1580 1452 2837 1607 land und sich im der nechstkünftig werbenden kanplichth dienst
1582 1532 2415 1695 In frenrichen zebegeden gewisen werd
1833 1528 2528 1716 dun Geis von Zoffingen
1538 1703 2752 1868 Eß ist zrar disere verschinen natteschlaheit, wegen
1584 1828 2751 1948 atwas by shros gehagten argnöüischen zugs gefark
1590 1928 2837 2035 lich zugezogen und exammert worden hatt aber anders
1599 1978 2719 2114 mit bekennen wöllen, alß daß Ihro dzs zug vor
1591 2067 2727 2194 einer frauwen ploch Bumplig ze tragen syge uff.
1596 2159 2735 2284 geben worden, vnd daß y sich hievor on einen
1591 2229 2741 2369 gsellen uß dem Cucerner gepiett gehrest und
1585 2303 2728 2449 mit demselbigen dev hur Hurenleben herueb
1586 2379 2736 2530 gezogen und deßwegen auch vor er sy mit dem
1595 2458 2759 2604 Schalenwerck abgestrafft worden, I daruff
1599 2542 2775 2730 mit einer stercken deniur zu verbeßerung ihres
1596 2640 2794 2818 ebens vnd ehrlicher handerbeit sich zeendernemen
1579 2696 2765 2898 In Ihr Keinet gewisen worden, Sohntags abes
1579 2789 2769 2977 den 26. diß nohnats deo 1641 nebent anderen
1580 2873 2776 3105 dreyen nachtemelten wybepersohnen zu Biglen
1583 2963 2757 3154 von den landtlichten daselbst wegere etwas ver
1584 3045 2750 3288 lohrnen zugs, alß ii argwonsche persohn er
1570 3113 2743 3335 geiffen von dem eregweibell alhar geschikt und
1554 3188 2749 3446 durch h droßweibell lerber ihr by yn h abegang
1543 3262 2760 3510 Im gooffs zum s mit ernstigen worten exami
1559 3359 2737 3604 nit worden. hatt sy sithera nüt böses zu einichen
1567 3464 2788 3701 weg, begangere zehalen gestendig syn wollen, sondern
2574 3652 2749 3760 sagt
2795 66 2921 178 39l
