3024 4032
340 -1 459 73 150.
325 1294 483 1447 de
948 82 1247 216 1642
759 230 1625 481 endiche Gantlisperger
767 356 1622 556 von Langnaue gnes hantwerken
985 457 1384 578 ein wäbte
480 516 1664 811 wandem dißer, alß vor dißer lings
549 666 1649 850 berschreite und zum offernmahl albereit
544 765 1671 943 In verhafftung geleger bendicht dmüt
564 846 1656 1058 lesperger von Langnauw vor ohngefahr
549 938 1612 1103 verzechen thahen zu Riedt ab einer
547 1046 1669 1185 spycher ergrihten und von dem Freyweibel
555 1124 1634 1310 von Biglen gefenklich alher geschickt
579 1236 1677 1413 worden. Ist er iß fr gr bekelch zinstagt
562 1316 1669 1506 der b. diß ir byscunde dlen E. fo f. vnd .
755 1426 1647 1575 e Nican� Lombach vom kleinen
570 1517 1669 1688 h Danid michel vor großen schat e
589 1614 1653 1764 einel lerber Grostreibels vnd etlichen
564 1707 1655 1830 weiblen pynlich exammirt vnd berag
582 1789 1658 1916 worden, da er dan mit und ohne natthr
576 1867 1634 2034 verjahrn bekent und erhalten wie volget
551 1989 1649 2145 erstlich, daß er albereit zum witten
588 2094 1660 2234 wahl zu Drachselwald, daß erst mahl
556 2173 1655 2355 sonder h steiger, das ander under e wymbh
580 2276 1664 2399 und das dritte mahl vnder jezmahligen
575 2353 1637 2522 h lantvogt Früschiig vor einem jahr
586 2432 1634 2644 ge gefangen gelegen, habe damahls
588 2520 1652 2739 alleß daß jenigen waß er begangen ghan
580 2612 1668 2795 angeben vnd bekent, wie soliches auerte
583 2706 1657 2903 uffgescheiben worden und zufinden sy werde
594 2803 1614 3008 sye darüber deß fiten mahlt alher
575 2872 1655 3137 In deß Schallerwerk geschmidet worden
593 2937 1629 3207 das er den vber soliche zechtigung vnd
605 3065 1610 3300 versprochene besferung, leider noch
624 3141 1625 3391 nachvolgende diebshal begangen und
609 3352 1003 3470 verebt habe.
573 3341 1631 3621 Alß ir syner zugent habe ihn syn tottes
615 3398 1635 3677 mit ihm in ein huß geführt, da er gear
1420 3593 1613 3697 da
611 3497 1661 3776 beitet, In der filcheren Lauperswyl
1627 255 1693 358 .
2109 56 2448 191 1642.
1744 104 2894 417 Da habe er ißt einem trag, der offen
1746 217 2976 503 gestanden, ust einer darin gelegnen seckell
1757 321 2828 575 by ohngefarlich 3 l gelts genommen.
1718 433 3016 724 Im Kntlibuch hab er daß alnusen gehaushen
1734 551 2910 803 da zu Satlerbenz der vor Zwölf jahren
1755 619 2944 872 ahre gerichtet worden zu ihm kommen, mit
1757 715 2905 936 deßen haff er ußt einem spycher, etlich
1756 791 2966 1002 käsen und brot genommen, die käsen aber
1765 886 2961 1127 syen ihnen widerumb abgejagt worden und
1778 1003 2615 1186 nüt also die brot verbliben.
1759 1121 2961 1318 Nit glichen hilff habe er zu Cauperswyl
1776 1208 2945 1419 uß einem spycher, 1 käß, fleisch und brot
1780 1297 2896 1481 genommen uß dem käß 3f erloßn
1780 1396 2981 1562 und den halbig theil davon bezogen, daß
1772 1495 2950 1663 übeig hab nit sy ihr der schwelli versteckt,
1777 1581 2902 1727 man habe es aber gefind vnd ihnen
1778 1686 2434 1809 widerumb abgenomen
2499 1741 2611 1858 len
2406 1815 2457 1872 n
1767 1778 2873 1949 zu Geißbuehl habe er einen pycher
1774 1897 2937 2027 mit einem holzien rohrlin und ysenen
1776 1968 2905 2116 ggklmen schloß vesprochen und
1797 2059 2529 2209 druß ei fäß entragen
1772 2140 2941 2319 zu Langenthal habe er In einem pgcher
1776 2267 2898 2425 ein groß schloß, so daran gsin vefbrochen
1782 2351 2700 2485 und daruß ein bsot genommen.
1754 2444 2893 2622 zu Otermundigen habe er von ehegfehrd
1766 2540 2882 2691 sacht wuchen uß einem soycher, daran man
1779 2642 2909 2795 den schlußell vergeßen ghan, by 8 mäsen
1774 2703 3030 2884 korn einer beltz und etlich wallenkahmen
1767 2811 2943 2988 indachts enttrombdet vnd alhar trag wollen,
1782 2890 2881 3057 Ie ihme aber von den rechtern bim Thor
1792 3004 2897 3126 abgenommen worden und habe er sich da
1797 3090 2464 3232 rüber wider fortgemacht.
1770 3147 2952 3360 Eeistlich der habe er vor ehegfahr 12 hagen.
1786 3282 2914 3412 sich ins Elßaß begeben möllen und under
1791 3373 2940 3504 gegens zu Riedt uß trib hungers einen
1777 3426 2945 3620 Eycher mit einem schörlin und ysenen hagklinen
2766 3566 2890 3651 Aff
