<?xml version="1.0" encoding="UTF-8" standalone="yes"?>
<PcGts xmlns="http://schema.primaresearch.org/PAGE/gts/pagecontent/2013-07-15" xmlns:xsi="http://www.w3.org/2001/XMLSchema-instance" xsi:schemaLocation="http://schema.primaresearch.org/PAGE/gts/pagecontent/2013-07-15 http://schema.primaresearch.org/PAGE/gts/pagecontent/2013-07-15/pagecontent.xsd">
    <Metadata>
        <Creator>prov=University of Rostock/Institute of Mathematics/CITlab|PLANET AI GmbH/Gundram Leifert/gundram.leifert@planet-ai.de:name=German_Kurrent_XVI-XVIII_M1(htr_id=19584)::::v=2.6.7
prov=University of Rostock/Institute of Mathematics/CITlab|PLANET AI GmbH/Tobias Gruening/tobias.gruening@planet-ai.de:name=de.uros.citlab.module.baseline2polygon.B2PSeamMultiOriented:v=2.6.7
prov=University of Rostock/Institute of Mathematics/CITlab|PLANET AI GmbH/Gundram Leifert/gundram.leifert@planet-ai.de:name=German_Kurrent_XIX_comb-Huber_M2(htr_id=23847)::::v=2.6.6
prov=University of Rostock/Institute of Mathematics/CITlab|PLANET AI GmbH/Tobias Gruening/tobias.gruening@planet-ai.de:name=de.uros.citlab.module.baseline2polygon.B2PSeamMultiOriented:v=2.6.6
prov=University of Rostock/Institute of Mathematics/CITlab|PLANET AI GmbH/Tobias Gruening/tobias.gruening@planet-ai.de:name=/net_tf/LA73_249_0mod360.pb:de.uros.citlab.segmentation.CITlab_LA_ML:v=2.6.6
Transkribus</Creator>
        <Created>2020-10-05T12:43:12.414+02:00</Created>
        <LastChange>2022-09-09T16:32:52.203+02:00</LastChange>
        <TranskribusMetadata docId="1334822" pageId="52360241" pageNr="49" tsid="114642001" status="IN_PROGRESS" userId="9570" imgUrl="https://files.transkribus.eu/Get?id=LWATRFGWWEMKVUKNPBCMQEMF&amp;fileType=view" xmlUrl="https://files.transkribus.eu/Get?id=HRERFRRAUJETJOQRUILBCADK" imageId="16049095"/>
    </Metadata>
    <Page imageFilename="IMG_3559.jpeg" imageWidth="3024" imageHeight="4032">
        <ReadingOrder>
            <OrderedGroup id="ro_1687513762329" caption="Regions reading order">
                <RegionRefIndexed index="0" regionRef="r1"/>
                <RegionRefIndexed index="1" regionRef="r2"/>
                <RegionRefIndexed index="2" regionRef="r3"/>
                <RegionRefIndexed index="3" regionRef="r4"/>
            </OrderedGroup>
        </ReadingOrder>
        <TextRegion orientation="0.0" id="r1" custom="readingOrder {index:0;}">
            <Coords points="224,1587 224,1689 321,1689 321,1587"/>
            <TextLine id="r1l1" custom="readingOrder {index:0;}">
                <Coords points="211,1636 225,1641 229,1638 249,1652 262,1648 295,1654 320,1653 334,1583 313,1580 308,1584 301,1579 289,1583 266,1572 255,1559 241,1562 227,1558"/>
                <Baseline points="224,1611 255,1616 286,1624 317,1629"/>
                <TextEquiv>
                    <Unicode>wegen.</Unicode>
                </TextEquiv>
            </TextLine>
            <TextLine id="r1l2" custom="readingOrder {index:1;}">
                <Coords points="298,1702 307,1701 312,1702 316,1707 328,1707 328,1651 298,1652"/>
                <Baseline points="306,1677 321,1677"/>
                <TextEquiv>
                    <Unicode>1</Unicode>
                </TextEquiv>
            </TextLine>
            <TextEquiv>
                <Unicode>wegen.
1</Unicode>
            </TextEquiv>
        </TextRegion>
        <TextRegion orientation="0.0" id="r2" custom="readingOrder {index:1;}">
            <Coords points="276,50 276,200 342,200 342,50"/>
            <TextLine id="r2l1" custom="readingOrder {index:0;}">
                <Coords points="268,167 306,164 322,173 334,170 340,176 349,176 349,63 342,63 336,69 315,66 298,74 289,69 282,72 268,69"/>
                <Baseline points="276,150 309,150 342,150"/>
                <TextEquiv>
                    <Unicode>69</Unicode>
                </TextEquiv>
            </TextLine>
            <TextEquiv>
                <Unicode>69</Unicode>
            </TextEquiv>
        </TextRegion>
        <TextRegion orientation="0.0" id="r3" custom="readingOrder {index:2;}">
            <Coords points="255,205 255,3882 1500,3882 1500,205"/>
            <TextLine id="r3l1" custom="readingOrder {index:0;}">
                <Coords points="810,271 881,311 920,298 977,311 1012,294 1057,296 1118,327 1129,254 1101,244 1050,196 996,169 972,172 921,142 881,169 826,167"/>
                <Baseline points="821,249 847,252 874,256 901,260 927,263 954,267 981,271 1008,275 1034,280 1061,284 1088,291 1115,297"/>
                <TextEquiv>
                    <Unicode>1642</Unicode>
                </TextEquiv>
            </TextLine>
            <TextLine id="r3l2" custom="readingOrder {index:1;} person {offset:2; length:12;}">
                <Coords points="493,420 1042,482 1292,588 1464,561 1486,419 1382,387 1241,446 690,352 637,379 503,357"/>
                <Baseline points="504,399 551,406 599,412 646,419 694,425 742,430 789,437 837,443 885,449 932,456 980,462 1028,470 1075,477 1123,483 1171,492 1218,501 1266,510 1314,519 1361,529 1409,540 1457,552"/>
                <TextEquiv>
                    <Unicode>S Jaria Singei von</Unicode>
                </TextEquiv>
            </TextLine>
            <TextLine id="r3l3" custom="readingOrder {index:2;} place {offset:0; length:5;}">
                <Coords points="831,570 853,577 887,561 900,570 913,560 972,570 1028,614 1052,612 1061,545 1042,544 1014,519 951,525 935,506 911,499 878,463 863,473 844,468"/>
                <Baseline points="842,551 868,549 894,551 920,553 946,557 972,561 998,566 1024,569 1050,572"/>
                <TextEquiv>
                    <Unicode>Sanen.</Unicode>
                </TextEquiv>
            </TextLine>
            <TextLine id="r3l4" custom="readingOrder {index:3;} person {offset:29; length:13;}">
                <Coords points="304,663 408,650 507,704 676,681 786,770 893,716 1078,810 1201,740 1484,816 1494,740 1304,719 1208,649 952,694 814,618 617,651 551,577 487,625 451,587 313,599"/>
                <Baseline points="315,633 373,645 431,654 489,663 547,672 606,679 664,685 722,692 780,697 838,703 897,709 955,715 1013,722 1071,729 1129,735 1188,744 1246,753 1304,763 1362,774 1420,787 1479,801"/>
                <TextEquiv>
                    <Unicode>Es nachdem verschiner thagen Anthani waber</Unicode>
                </TextEquiv>
            </TextLine>
            <TextLine id="r3l5" custom="readingOrder {index:4;} place {offset:4; length:5;} person {offset:10; length:12;}">
                <Coords points="366,750 567,775 610,825 693,786 818,804 877,862 1015,841 1080,903 1190,850 1330,864 1494,955 1508,843 1394,775 1301,802 1206,746 1090,804 788,764 733,705 436,724 376,672"/>
                <Baseline points="375,738 433,747 492,755 551,763 610,770 669,776 728,783 787,790 846,795 905,803 963,808 1022,815 1081,823 1140,830 1199,838 1258,847 1317,858 1376,868 1435,880 1494,891"/>
                <TextEquiv>
                    <Unicode>von Sanen Maria gingen gewesner eheman</Unicode>
                </TextEquiv>
            </TextLine>
            <TextLine id="r3l6" custom="readingOrder {index:5;} place {offset:23; length:5;}">
                <Coords points="351,908 456,858 601,914 673,880 836,969 1024,925 1101,977 1185,939 1375,1013 1500,1003 1505,963 1352,878 1077,903 1018,847 836,860 724,793 546,837 369,751"/>
                <Baseline points="366,851 422,857 478,862 535,866 591,872 648,878 704,883 760,888 817,894 873,899 930,905 986,911 1042,918 1099,926 1155,933 1212,940 1268,950 1324,957 1381,967 1437,976 1494,986"/>
                <TextEquiv>
                    <Unicode>sich so wohl dreben zu Sanen alß by Einer</Unicode>
                </TextEquiv>
            </TextLine>
            <TextLine id="r3l7" custom="readingOrder {index:6;} organization {offset:9; length:10;}">
                <Coords points="341,1001 440,1031 532,973 601,1035 661,996 730,1050 909,1004 1004,1061 1106,1018 1504,1111 1512,1024 1368,1026 1316,976 1255,996 1198,958 1079,998 919,934 744,959 672,907 551,924 475,868 351,903"/>
                <Baseline points="354,951 411,957 468,962 525,967 583,972 640,977 697,982 755,986 812,991 869,997 927,1001 984,1007 1041,1012 1098,1019 1156,1025 1213,1032 1270,1040 1328,1047 1385,1056 1442,1066 1500,1076"/>
                <TextEquiv>
                    <Unicode>ehrsamen chorgricht alhie erklagt, wie deß</Unicode>
                </TextEquiv>
            </TextLine>
            <TextLine id="r3l8" custom="readingOrder {index:7;} person {offset:31; length:5; continued:true;}">
                <Coords points="337,1060 604,1120 713,1085 823,1139 1142,1120 1429,1181 1497,1178 1500,1145 1380,1077 1324,1117 1277,1070 1185,1085 1123,1028 985,1085 817,1019 732,1057 660,995 582,1042 339,1034"/>
                <Baseline points="345,1056 402,1062 459,1067 516,1072 574,1076 631,1080 688,1085 746,1088 803,1092 860,1096 918,1101 975,1105 1032,1110 1089,1115 1147,1121 1204,1127 1261,1134 1319,1141 1376,1148 1433,1158 1491,1167"/>
                <TextEquiv>
                    <Unicode>er vor etwas zyts von ermelter Maria</Unicode>
                </TextEquiv>
            </TextLine>
            <TextLine id="r3l9" custom="readingOrder {index:8;} person {offset:0; length:6; continued:true;}">
                <Coords points="330,1207 416,1181 450,1219 527,1176 622,1224 739,1185 839,1267 931,1202 1035,1236 1135,1213 1318,1293 1407,1263 1482,1317 1490,1212 1363,1166 1297,1203 1018,1180 762,1107 541,1151 339,1091"/>
                <Baseline points="341,1155 397,1163 454,1168 511,1174 568,1179 625,1182 682,1185 738,1188 795,1191 852,1193 909,1197 966,1199 1023,1202 1080,1206 1136,1211 1193,1217 1250,1222 1307,1228 1364,1236 1421,1245 1478,1257"/>
                <TextEquiv>
                    <Unicode>ziegen syner ehefrauwen, einen gefahrlichen</Unicode>
                </TextEquiv>
            </TextLine>
            <TextLine id="r3l10" custom="readingOrder {index:9;}">
                <Coords points="358,1283 552,1339 816,1293 970,1363 1178,1321 1268,1377 1322,1341 1475,1377 1479,1311 1248,1296 1155,1236 1002,1280 663,1236 598,1264 422,1194 363,1211"/>
                <Baseline points="366,1269 421,1274 476,1278 531,1281 586,1284 641,1287 696,1289 752,1292 807,1293 862,1296 917,1299 972,1302 1027,1305 1082,1309 1138,1313 1193,1319 1248,1324 1303,1331 1358,1338 1413,1347 1469,1358"/>
                <TextEquiv>
                    <Unicode>meßerstich empfangen und agln er by</Unicode>
                </TextEquiv>
            </TextLine>
            <TextLine id="r3l11" custom="readingOrder {index:10;}">
                <Coords points="362,1402 525,1443 700,1383 791,1450 948,1397 1155,1446 1241,1416 1473,1500 1504,1375 1289,1387 1189,1341 1116,1379 1012,1329 945,1376 885,1329 819,1364 682,1312 590,1356 368,1310"/>
                <Baseline points="372,1361 430,1367 489,1372 548,1377 607,1380 666,1383 725,1386 784,1389 843,1392 902,1394 960,1397 1019,1400 1078,1404 1137,1409 1196,1413 1255,1418 1314,1425 1373,1434 1432,1443 1491,1454"/>
                <TextEquiv>
                    <Unicode>ihra hiemit nit sicher sondern Ir lebens gesahen</Unicode>
                </TextEquiv>
            </TextLine>
            <TextLine id="r3l12" custom="readingOrder {index:11;}">
                <Coords points="320,1525 465,1481 573,1537 650,1494 777,1519 896,1490 1087,1562 1149,1532 1395,1563 1398,1493 1132,1426 1047,1471 970,1401 865,1453 745,1416 667,1459 326,1406"/>
                <Baseline points="330,1463 385,1466 441,1469 497,1473 552,1475 608,1477 664,1481 720,1482 775,1485 831,1488 887,1490 943,1493 998,1495 1054,1497 1110,1502 1166,1505 1221,1509 1277,1513 1333,1519 1389,1523"/>
                <TextEquiv>
                    <Unicode>stande, hiemit umb die eheschidigung</Unicode>
                </TextEquiv>
            </TextLine>
            <TextLine id="r3l13" custom="readingOrder {index:12;}">
                <Coords points="1430,1571 1442,1572 1451,1566 1457,1568 1479,1556 1493,1561 1500,1504 1491,1503 1487,1498 1484,1500 1480,1495 1473,1500 1455,1499 1447,1503 1440,1502"/>
                <Baseline points="1443,1535 1488,1541"/>
                <TextEquiv>
                    <Unicode>ge</Unicode>
                </TextEquiv>
            </TextLine>
            <TextLine id="r3l14" custom="readingOrder {index:13;}">
                <Coords points="355,1601 567,1573 815,1621 859,1588 1043,1627 1170,1608 1247,1669 1313,1624 1437,1652 1440,1581 1283,1546 1189,1584 1146,1538 1092,1569 951,1529 836,1563 653,1505 579,1539 480,1506 358,1527"/>
                <Baseline points="363,1569 416,1572 469,1575 523,1577 576,1578 630,1581 683,1583 736,1585 790,1587 843,1589 897,1591 950,1593 1003,1595 1057,1598 1110,1601 1164,1603 1217,1607 1270,1610 1324,1614 1377,1618 1431,1623"/>
                <TextEquiv>
                    <Unicode>petten und ungehalthn, vnd deßelbigen</Unicode>
                </TextEquiv>
            </TextLine>
            <TextLine id="r3l15" custom="readingOrder {index:14;}">
                <Coords points="1440,1631 1454,1632 1473,1652 1484,1653 1493,1560 1480,1558 1470,1561 1464,1553 1457,1557 1448,1556"/>
                <Baseline points="1448,1629 1478,1632"/>
                <TextEquiv>
                    <Unicode>auh</Unicode>
                </TextEquiv>
            </TextLine>
            <TextLine id="r3l16" custom="readingOrder {index:15;}">
                <Coords points="370,1642 417,1624 559,1657 676,1634 716,1663 758,1641 836,1678 892,1647 1006,1675 1008,1599 962,1620 859,1588 822,1617 590,1588 565,1603 528,1574 485,1605 371,1591"/>
                <Baseline points="378,1626 409,1626 440,1628 471,1628 502,1628 533,1629 564,1629 595,1631 626,1631 657,1632 688,1632 719,1634 750,1635 781,1635 812,1637 843,1637 874,1638 905,1640 936,1641 967,1643 999,1644"/>
                <TextEquiv>
                    <Unicode>yner fe legangenn fäler</Unicode>
                </TextEquiv>
            </TextLine>
            <TextLine id="r3l17" custom="readingOrder {index:16;}">
                <Coords points="344,1726 409,1697 498,1724 572,1681 728,1695 763,1731 808,1708 872,1759 1082,1703 1405,1736 1407,1671 1292,1643 1240,1669 1205,1636 1140,1678 1062,1632 1006,1677 347,1646"/>
                <Baseline points="353,1677 405,1679 457,1680 509,1681 562,1683 614,1685 666,1686 718,1688 771,1689 823,1691 875,1693 927,1694 980,1696 1032,1698 1084,1700 1136,1701 1189,1703 1241,1704 1293,1706 1345,1707 1398,1709"/>
                <TextEquiv>
                    <Unicode>gewahrt worden. Ist sy daruff uß gr</Unicode>
                </TextEquiv>
            </TextLine>
            <TextLine id="r3l18" custom="readingOrder {index:17;}">
                <Coords points="1420,1774 1429,1774 1438,1767 1446,1770 1458,1758 1466,1758 1466,1636 1455,1633 1448,1636 1435,1628 1420,1631"/>
                <Baseline points="1428,1718 1458,1718"/>
                <TextEquiv>
                    <Unicode>d</Unicode>
                </TextEquiv>
            </TextLine>
            <TextLine id="r3l19" custom="readingOrder {index:18;}">
                <Coords points="345,1788 404,1781 508,1843 546,1815 635,1844 711,1786 802,1836 962,1814 1071,1848 1192,1798 1261,1850 1384,1818 1386,1750 1298,1772 1221,1721 1164,1762 988,1730 874,1767 728,1696 563,1758 490,1723 346,1730"/>
                <Baseline points="353,1779 404,1781 455,1782 506,1784 557,1785 608,1785 659,1787 711,1787 762,1787 813,1787 864,1788 915,1788 966,1790 1017,1790 1069,1791 1120,1794 1171,1796 1222,1799 1273,1802 1324,1807 1376,1812"/>
                <TextEquiv>
                    <Unicode>betelch gefenklich gegezogen vnd </Unicode>
                </TextEquiv>
            </TextLine>
            <TextLine id="r3l20" custom="readingOrder {index:19;}">
                <Coords points="1367,1850 1384,1847 1396,1836 1447,1851 1457,1846 1471,1857 1484,1852 1470,1761 1445,1771 1437,1767 1425,1781 1405,1775 1388,1785 1369,1811 1362,1812"/>
                <Baseline points="1373,1838 1406,1839 1439,1825 1472,1830"/>
                <TextEquiv>
                    <Unicode>gen</Unicode>
                </TextEquiv>
            </TextLine>
            <TextLine id="r3l21" custom="readingOrder {index:20;}">
                <Coords points="347,1886 426,1925 516,1889 893,1926 957,1889 1198,1968 1302,1914 1450,1936 1467,1864 1311,1832 1253,1862 1195,1816 1125,1866 966,1817 825,1853 712,1786 636,1847 601,1816 494,1842 349,1788"/>
                <Baseline points="354,1877 409,1880 464,1883 519,1885 574,1887 630,1887 685,1889 740,1889 795,1889 850,1889 906,1889 961,1889 1016,1890 1071,1890 1126,1892 1182,1893 1237,1895 1292,1899 1347,1902 1402,1906 1458,1913"/>
                <TextEquiv>
                    <Unicode>den 2. martii 1692 durch die eheentesten</Unicode>
                </TextEquiv>
            </TextLine>
            <TextLine id="r3l22" custom="readingOrder {index:21;}">
                <Coords points="340,2039 445,1984 626,1978 819,2036 949,2013 1016,2061 1243,1998 1480,2039 1483,1900 1382,1970 1305,1921 1195,1968 1032,1908 623,1953 342,1917"/>
                <Baseline points="348,1971 404,1975 460,1978 516,1980 573,1983 629,1985 685,1986 741,1988 798,1989 854,1991 910,1991 966,1992 1023,1992 1079,1992 1135,1994 1191,1994 1248,1994 1304,1995 1360,1995 1416,1997 1473,1998"/>
                <TextEquiv>
                    <Unicode>frouuer, fersichtige ehrsamen und aysegt</Unicode>
                </TextEquiv>
            </TextLine>
            <TextLine id="r3l23" custom="readingOrder {index:22;} person {offset:3; length:21;}">
                <Coords points="344,2095 710,2099 818,2154 942,2094 1027,2140 1135,2111 1232,2114 1288,2163 1377,2117 1442,2139 1443,2036 1318,2023 1234,2072 1169,2036 1016,2060 949,2014 900,2047 625,1979 542,2040 484,1995 345,2039"/>
                <Baseline points="351,2082 405,2082 459,2083 513,2084 567,2085 621,2085 675,2087 730,2087 784,2088 838,2090 892,2090 946,2091 1000,2091 1054,2091 1109,2093 1163,2093 1217,2093 1271,2093 1325,2093 1379,2092 1434,2091"/>
                <TextEquiv>
                    <Unicode>Hs Sanpaul Haaß Beichern vom shatt</Unicode>
                </TextEquiv>
            </TextLine>
            <TextLine id="r3l24" custom="readingOrder {index:23;} person {offset:6; length:13;}">
                <Coords points="332,2179 497,2213 562,2176 1067,2194 1165,2253 1241,2208 1457,2200 1458,2126 1290,2166 1220,2123 731,2161 616,2115 333,2117"/>
                <Baseline points="339,2169 394,2172 450,2174 505,2176 561,2178 616,2181 672,2183 727,2184 783,2186 838,2187 894,2188 949,2189 1005,2189 1060,2190 1116,2190 1171,2190 1227,2189 1282,2189 1338,2187 1393,2186 1449,2184"/>
                <TextEquiv>
                    <Unicode>und h Sammel Lerber Großweibell</Unicode>
                </TextEquiv>
            </TextLine>
            <TextLine id="r3l25" custom="readingOrder {index:24;} person {offset:32; length:8;}">
                <Coords points="309,2333 382,2300 510,2339 653,2274 956,2324 1078,2284 1195,2324 1470,2305 1470,2203 1234,2213 1166,2253 1067,2195 970,2197 816,2246 737,2200 426,2223 311,2175"/>
                <Baseline points="317,2265 374,2265 431,2265 488,2267 546,2268 603,2268 660,2270 718,2271 775,2273 832,2273 890,2274 947,2276 1004,2276 1061,2277 1119,2277 1176,2277 1233,2276 1291,2275 1348,2273 1405,2271 1463,2268"/>
                <TextEquiv>
                    <Unicode>Ir bysyn etlicher er sy dieneri derrütle</Unicode>
                </TextEquiv>
            </TextLine>
            <TextLine id="r3l26" custom="readingOrder {index:25;} person {offset:7; length:7;}">
                <Coords points="270,2425 755,2365 1209,2402 1477,2363 1477,2308 1410,2293 1346,2337 1293,2306 1088,2348 889,2305 767,2340 579,2302 504,2340 270,2288"/>
                <Baseline points="278,2361 337,2363 397,2364 456,2366 516,2367 575,2367 635,2369 694,2369 754,2370 813,2370 873,2370 933,2369 992,2369 1052,2369 1111,2368 1171,2367 1230,2366 1290,2364 1349,2363 1409,2361 1469,2360"/>
                <TextEquiv>
                    <Unicode>by der Stracki mit betronwueg der metter</Unicode>
                </TextEquiv>
            </TextLine>
            <TextLine id="r3l27" custom="readingOrder {index:26;}">
                <Coords points="331,2479 449,2510 536,2468 646,2501 699,2460 767,2492 1022,2461 1254,2505 1309,2456 1441,2466 1441,2418 1319,2377 1224,2414 1151,2374 1061,2419 1020,2388 977,2427 802,2437 715,2389 660,2423 462,2383 331,2434"/>
                <Baseline points="339,2466 393,2467 448,2468 503,2468 558,2468 612,2468 667,2466 722,2466 777,2465 831,2463 886,2463 941,2461 996,2460 1050,2459 1105,2457 1160,2457 1215,2456 1269,2455 1324,2454 1379,2454 1434,2454"/>
                <TextEquiv>
                    <Unicode>ernstw�itig exammirt und zu kunder</Unicode>
                </TextEquiv>
            </TextLine>
            <TextLine id="r3l28" custom="readingOrder {index:27;}">
                <Coords points="337,2580 540,2569 616,2610 672,2559 968,2592 1103,2551 1450,2563 1448,2497 1336,2512 1303,2481 1131,2526 1011,2469 901,2536 747,2476 597,2538 529,2487 466,2538 412,2494 335,2509"/>
                <Baseline points="344,2561 398,2561 453,2562 508,2562 563,2562 618,2562 673,2561 728,2559 783,2559 838,2557 893,2556 947,2554 1002,2552 1057,2550 1112,2549 1167,2547 1222,2546 1277,2544 1332,2544 1387,2543 1442,2543"/>
                <TextEquiv>
                    <Unicode>bekantnuß und vergicht, wie es so wohl</Unicode>
                </TextEquiv>
            </TextLine>
            <TextLine id="r3l29" custom="readingOrder {index:28;}">
                <Coords points="349,2666 602,2659 720,2702 864,2662 968,2718 1197,2656 1263,2701 1340,2659 1443,2679 1441,2584 1363,2600 1262,2557 1137,2617 904,2575 664,2623 512,2580 348,2631"/>
                <Baseline points="356,2655 409,2657 463,2658 517,2658 571,2658 625,2658 679,2658 733,2658 787,2657 841,2655 895,2654 948,2652 1002,2651 1056,2648 1110,2646 1164,2643 1218,2641 1272,2639 1326,2636 1380,2634 1434,2631"/>
                <TextEquiv>
                    <Unicode>mit der vergiffteten suppen also auch</Unicode>
                </TextEquiv>
            </TextLine>
            <TextLine id="r3l30" custom="readingOrder {index:29;}">
                <Coords points="327,2760 929,2791 1064,2743 1157,2798 1215,2754 1436,2752 1434,2678 1363,2668 1321,2706 1117,2681 971,2722 942,2694 739,2714 660,2674 560,2717 420,2676 327,2721"/>
                <Baseline points="335,2748 389,2750 444,2751 498,2752 553,2753 608,2753 662,2753 717,2753 772,2753 826,2751 881,2751 936,2749 990,2748 1045,2745 1100,2742 1154,2741 1209,2738 1264,2734 1318,2730 1373,2726 1428,2723"/>
                <TextEquiv>
                    <Unicode>mit der stich so sy ihrem man gegeben,</Unicode>
                </TextEquiv>
            </TextLine>
            <TextLine id="r3l31" custom="readingOrder {index:30;}">
                <Coords points="332,2857 413,2899 516,2862 599,2917 731,2854 946,2882 1039,2840 1196,2879 1237,2840 1411,2836 1450,2755 1219,2754 1159,2797 1084,2769 1008,2808 965,2768 862,2811 754,2763 573,2812 432,2756 330,2793"/>
                <Baseline points="339,2850 394,2849 449,2849 504,2849 559,2847 615,2847 670,2847 725,2846 780,2846 835,2844 891,2844 946,2843 1001,2841 1056,2838 1111,2835 1167,2833 1222,2829 1277,2825 1332,2821 1387,2816 1443,2810"/>
                <TextEquiv>
                    <Unicode>beschalfen, und ob sy nit deß vorhabtet</Unicode>
                </TextEquiv>
            </TextLine>
            <TextLine id="r3l32" custom="readingOrder {index:31;}">
                <Coords points="338,2992 1063,2925 1222,2963 1314,2906 1445,2919 1426,2849 1209,2887 1036,2857 983,2905 883,2861 808,2913 754,2879 605,2917 540,2879 334,2892"/>
                <Baseline points="344,2948 398,2948 453,2948 507,2948 562,2946 617,2945 671,2943 726,2942 780,2939 835,2937 890,2934 944,2932 999,2928 1053,2924 1108,2921 1163,2918 1217,2915 1272,2910 1326,2907 1381,2904 1436,2900"/>
                <TextEquiv>
                    <Unicode>gsie zyu ihne damit viebs laben Zebringe</Unicode>
                </TextEquiv>
            </TextLine>
            <TextLine id="r3l33" custom="readingOrder {index:32;}">
                <Coords points="335,3069 881,3062 928,3098 1144,3009 1141,2944 984,3001 901,2957 824,2994 696,2960 626,2990 578,2956 475,3025 333,3006"/>
                <Baseline points="342,3054 381,3052 421,3049 461,3047 500,3045 540,3043 580,3041 619,3041 659,3039 699,3038 739,3036 778,3036 818,3035 858,3033 897,3031 937,3030 977,3027 1016,3024 1056,3022 1096,3018 1136,3014"/>
                <TextEquiv>
                    <Unicode>vermant und gehalten worden.</Unicode>
                </TextEquiv>
            </TextLine>
            <TextLine id="r3l34" custom="readingOrder {index:33;}">
                <Coords points="272,3212 725,3166 793,3212 1060,3154 1137,3206 1223,3140 1347,3171 1426,3142 1419,3032 1365,3028 1195,3116 1121,3062 901,3123 618,3081 539,3124 334,3078 267,3115"/>
                <Baseline points="279,3189 335,3185 392,3182 449,3179 506,3176 563,3173 620,3172 676,3170 733,3167 790,3165 847,3163 904,3159 961,3158 1018,3154 1074,3150 1131,3146 1188,3141 1245,3135 1302,3129 1359,3121 1416,3113"/>
                <TextEquiv>
                    <Unicode>Hatt sy bekent, daß alß sy ermelten hhree</Unicode>
                </TextEquiv>
            </TextLine>
            <TextLine id="r3l35" custom="readingOrder {index:34;}">
                <Coords points="1392,3217 1407,3212 1417,3196 1424,3200 1435,3187 1448,3181 1436,3121 1427,3122 1404,3153 1394,3147 1386,3154 1380,3155"/>
                <Baseline points="1394,3185 1439,3176"/>
                <TextEquiv>
                    <Unicode>hab</Unicode>
                </TextEquiv>
            </TextLine>
            <TextLine id="r3l36" custom="readingOrder {index:35;}">
                <Coords points="302,3297 431,3341 546,3266 706,3321 875,3249 1040,3274 1182,3225 1315,3257 1366,3223 1362,3165 1313,3159 1250,3200 1129,3206 1056,3160 795,3220 714,3170 601,3231 455,3169 299,3249"/>
                <Baseline points="309,3282 361,3277 413,3273 466,3269 518,3264 571,3261 623,3257 676,3254 728,3251 781,3249 833,3246 885,3243 938,3240 990,3239 1043,3235 1095,3232 1148,3229 1200,3225 1253,3223 1305,3218 1358,3215"/>
                <TextEquiv>
                    <Unicode>abgescheidnen kemen zur ehe genommen,</Unicode>
                </TextEquiv>
            </TextLine>
            <TextLine id="r3l37" custom="readingOrder {index:36;}">
                <Coords points="303,3429 613,3358 835,3380 966,3336 1019,3369 1068,3327 1374,3316 1394,3230 1081,3277 936,3254 807,3325 655,3286 437,3341 295,3325"/>
                <Baseline points="306,3374 360,3370 414,3366 468,3363 523,3360 577,3357 631,3354 685,3351 740,3347 794,3344 848,3341 902,3338 957,3333 1011,3330 1065,3325 1119,3321 1174,3315 1228,3310 1282,3304 1336,3298 1391,3290"/>
                <TextEquiv>
                    <Unicode>sy Niemahls kerr rechten linst vnd liebe zu</Unicode>
                </TextEquiv>
            </TextLine>
            <TextLine id="r3l38" custom="readingOrder {index:37;}">
                <Coords points="287,3492 597,3494 757,3449 842,3474 1030,3426 1148,3447 1237,3397 1348,3416 1404,3384 1397,3303 1343,3304 1250,3362 1153,3332 886,3405 692,3421 533,3382 437,3427 281,3415"/>
                <Baseline points="293,3470 348,3466 403,3463 458,3459 513,3455 568,3452 623,3449 678,3446 733,3442 788,3439 844,3434 899,3431 954,3426 1009,3422 1064,3416 1119,3412 1174,3404 1229,3398 1284,3390 1339,3381 1395,3372"/>
                <TextEquiv>
                    <Unicode>ihme nit ghan, wie auch nit weniger er zu</Unicode>
                </TextEquiv>
            </TextLine>
            <TextLine id="r3l39" custom="readingOrder {index:38;}">
                <Coords points="248,3569 330,3621 478,3549 610,3613 765,3538 1119,3548 1204,3491 1422,3468 1403,3381 1151,3468 243,3512"/>
                <Baseline points="255,3567 312,3563 370,3558 428,3554 486,3550 544,3545 602,3542 660,3538 718,3534 776,3530 834,3525 891,3521 949,3516 1007,3510 1065,3505 1123,3498 1181,3491 1239,3483 1297,3475 1355,3465 1413,3455"/>
                <TextEquiv>
                    <Unicode>ihran, sindern syevor ihren eltern etlicher ge</Unicode>
                </TextEquiv>
            </TextLine>
            <TextLine id="r3l40" custom="readingOrder {index:39;}">
                <Coords points="295,3696 573,3647 705,3667 805,3624 984,3642 1098,3589 1197,3623 1398,3535 1393,3482 1057,3568 981,3542 745,3590 680,3560 607,3614 478,3548 352,3627 285,3603"/>
                <Baseline points="300,3668 354,3660 409,3653 463,3648 518,3641 572,3636 627,3632 681,3627 736,3622 790,3617 845,3614 900,3608 954,3603 1009,3597 1063,3592 1118,3586 1172,3578 1227,3570 1281,3561 1336,3550 1391,3539"/>
                <TextEquiv>
                    <Unicode>stalten wider ihren willen ihme verherahtet</Unicode>
                </TextEquiv>
            </TextLine>
            <TextLine id="r3l41" custom="readingOrder {index:40;}">
                <Coords points="299,3773 462,3800 557,3733 787,3719 876,3760 924,3714 1081,3740 1302,3676 1353,3700 1378,3601 1245,3594 1171,3641 1095,3609 1045,3648 905,3642 865,3683 585,3656 294,3728"/>
                <Baseline points="306,3764 359,3756 412,3749 466,3742 519,3735 573,3731 626,3726 679,3721 733,3717 786,3713 840,3708 893,3705 946,3700 1000,3696 1053,3690 1107,3684 1160,3677 1213,3670 1267,3662 1320,3652 1374,3641"/>
                <TextEquiv>
                    <Unicode>worden, Nachdere nun sy ihr ehevolnzogen</Unicode>
                </TextEquiv>
            </TextLine>
            <TextLine id="r3l42" custom="readingOrder {index:41;}">
                <Coords points="281,3876 423,3854 508,3895 563,3844 1050,3828 1147,3770 1307,3795 1368,3727 1424,3738 1415,3661 915,3760 815,3740 680,3781 583,3745 481,3804 363,3780 275,3823"/>
                <Baseline points="288,3864 344,3853 400,3843 456,3835 513,3827 569,3822 625,3815 681,3810 738,3806 794,3802 850,3798 906,3794 963,3789 1019,3783 1075,3777 1131,3770 1188,3762 1244,3751 1300,3741 1356,3728 1413,3713"/>
                <TextEquiv>
                    <Unicode>und den kilchgang begiegen, habe ihr ehra</Unicode>
                </TextEquiv>
            </TextLine>
            <TextLine id="r3l43" custom="readingOrder {index:42;}">
                <Coords points="1295,3875 1307,3873 1329,3855 1338,3838 1356,3824 1368,3824 1398,3798 1425,3793 1402,3720 1379,3740 1371,3737 1361,3749 1351,3747 1306,3801 1272,3802"/>
                <Baseline points="1286,3824 1311,3821 1337,3814 1363,3804 1389,3794 1415,3788"/>
                <TextEquiv>
                    <Unicode>enstel</Unicode>
                </TextEquiv>
            </TextLine>
            <TextEquiv>
                <Unicode>1642
S Jaria Singei von
Sanen.
Es nachdem verschiner thagen Anthani waber
von Sanen Maria gingen gewesner eheman
sich so wohl dreben zu Sanen alß by Einer
ehrsamen chorgricht alhie erklagt, wie deß
er vor etwas zyts von ermelter Maria
ziegen syner ehefrauwen, einen gefahrlichen
meßerstich empfangen und agln er by
ihra hiemit nit sicher sondern Ir lebens gesahen
stande, hiemit umb die eheschidigung
ge
petten und ungehalthn, vnd deßelbigen
auh
yner fe legangenn fäler
gewahrt worden. Ist sy daruff uß gr
d
betelch gefenklich gegezogen vnd 
gen
den 2. martii 1692 durch die eheentesten
frouuer, fersichtige ehrsamen und aysegt
Hs Sanpaul Haaß Beichern vom shatt
und h Sammel Lerber Großweibell
Ir bysyn etlicher er sy dieneri derrütle
by der Stracki mit betronwueg der metter
ernstw�itig exammirt und zu kunder
bekantnuß und vergicht, wie es so wohl
mit der vergiffteten suppen also auch
mit der stich so sy ihrem man gegeben,
beschalfen, und ob sy nit deß vorhabtet
gsie zyu ihne damit viebs laben Zebringe
vermant und gehalten worden.
Hatt sy bekent, daß alß sy ermelten hhree
hab
abgescheidnen kemen zur ehe genommen,
sy Niemahls kerr rechten linst vnd liebe zu
ihme nit ghan, wie auch nit weniger er zu
ihran, sindern syevor ihren eltern etlicher ge
stalten wider ihren willen ihme verherahtet
worden, Nachdere nun sy ihr ehevolnzogen
und den kilchgang begiegen, habe ihr ehra
enstel</Unicode>
            </TextEquiv>
        </TextRegion>
        <TextRegion orientation="0.0" id="r4" custom="readingOrder {index:3;}">
            <Coords points="1506,225 1506,3886 2769,3886 2769,225"/>
            <TextLine id="r4l1" custom="readingOrder {index:0;}">
                <Coords points="1929,343 1965,341 2043,293 2106,326 2132,326 2160,300 2184,308 2257,263 2250,226 2207,209 2182,207 2156,231 2068,206 2038,218 2012,255 1964,249 1935,287 1919,290"/>
                <Baseline points="1932,321 1958,318 1984,312 2011,307 2037,301 2064,295 2090,290 2116,285 2143,280 2169,275 2196,270 2222,268 2249,264"/>
                <TextEquiv>
                    <Unicode>1642.</Unicode>
                </TextEquiv>
            </TextLine>
            <TextLine id="r4l2" custom="readingOrder {index:1;}">
                <Coords points="1823,410 1835,413 1855,403 1876,403 1891,413 1894,408 1917,423 1931,424 1915,339 1895,348 1882,344 1877,351 1868,353 1854,349 1845,359 1826,353 1813,360"/>
                <Baseline points="1829,404 1858,400 1887,393 1916,389"/>
                <TextEquiv>
                    <Unicode>liele</Unicode>
                </TextEquiv>
            </TextLine>
            <TextLine id="r4l3" custom="readingOrder {index:2;}">
                <Coords points="1565,577 1702,496 2143,386 2290,400 2634,315 2752,346 2759,212 2625,268 2522,225 2416,315 2336,274 2062,358 2019,332 1916,419 1733,404 1670,463 1545,478"/>
                <Baseline points="1565,540 1625,520 1685,502 1745,484 1805,467 1866,451 1926,436 1986,422 2046,408 2106,395 2167,384 2227,373 2287,362 2347,352 2407,343 2468,335 2528,326 2588,318 2648,311 2708,305 2769,297"/>
                <TextEquiv>
                    <Unicode>ee dene</Unicode>
                </TextEquiv>
            </TextLine>
            <TextLine id="r4l4" custom="readingOrder {index:3;}">
                <Coords points="1585,635 1676,571 1875,527 1939,548 2119,471 2267,491 2355,433 2461,472 2557,397 2670,396 2655,320 2237,425 2145,394 2093,457 1909,452 1571,568"/>
                <Baseline points="1586,605 1639,589 1693,573 1747,558 1800,543 1854,530 1908,516 1961,504 2015,492 2069,482 2123,470 2176,460 2230,450 2284,441 2337,432 2391,423 2445,415 2498,407 2552,400 2606,391 2660,384"/>
                <TextEquiv>
                    <Unicode>dnn anderen schuldig, kein gemeinschafft</Unicode>
                </TextEquiv>
            </TextLine>
            <TextLine id="r4l5" custom="readingOrder {index:4;}">
                <Coords points="2144,538 2151,536 2153,538 2159,530 2163,531 2166,527 2174,526 2165,480 2159,481 2155,484 2151,484 2144,480 2141,483 2134,485"/>
                <Baseline points="2147,516 2163,513"/>
                <TextEquiv>
                    <Unicode></Unicode>
                </TextEquiv>
            </TextLine>
            <TextLine id="r4l6" custom="readingOrder {index:5;}">
                <Coords points="2036,540 2044,539 2052,545 2054,541 2061,541 2072,551 2084,547 2093,549 2099,544 2108,545 2117,535 2126,534 2124,500 2105,497 2094,487 2084,494 2063,495 2056,504 2046,495 2033,495"/>
                <Baseline points="2043,531 2068,534 2093,532 2118,525"/>
                <TextEquiv>
                    <Unicode>ly</Unicode>
                </TextEquiv>
            </TextLine>
            <TextLine id="r4l7" custom="readingOrder {index:6;}">
                <Coords points="1569,730 1845,625 1903,659 2064,583 2127,610 2427,517 2768,489 2739,336 2479,484 2354,448 2278,515 1957,561 1888,531 1774,601 1665,583 1552,643"/>
                <Baseline points="1572,704 1631,683 1690,663 1749,645 1808,630 1868,614 1927,601 1986,589 2045,576 2104,565 2164,554 2223,544 2282,535 2341,525 2400,517 2460,507 2519,499 2578,490 2637,481 2696,473 2756,462"/>
                <TextEquiv>
                    <Unicode>een   t</Unicode>
                </TextEquiv>
            </TextLine>
            <TextLine id="r4l8" custom="readingOrder {index:7;}">
                <Coords points="1586,838 1681,748 1875,746 2118,658 2186,683 2254,633 2349,661 2447,611 2614,636 2654,595 2637,495 2505,566 2428,524 2196,614 2072,589 1927,654 1844,630 1569,740"/>
                <Baseline points="1584,783 1637,765 1690,748 1743,732 1796,718 1849,704 1902,693 1955,681 2008,671 2061,663 2114,654 2167,645 2220,638 2273,631 2326,624 2379,618 2432,611 2485,604 2538,597 2591,591 2645,584"/>
                <TextEquiv>
                    <Unicode>de e lehenf</Unicode>
                </TextEquiv>
            </TextLine>
            <TextLine id="r4l9" custom="readingOrder {index:8;}">
                <Coords points="1559,910 1989,766 2157,743 2226,780 2509,692 2594,738 2749,668 2731,554 2609,648 2446,615 2370,683 2254,651 2130,716 1988,687 1889,748 1542,806"/>
                <Baseline points="1560,872 1619,853 1678,835 1737,820 1796,805 1855,792 1914,779 1973,769 2032,758 2091,748 2151,738 2210,731 2269,722 2328,715 2387,707 2446,700 2505,694 2564,687 2623,681 2682,674 2742,666"/>
                <TextEquiv>
                    <Unicode>ee n en e e</Unicode>
                </TextEquiv>
            </TextLine>
            <TextLine id="r4l10" custom="readingOrder {index:9;}">
                <Coords points="1585,1014 1855,880 1926,904 2137,838 2278,826 2347,863 2739,805 2735,698 2594,738 2509,703 2192,799 2028,767 1886,852 1791,811 1570,906"/>
                <Baseline points="1584,954 1641,935 1699,919 1757,903 1814,889 1872,877 1930,866 1987,856 2045,848 2103,840 2161,832 2218,826 2276,820 2334,813 2391,809 2449,802 2507,796 2564,791 2622,784 2680,777 2738,770"/>
                <TextEquiv>
                    <Unicode>vsdest fieedurch der widerwillen zwäschen shnei</Unicode>
                </TextEquiv>
            </TextLine>
            <TextLine id="r4l11" custom="readingOrder {index:10;} person {offset:29; length:12; continued:true;}">
                <Coords points="1575,1076 1641,1046 1689,1076 1749,1013 1905,1006 1944,964 2118,954 2186,1006 2253,928 2741,888 2740,800 2556,853 2425,830 2375,880 2229,843 2041,899 1847,887 1711,979 1565,1003"/>
                <Baseline points="1578,1038 1636,1022 1694,1008 1752,995 1810,983 1868,974 1926,963 1985,955 2043,947 2101,938 2159,932 2217,925 2275,919 2333,913 2392,907 2450,900 2508,894 2566,888 2624,880 2682,873 2741,866"/>
                <TextEquiv>
                    <Unicode>gwecen, vnd sy Inmitlest vor Jsaae haldi¬</Unicode>
                </TextEquiv>
            </TextLine>
            <TextLine id="r4l12" custom="readingOrder {index:11;} person {offset:0; length:3; continued:true;}">
                <Coords points="1560,1135 1745,1119 1809,1062 1977,1088 2117,1034 2205,1088 2326,1018 2652,1019 2748,995 2739,923 2631,895 2557,947 2261,938 2183,1007 2106,957 2018,999 1782,1003 1689,1077 1632,1050 1555,1095"/>
                <Baseline points="1566,1128 1624,1114 1683,1100 1741,1089 1800,1077 1859,1066 1917,1057 1976,1049 2034,1042 2093,1034 2152,1027 2210,1022 2269,1015 2327,1010 2386,1005 2445,1001 2503,996 2562,991 2620,987 2679,982 2738,977"/>
                <TextEquiv>
                    <Unicode>der ihre zu unshren und erschidenliche mahlt</Unicode>
                </TextEquiv>
            </TextLine>
            <TextLine id="r4l13" custom="readingOrder {index:12;}">
                <Coords points="1584,1229 2033,1148 2225,1183 2314,1126 2504,1163 2594,1097 2732,1093 2710,987 2632,1065 2476,1031 2165,1103 2049,1059 1955,1122 1791,1097 1576,1146"/>
                <Baseline points="1590,1209 1646,1197 1703,1186 1759,1176 1816,1167 1873,1159 1929,1152 1986,1144 2043,1138 2099,1133 2156,1128 2213,1123 2269,1119 2326,1114 2383,1110 2439,1106 2496,1101 2553,1098 2609,1094 2666,1088 2723,1083"/>
                <TextEquiv>
                    <Unicode>legeet und aber uff ihr abschlachen zu ggnemen.</Unicode>
                </TextEquiv>
            </TextLine>
            <TextLine id="r4l14" custom="readingOrder {index:13;}">
                <Coords points="1572,1333 1933,1244 2019,1274 2095,1229 2221,1288 2359,1210 2556,1275 2686,1195 2680,1127 2600,1101 2506,1163 2420,1127 2289,1138 2216,1194 1853,1216 1804,1179 1738,1233 1563,1234"/>
                <Baseline points="1577,1301 1632,1288 1687,1278 1742,1267 1797,1258 1852,1250 1907,1244 1962,1237 2017,1232 2072,1227 2127,1224 2182,1219 2237,1215 2292,1212 2347,1208 2402,1205 2457,1202 2512,1197 2567,1193 2622,1188 2678,1184"/>
                <TextEquiv>
                    <Unicode>gerheben nit gelangen mögen) uffgewisen.</Unicode>
                </TextEquiv>
            </TextLine>
            <TextLine id="r4l15" custom="readingOrder {index:14;}">
                <Coords points="1586,1387 2203,1307 2291,1341 2480,1310 2534,1348 2727,1282 2722,1213 2594,1279 2500,1232 2198,1294 1966,1250 1882,1311 1782,1272 1583,1350"/>
                <Baseline points="1593,1391 1649,1378 1705,1367 1762,1357 1818,1349 1874,1341 1931,1335 1987,1330 2043,1325 2100,1320 2156,1317 2212,1314 2269,1311 2325,1308 2381,1307 2438,1304 2494,1301 2550,1299 2607,1296 2663,1292 2720,1289"/>
                <TextEquiv>
                    <Unicode>worden, sy solle mit einem solicher mag nit</Unicode>
                </TextEquiv>
            </TextLine>
            <TextLine id="r4l16" custom="readingOrder {index:15;}">
                <Coords points="1580,1488 1849,1505 2329,1403 2571,1461 2762,1429 2757,1331 2370,1347 2203,1308 2091,1380 1762,1353 1657,1412 1574,1389"/>
                <Baseline points="1586,1473 1644,1465 1702,1455 1761,1448 1819,1440 1877,1435 1936,1428 1994,1424 2052,1419 2111,1416 2169,1413 2227,1410 2286,1409 2344,1406 2402,1406 2461,1404 2519,1404 2577,1404 2636,1404 2694,1404 2753,1404"/>
                <TextEquiv>
                    <Unicode>beshalten, er sye ihren nit weit und derglichen</Unicode>
                </TextEquiv>
            </TextLine>
            <TextLine id="r4l17" custom="readingOrder {index:16;}">
                <Coords points="1583,1576 1630,1594 1650,1571 1676,1578 1691,1569 1712,1580 1751,1551 1744,1479 1727,1471 1702,1492 1680,1483 1645,1514 1618,1520 1598,1503 1576,1505"/>
                <Baseline points="1587,1551 1613,1550 1639,1547 1665,1544 1691,1541 1717,1539 1743,1539"/>
                <TextEquiv>
                    <Unicode>mehr wort.</Unicode>
                </TextEquiv>
            </TextLine>
            <TextLine id="r4l18" custom="readingOrder {index:17;}">
                <Coords points="1549,1672 1811,1694 1868,1651 2170,1674 2299,1637 2418,1678 2528,1644 2622,1688 2677,1657 2676,1570 2621,1561 2487,1588 2253,1557 2186,1603 2012,1578 1909,1619 1863,1588 1763,1631 1697,1573 1548,1584"/>
                <Baseline points="1557,1659 1612,1656 1668,1655 1723,1652 1779,1650 1835,1649 1890,1647 1946,1646 2001,1644 2057,1643 2113,1641 2168,1641 2224,1640 2279,1640 2335,1641 2391,1641 2446,1643 2502,1644 2557,1647 2613,1649 2669,1652"/>
                <TextEquiv>
                    <Unicode>künkt nun habe es sich begeben, das ihr man</Unicode>
                </TextEquiv>
            </TextLine>
            <TextLine id="r4l19" custom="readingOrder {index:18;}">
                <Coords points="1561,1761 1910,1742 2005,1776 2364,1728 2427,1774 2692,1799 2692,1705 2551,1650 2381,1684 2087,1642 1811,1696 1560,1673"/>
                <Baseline points="1569,1740 1624,1740 1680,1740 1736,1739 1792,1739 1848,1737 1903,1736 1959,1735 2015,1734 2071,1733 2127,1733 2182,1731 2238,1731 2294,1731 2350,1731 2406,1731 2461,1733 2517,1734 2573,1736 2629,1739 2685,1743"/>
                <TextEquiv>
                    <Unicode>itres musenzuges gekaufft und den roßen</Unicode>
                </TextEquiv>
            </TextLine>
            <TextLine id="r4l20" custom="readingOrder {index:19;}">
                <Coords points="1560,1873 1614,1896 1781,1849 1843,1879 1903,1837 2036,1829 2281,1882 2456,1835 2614,1845 2596,1801 2464,1807 2401,1767 2282,1795 2204,1744 1991,1776 1684,1739 1634,1784 1560,1773"/>
                <Baseline points="1568,1832 1622,1830 1677,1827 1732,1826 1786,1826 1841,1824 1896,1824 1950,1824 2005,1824 2060,1826 2114,1826 2169,1827 2224,1827 2278,1829 2333,1830 2388,1831 2442,1832 2497,1833 2552,1834 2607,1835"/>
                <TextEquiv>
                    <Unicode>gehercken wöllen, von demselbigen syn ein</Unicode>
                </TextEquiv>
            </TextLine>
            <TextLine id="r4l21" custom="readingOrder {index:20;}">
                <Coords points="1561,1922 1659,1958 1791,1918 1945,1980 2198,1918 2510,1985 2595,1939 2730,1969 2732,1907 2551,1840 2458,1889 2326,1855 2257,1894 2189,1840 1989,1893 1919,1853 1701,1850 1561,1891"/>
                <Baseline points="1568,1917 1625,1917 1683,1916 1741,1914 1799,1914 1857,1914 1914,1916 1972,1916 2030,1917 2088,1919 2146,1920 2203,1922 2261,1924 2319,1926 2377,1928 2435,1930 2492,1931 2550,1934 2608,1935 2666,1937 2724,1938"/>
                <TextEquiv>
                    <Unicode>ennig uß dem sapgs uff den Tisch gefallen.</Unicode>
                </TextEquiv>
            </TextLine>
            <TextLine id="r4l22" custom="readingOrder {index:21;}">
                <Coords points="1561,2038 1948,2021 2262,2076 2320,2034 2423,2082 2530,2032 2652,2095 2734,2042 2736,1982 2619,1945 2516,1989 2460,1959 2219,1995 2081,1952 1563,1955"/>
                <Baseline points="1569,2006 1626,2007 1684,2009 1742,2010 1800,2012 1858,2013 1916,2015 1974,2016 2032,2018 2090,2019 2148,2019 2205,2021 2263,2022 2321,2024 2379,2024 2437,2025 2495,2025 2553,2025 2611,2027 2669,2027 2727,2027"/>
                <TextEquiv>
                    <Unicode>vnd sy In dem sy die Seppen geichten wöllen</Unicode>
                </TextEquiv>
            </TextLine>
            <TextLine id="r4l23" custom="readingOrder {index:22;}">
                <Coords points="1561,2117 1745,2149 1810,2109 1929,2148 2052,2117 2139,2169 2278,2118 2594,2178 2778,2084 2648,2099 2521,2037 2416,2095 2325,2035 2251,2078 2017,2033 1563,2040"/>
                <Baseline points="1569,2091 1629,2093 1689,2096 1749,2099 1809,2101 1869,2103 1929,2106 1989,2108 2049,2111 2109,2114 2169,2115 2229,2118 2289,2119 2349,2121 2409,2123 2469,2125 2529,2126 2589,2127 2649,2129 2709,2130 2769,2132"/>
                <TextEquiv>
                    <Unicode>Ißt, bedlaß, daß ihr maro ihro kein guht thuege</Unicode>
                </TextEquiv>
            </TextLine>
            <TextLine id="r4l24" custom="readingOrder {index:23;}">
                <Coords points="1544,2206 1740,2186 1802,2248 2023,2215 2087,2265 2322,2222 2643,2260 2615,2167 2406,2187 2245,2134 2161,2183 2085,2129 1955,2156 1898,2119 1745,2149 1549,2114"/>
                <Baseline points="1554,2177 1608,2180 1662,2184 1716,2188 1770,2191 1824,2195 1878,2197 1933,2201 1987,2204 2041,2206 2095,2208 2149,2211 2203,2214 2257,2216 2312,2218 2366,2220 2420,2223 2474,2225 2528,2226 2582,2228 2637,2229"/>
                <TextEquiv>
                    <Unicode>in soliche böse gedancken gefallen, daß sy</Unicode>
                </TextEquiv>
            </TextLine>
            <TextLine id="r4l25" custom="readingOrder {index:24;}">
                <Coords points="1550,2265 1664,2334 1720,2296 1911,2334 2005,2301 2089,2360 2158,2306 2268,2348 2489,2306 2699,2381 2705,2260 2665,2253 2466,2272 2322,2222 2042,2275 1962,2225 1782,2255 1553,2202"/>
                <Baseline points="1557,2256 1613,2262 1670,2269 1727,2274 1784,2279 1841,2282 1898,2287 1954,2290 2011,2293 2068,2296 2125,2298 2182,2300 2239,2302 2296,2304 2352,2306 2409,2308 2466,2310 2523,2312 2580,2315 2637,2318 2694,2321"/>
                <TextEquiv>
                    <Unicode>deßelbige gifft genommen vnd Ir die blatten</Unicode>
                </TextEquiv>
            </TextLine>
            <TextLine id="r4l26" custom="readingOrder {index:25;}">
                <Coords points="1557,2362 1711,2411 1757,2380 1825,2424 1910,2396 2178,2442 2305,2400 2430,2453 2517,2412 2599,2476 2651,2441 2654,2396 2560,2341 2474,2359 2434,2319 2282,2376 2210,2314 2090,2359 2014,2307 1871,2344 1723,2296 1661,2331 1564,2265"/>
                <Baseline points="1566,2339 1622,2347 1679,2353 1736,2360 1793,2366 1849,2371 1906,2376 1963,2380 2020,2384 2077,2389 2133,2391 2190,2394 2247,2397 2304,2401 2361,2403 2417,2406 2474,2409 2531,2412 2588,2415 2645,2418"/>
                <TextEquiv>
                    <Unicode>oder sch�ßlen geworffen, Also nun ihr man</Unicode>
                </TextEquiv>
            </TextLine>
            <TextLine id="r4l27" custom="readingOrder {index:26;}">
                <Coords points="1543,2435 1655,2494 1759,2477 1829,2531 2153,2484 2236,2551 2317,2510 2576,2550 2675,2546 2685,2415 2595,2481 2367,2404 2173,2468 2034,2414 1726,2431 1549,2355"/>
                <Baseline points="1551,2426 1606,2436 1662,2444 1718,2453 1774,2460 1830,2465 1886,2471 1942,2476 1998,2481 2054,2484 2110,2489 2165,2492 2221,2496 2277,2499 2333,2502 2389,2505 2445,2508 2501,2511 2557,2515 2613,2519 2669,2523"/>
                <TextEquiv>
                    <Unicode>die seggen geßen, sy er also bald krank</Unicode>
                </TextEquiv>
            </TextLine>
            <TextLine id="r4l28" custom="readingOrder {index:27;} person {offset:29; length:6;}">
                <Coords points="1529,2569 1621,2535 1715,2592 1804,2557 1863,2592 2176,2587 2240,2632 2472,2615 2536,2671 2659,2602 2500,2541 2324,2573 2275,2532 2094,2545 1999,2492 1841,2534 1539,2459"/>
                <Baseline points="1542,2516 1597,2526 1652,2534 1708,2541 1763,2549 1818,2555 1874,2561 1929,2566 1984,2571 2040,2576 2095,2581 2150,2585 2206,2589 2261,2593 2316,2598 2372,2601 2427,2606 2482,2611 2538,2615 2593,2620 2649,2627"/>
                <TextEquiv>
                    <Unicode>s aber gwuwen wordn vnd ihme Tiriax</Unicode>
                </TextEquiv>
            </TextLine>
            <TextLine id="r4l29" custom="readingOrder {index:28;}">
                <Coords points="1542,2649 1677,2696 1840,2649 1981,2699 2104,2689 2174,2741 2281,2698 2519,2770 2596,2724 2695,2746 2702,2677 2450,2671 2291,2619 2232,2652 2084,2587 2004,2645 1881,2589 1549,2574"/>
                <Baseline points="1554,2609 1610,2619 1667,2627 1724,2637 1781,2644 1838,2651 1894,2658 1951,2664 2008,2670 2065,2675 2122,2679 2178,2684 2235,2688 2292,2693 2349,2697 2406,2702 2462,2705 2519,2711 2576,2715 2633,2720 2690,2726"/>
                <TextEquiv>
                    <Unicode>gegeben, das er davon widerumb geneßen.</Unicode>
                </TextEquiv>
            </TextLine>
            <TextLine id="r4l30" custom="readingOrder {index:29;}">
                <Coords points="1507,2761 1579,2810 1630,2777 1813,2808 1879,2870 2148,2843 2204,2907 2361,2852 2619,2877 2623,2838 2445,2817 2392,2772 2301,2817 1947,2759 1910,2723 1783,2742 1728,2696 1658,2712 1563,2647 1518,2659"/>
                <Baseline points="1517,2736 1571,2750 1626,2763 1681,2775 1736,2785 1790,2794 1845,2803 1900,2809 1955,2816 2009,2821 2064,2826 2119,2831 2174,2835 2228,2838 2283,2842 2338,2845 2393,2848 2447,2852 2502,2856 2557,2860 2612,2865"/>
                <TextEquiv>
                    <Unicode>Diß aber der Meßerstich belange, den wie</Unicode>
                </TextEquiv>
            </TextLine>
            <TextLine id="r4l31" custom="readingOrder {index:30;}">
                <Coords points="1526,2867 1707,2864 1799,2947 2072,2916 2192,2984 2323,2933 2620,2982 2628,2901 2566,2885 2483,2917 2290,2876 2206,2901 2065,2838 1888,2872 1796,2804 1625,2821 1535,2781"/>
                <Baseline points="1538,2823 1591,2837 1645,2849 1699,2860 1753,2870 1807,2879 1861,2887 1914,2894 1968,2900 2022,2906 2076,2911 2130,2917 2184,2920 2238,2924 2291,2928 2345,2932 2399,2936 2453,2940 2507,2944 2561,2948 2615,2952"/>
                <TextEquiv>
                    <Unicode> gewesne eheman geklagt,  ihme gegeben</Unicode>
                </TextEquiv>
            </TextLine>
            <TextLine id="r4l32" custom="readingOrder {index:31;}">
                <Coords points="1531,2919 1733,3018 1790,2978 1957,3023 2023,2984 2462,3058 2535,3025 2659,3051 2669,2956 2528,2986 2357,2937 2171,2984 2060,2938 1985,2963 1943,2921 1799,2947 1728,2875 1682,2907 1627,2854 1536,2865"/>
                <Baseline points="1539,2913 1594,2928 1650,2942 1705,2953 1761,2963 1817,2972 1872,2979 1928,2985 1984,2990 2039,2995 2095,2999 2151,3003 2206,3007 2262,3011 2318,3014 2373,3017 2429,3022 2485,3026 2540,3031 2596,3038 2652,3044"/>
                <TextEquiv>
                    <Unicode>abe, sye er weider in der verheit auch also</Unicode>
                </TextEquiv>
            </TextLine>
            <TextLine id="r4l33" custom="readingOrder {index:32;}">
                <Coords points="1516,3004 1641,3078 1734,3055 1932,3124 1995,3082 2140,3148 2264,3099 2652,3148 2661,3050 2213,3052 2144,2995 2085,3027 1773,2991 1732,3019 1521,2944"/>
                <Baseline points="1523,2997 1579,3013 1635,3028 1691,3041 1747,3051 1803,3061 1859,3068 1915,3074 1971,3080 2027,3084 2084,3089 2140,3092 2196,3095 2252,3098 2308,3101 2364,3104 2420,3108 2476,3112 2532,3117 2588,3123 2645,3131"/>
                <TextEquiv>
                    <Unicode>beffeffen und sy deß bößen und der Ratur</Unicode>
                </TextEquiv>
            </TextLine>
            <TextLine id="r4l34" custom="readingOrder {index:33;}">
                <Coords points="1526,3102 1769,3143 1894,3209 2098,3178 2256,3241 2371,3193 2399,3226 2706,3236 2675,3142 2540,3133 2478,3179 2274,3112 1880,3139 1701,3060 1662,3091 1601,3045 1530,3061"/>
                <Baseline points="1536,3083 1594,3102 1652,3118 1710,3131 1768,3142 1826,3152 1884,3161 1943,3166 2001,3171 2059,3176 2117,3181 2175,3183 2233,3187 2291,3189 2350,3192 2408,3196 2466,3199 2524,3204 2582,3210 2640,3216 2699,3225"/>
                <TextEquiv>
                    <Unicode>gneider träbenden vorhabens gsin, ihne damit</Unicode>
                </TextEquiv>
            </TextLine>
            <TextLine id="r4l35" custom="readingOrder {index:34;}">
                <Coords points="2101,3201 2109,3201 2110,3199 2119,3199 2121,3201 2133,3201 2133,3186 2125,3186 2122,3189 2121,3187 2119,3189 2112,3189 2110,3187 2101,3187"/>
                <Baseline points="2108,3215 2126,3215"/>
                <TextEquiv>
                    <Unicode></Unicode>
                </TextEquiv>
            </TextLine>
            <TextLine id="r4l36" custom="readingOrder {index:35;}">
                <Coords points="1528,3170 1699,3275 1802,3256 1899,3303 2439,3291 2534,3356 2638,3311 2722,3336 2732,3228 2473,3274 2305,3214 2181,3255 2028,3209 1871,3232 1535,3097"/>
                <Baseline points="1536,3162 1595,3184 1654,3203 1713,3218 1772,3232 1831,3243 1890,3252 1949,3260 2008,3265 2067,3270 2126,3275 2185,3278 2244,3280 2303,3283 2362,3285 2421,3288 2480,3292 2539,3294 2598,3299 2657,3305 2717,3312"/>
                <TextEquiv>
                    <Unicode>it shy zebeigen und gnen abzekommen und</Unicode>
                </TextEquiv>
            </TextLine>
            <TextLine id="r4l37" custom="readingOrder {index:36;}">
                <Coords points="1515,3288 1569,3269 1638,3350 1691,3316 1865,3350 1912,3401 2003,3365 2034,3400 2165,3373 2654,3420 2643,3367 2413,3311 2341,3341 2274,3294 2216,3323 2153,3292 2084,3324 1981,3284 1782,3302 1528,3171"/>
                <Baseline points="1527,3248 1583,3270 1639,3289 1695,3305 1751,3318 1807,3329 1863,3339 1919,3346 1975,3353 2031,3357 2087,3362 2143,3365 2199,3369 2255,3371 2311,3374 2367,3377 2423,3379 2479,3383 2535,3387 2591,3393 2648,3401"/>
                <TextEquiv>
                    <Unicode>ihne deßwegen diser gefarlichen stich geben.</Unicode>
                </TextEquiv>
            </TextLine>
            <TextLine id="r4l38" custom="readingOrder {index:37;}">
                <Coords points="1497,3344 1926,3474 2085,3445 2323,3472 2390,3527 2523,3473 2705,3509 2709,3469 2638,3432 2454,3437 2365,3372 2229,3418 1999,3371 1887,3407 1639,3350 1564,3273 1503,3287"/>
                <Baseline points="1506,3330 1565,3353 1625,3373 1684,3389 1744,3404 1804,3415 1863,3424 1923,3432 1983,3437 2042,3442 2102,3446 2162,3449 2221,3452 2281,3455 2341,3458 2400,3462 2460,3466 2520,3471 2579,3477 2639,3488 2699,3498"/>
                <TextEquiv>
                    <Unicode>und deraber wider heumwerts geloffen, hernehrr</Unicode>
                </TextEquiv>
            </TextLine>
            <TextLine id="r4l39" custom="readingOrder {index:38;}">
                <Coords points="1500,3426 1618,3507 1682,3479 1967,3578 2047,3530 2331,3542 2400,3588 2626,3564 2629,3529 2528,3474 2393,3526 2198,3458 1985,3495 1507,3360"/>
                <Baseline points="1508,3413 1563,3434 1619,3452 1674,3468 1730,3482 1785,3492 1841,3501 1896,3509 1952,3515 2007,3519 2063,3524 2118,3528 2174,3531 2229,3534 2285,3536 2340,3539 2396,3542 2451,3546 2507,3549 2562,3555 2618,3561"/>
                <TextEquiv>
                    <Unicode>der gefenklich guzogen worden, Diengl aber</Unicode>
                </TextEquiv>
            </TextLine>
            <TextLine id="r4l40" custom="readingOrder {index:39;}">
                <Coords points="1500,3516 1594,3579 1711,3562 1808,3616 1991,3592 2274,3622 2335,3666 2405,3633 2634,3656 2615,3585 2240,3585 2140,3537 1968,3578 1675,3483 1625,3513 1509,3433"/>
                <Baseline points="1509,3500 1567,3520 1626,3537 1685,3553 1744,3566 1803,3577 1862,3586 1921,3593 1980,3599 2039,3603 2097,3607 2156,3610 2215,3613 2274,3615 2333,3618 2392,3621 2451,3624 2510,3627 2569,3632 2628,3638"/>
                <TextEquiv>
                    <Unicode>bestlag Baddi sich bals doruff anerpotten, das</Unicode>
                </TextEquiv>
            </TextLine>
            <TextLine id="r4l41" custom="readingOrder {index:40;}">
                <Coords points="1505,3599 1791,3697 2637,3728 2641,3681 2481,3680 2432,3639 2318,3673 2258,3625 2104,3646 2053,3614 1948,3650 1509,3555"/>
                <Baseline points="1514,3587 1569,3604 1625,3622 1681,3636 1737,3648 1793,3657 1848,3667 1904,3674 1960,3679 2016,3684 2072,3687 2127,3690 2183,3693 2239,3695 2295,3696 2351,3698 2406,3699 2462,3702 2518,3705 2574,3709 2630,3714"/>
                <TextEquiv>
                    <Unicode>snen ihme ein gewäße sun gelts gebeh</Unicode>
                </TextEquiv>
            </TextLine>
            <TextLine id="r4l42" custom="readingOrder {index:41;}">
                <Coords points="1512,3677 1804,3795 2176,3757 2229,3809 2663,3810 2668,3756 2597,3718 2487,3763 2409,3711 2270,3743 2133,3694 2018,3730 1908,3676 1673,3690 1568,3610 1517,3619"/>
                <Baseline points="1520,3674 1576,3693 1633,3708 1690,3722 1747,3733 1804,3743 1861,3751 1917,3758 1974,3763 2031,3767 2088,3770 2145,3773 2202,3775 2259,3777 2315,3779 2372,3782 2429,3784 2486,3786 2543,3791 2600,3795 2657,3800"/>
                <TextEquiv>
                    <Unicode>ide, er verschaffen wolte Ig sy der gefan¬</Unicode>
                </TextEquiv>
            </TextLine>
            <TextLine id="r4l43" custom="readingOrder {index:42;}">
                <Coords points="2519,3904 2528,3906 2550,3888 2560,3895 2579,3880 2583,3885 2602,3884 2611,3875 2617,3882 2648,3887 2650,3838 2632,3839 2616,3830 2593,3827 2558,3840 2546,3828 2536,3832 2522,3827"/>
                <Baseline points="2528,3864 2556,3863 2585,3864 2613,3866 2642,3867"/>
                <TextEquiv>
                    <Unicode>ger</Unicode>
                </TextEquiv>
            </TextLine>
            <TextEquiv>
                <Unicode>1642.
liele
ee dene
dnn anderen schuldig, kein gemeinschafft

ly
een   t
de e lehenf
ee n en e e
vsdest fieedurch der widerwillen zwäschen shnei
gwecen, vnd sy Inmitlest vor Jsaae haldi¬
der ihre zu unshren und erschidenliche mahlt
legeet und aber uff ihr abschlachen zu ggnemen.
gerheben nit gelangen mögen) uffgewisen.
worden, sy solle mit einem solicher mag nit
beshalten, er sye ihren nit weit und derglichen
mehr wort.
künkt nun habe es sich begeben, das ihr man
itres musenzuges gekaufft und den roßen
gehercken wöllen, von demselbigen syn ein
ennig uß dem sapgs uff den Tisch gefallen.
vnd sy In dem sy die Seppen geichten wöllen
Ißt, bedlaß, daß ihr maro ihro kein guht thuege
in soliche böse gedancken gefallen, daß sy
deßelbige gifft genommen vnd Ir die blatten
oder sch�ßlen geworffen, Also nun ihr man
die seggen geßen, sy er also bald krank
s aber gwuwen wordn vnd ihme Tiriax
gegeben, das er davon widerumb geneßen.
Diß aber der Meßerstich belange, den wie
 gewesne eheman geklagt,  ihme gegeben
abe, sye er weider in der verheit auch also
beffeffen und sy deß bößen und der Ratur
gneider träbenden vorhabens gsin, ihne damit

it shy zebeigen und gnen abzekommen und
ihne deßwegen diser gefarlichen stich geben.
und deraber wider heumwerts geloffen, hernehrr
der gefenklich guzogen worden, Diengl aber
bestlag Baddi sich bals doruff anerpotten, das
snen ihme ein gewäße sun gelts gebeh
ide, er verschaffen wolte Ig sy der gefan¬
ger</Unicode>
            </TextEquiv>
        </TextRegion>
    </Page>
</PcGts>
