3024 4032
204 -10 295 74 102
236 3642 322 3738 A.
744 23 1034 172 1642.
425 174 1474 365 u. er genugsam bewysen könne, daß eh
411 238 1487 471 sei Schwecher In Todlbert solle geredt haben
414 332 1483 567 er habe ein drunk vor ihme empfangen, daß
418 443 1479 656 ersterben maeße, daß werd sich in einehe
412 530 1477 707 weg nit befinden, vil mehr aber habe er ben
385 611 1485 790 ehrlichen lichten gezeget, er sye ihme der luben
403 717 1459 879 vnder Ignen knd, vnd so er In In snei
403 798 1453 965 krankheit derglychen wort, (so er doch nit
414 902 1446 1068 glauben konne geredt haben möchte, so
421 997 1475 1159 sye jedermenigklichen derbh bekent, daß er
448 1082 1476 1249 in wannhunnger vnd vnbesinter Man ist
429 1177 1439 1320 wie er dar soliches dß vndertschidenlichen
442 1262 1456 1408 Nerschen thaten zeerkennen geben, und habe
447 1358 1493 1491 ihme selbsten villiche mehr deß ursachen i
448 1430 1481 1565 erkundt wytloeffiger yegeführt, zu krank
430 1514 1502 1671 heit und todt verdrsachet, beriffe sich aber
419 1611 1477 1760 deß einen und anderen halben uff Christen
445 1698 1496 1846 Raffi syn frauw und knecht, so ihme ihr
434 1785 1361 1951 yner ranckheit abgewartet4
827 1863 973 2014 e
426 1922 1519 2072 en anderen pancten dan belangendt, da
446 2021 1504 2163 er droben zu sanen am letstgehaltenen uff
450 2096 1488 2258 mit deß herren landtvogts, der ring hab hiht
446 2180 1498 2376 beschließen und die wehr yeleggen. Sie
409 2286 1507 2482 zwar nit weniger den, daß er damahls by
455 2377 1490 2551 und mit gsie, alß mare der herren landtvogt
455 2455 1501 2649 empfangen und von deß mit syner frawwes
464 2559 1511 2746 gehahten handelß da er lang hermegezegen
468 2639 1480 2814 vnd zu keinem Rechten gelangen konnen,
469 2727 1515 2892 etwas ungedultig gsee, hiemit herfür ge
468 2807 1521 2984 rackt und etwas anzeigen wollen, Daß er
481 2900 1521 3086 aber obige wort solle geredt haben, können
463 3005 1467 3181 er beder Ja noch Nein daüber geben,
459 3101 1490 3263 und kente by syner soligkeit und soser
468 3134 1516 3352 darüber sterben müste nit zugegen, ob er h
467 3255 1513 3492 geredt oder nit geredt hette, glaube aber
465 3322 1509 3595 vil mehr undhoffe er selbiges nit werde.
332 3402 1546 3727 Eß sie zwar nit minder den, daß er in gestag gernd
382 3486 1564 3756 von 3 jahren einmahl mit ihm getrenken, da er sich er
396 3547 1567 3819 eit syg ihm ein beßer drunk worden, Eit habe es aber e
398 3601 1547 3873 nit geklagt, sich auch nit beschinen, nit trent worden
408 3680 1546 3965 sithar noch 3 Jahr gelept, sithar vnd zuvor hab ir tuher
434 3872 900 4027 nit ihm getrnth
1487 231 1555 320 1.
1970 42 2302 171 1642.
1590 77 2738 385 gendt noch daran gesinnet haben. Eß sye aber dese
1593 188 2735 489 en landtvagts bruder nechst vor ichme haestanden
1587 293 2510 518 den wolle er gerg darüber zugen laßen.
1567 390 2646 625 Vndt ob durch kentschafft sich befunde, daß er
1598 468 2694 692 stliche oder derglychen wort möchte ußgelaßen.
1575 541 2713 789 haben, so er doch keines wegs glauben könne,
1571 615 2696 898 so meste selbiges trunkener wyß, dan er do¬
1609 743 2733 944 mahl mit wyn zimlicher maßen sich ubernommen
1607 814 2735 1053 beschechen hu, pette ihn solicher thal Gort
1615 902 2716 1123 der herren und zu gredige obrigkeit umb
1618 1051 2162 1187 Gnad und Verzychung
1550 1079 2777 1284 WWaß dan den entstandenen tiealt am vffeit
1615 1178 2745 1354 betraffe, könne er die redli führer deßelben
1615 1259 2744 1443 ob er schon daruff storben müßte nit anzeigen.
1616 1302 2779 1502 neße auch nit war den schiz im lanthuß und
1621 1412 2787 1581 uß der kachi gethan, das er damahl mit dem
1621 1524 2272 1661 h landtvogt geredt habe.
1626 1593 2836 1735 Vil runger habe er auch deß Iffrarischen wesens
1642 1677 2783 1850 halben, wie ihme fürgehalten worden, die bereffen
1632 1750 2756 1902 und potschafften hin und wider getragen, ußert
1628 1844 2779 1982 deß Klauwin kallen, ihme alhie einen brieff an
1650 1943 2773 2086 zn fraue übergethen den erhinrff getragen.
1621 2098 2787 2235 Waß dan den Sohus so Christen Schwiz gebell
1647 2183 2785 2316 by præsentation deß  landtvogts soll ge
1666 2272 2857 2402 thanhaben belange, wüße er davon nit zezegen
1622 2359 2839 2508 Orßert daß sey bruder ihm gesagt habe, Christen
1662 2459 2848 2582 Scfeitgebell hab ein Schut In die hoche gethan
1671 2539 2836 2707 un kastlan Baldis bruder clamen ihme
1666 2641 2334 2796 daß ferrseil darzu gebh.
