3024 4032
958 -2 1268 139 1642
563 48 1646 381 dsishen glich e l hendishen
558 187 1657 478 fyy heit mahlen, dan sy müser hybger sa
549 289 1640 562 haber diß nun gen sy deß einen worden
571 382 1664 630 Nornderist mit hinanderen fr daß sibrghal
557 469 1672 720 zegehen und sye uff daß endt ihr marte
567 573 1652 798 vor thag uffgestanden, alß es ihre ale si
538 659 1651 895 dunkte, wider indergangen, vber ein sich
555 738 1640 991 aber wider uffgestand und mit einende
523 839 1642 1058 zwey gangen, Alßo Ihr Mar aber gegen
544 934 1650 1161 daß gestad wöllen, habe sy sich deß vorth
549 1040 1619 1213 behelcten und abendurch wollen, wyl es
543 1131 1629 1302 k�rzer sye, da er ihre gefolget und
553 1222 1639 1404 obendurch, ob er schon den weg nit gerus
537 1293 1612 1502 gangen; Nachdem sy nun zu die straß
550 1414 1641 1569 kommen, haben y widerumb nit der ses
537 1502 1614 1646 nach, sondern ofengnen wollen, ayli der
516 1608 1614 1758 wag beßer ge, der hab ihro abermahl
530 1691 1603 1834 gefolget, daselbstrachere gangen, s ihn
525 1773 1553 1933 nachkommen, und gesagt, sy forchte ihre
1549 1814 1602 1918 6
510 1870 1522 2041 ghöre etwas und wölle vordennen,
1537 1911 1621 2024 1
519 1972 1605 2114 hienüt für ihro gangen und aber einge
515 2062 1594 2205 zytlang sich da umb einandern Istgehalten
519 2144 1587 2312 daß ihr man entlich geklagt. Es fr
520 2235 1577 2426 ihn, sy wöllen gahn: Sy aber sye vor ihr
509 2322 1577 2521 gsin, hab ihn also uffgehalten, etwas
519 2416 1598 2623 gezengt, geschwäzt und gegengglet, a
497 2554 1582 2694 das er abermahl sy vortzegahr vermant
470 2636 1586 2837 Da habe sy geantwortet, sy habe sich besie
456 2729 1586 2957 sy wolle nit zu dem kleideren gahn und
485 2813 1571 3045 der diruff vermeldet, so sy sich anderist
495 2935 1570 3115 wölle anlegen, so wsölle er mit ihro
504 3013 1583 3273 sy solle mit ihm, aber wen sy daß här
486 3117 1561 3311 und nit mit ihm wolle, so wolle er si
481 3207 1560 3435 nechst weder zu hoch zyt nrch tanz mehob
454 3275 1570 3541 und daraff gesagt, er solte ihro mit de
1389 3374 1537 3496 Dagt
2167 -5 2450 138 1642.
1696 18 2831 432 ade
1714 136 2926 481 golhen und aber weglen das behenk drueb war
1719 210 2886 537 ih vsfuchen können. Dorüber habe sy ihme
1713 303 2916 636 s mor gezeigt und flyßig uff der augen
1729 421 2895 714 schechen, hernacher aber alß ihr man uber
1719 487 2872 787 et brugk wolen und sy für ihn gangen
1701 587 2846 906 gatt y ihm das rock ergriffen, vnd mit
1685 683 2857 963 wnlig vibstend lihne uffgehalten und ge
1707 826 2855 1062 veagt waß für duch daran und wie vil
1719 893 2853 1160 Ier daruff seün fntlich auch gefragt.
1707 980 2868 1234 Wey dar mit mehr wölle zhengert laßen.
1705 1113 2899 1342 sy also geliebkoset, gestreichlet und mit
1708 1206 2850 1413 merheidt uff der angen getätschlet,
1693 1326 2824 1492 Nit der anderen aber mit ergrifffroete
1689 1425 2788 1608 swreen Messer einer holicher stich zu
1694 1536 2823 1722 sich gegeben, daß ihme daß Nahe hernse
1679 1650 2885 1820 gechinget und sy leider deß rebarmherzigen
1701 1735 2868 1900 seedtlichen und bosen willens gsins, ihne
1687 1864 2832 2005 dmmit umbs läben ze bringen und syner
1681 1959 2757 2119 durch diß mittell abzekommen, hab sich
1687 2061 2791 2181 himit wider umbgewent und nach dem
1674 2154 2796 2319 dorff gelofen der man auch algemach
1679 2248 2755 2441 ochgevolget, vnd aler deß sichs halben
1672 2343 2816 2516 kont und gesendt worden, Sy aber sye da
1672 2426 2843 2659 it zu sunen gefenklich zu zegenwerden daß
1647 2540 2820 2758 aber ihr vatter und schwager mit Cnstens
1814 2657 2304 2755 n gewuße sum Epe
1653 2636 2828 2854 balden wie ihra zehelffter ware tractirt snnd
1636 2750 2803 2958 ihm 100 7 für den statthalten und 100 f
1639 2860 2805 3076 an ihn durch mittell einer verschrybung
1627 2897 2814 3165 eektet und er versprochen, daß vr
1629 3039 2840 3276 bitlest deßen sy der gefangenschalt ledig
1616 3124 2809 3371 und ihr sach ohne schmach und schand besage
1614 3208 2793 3448 richt werden mahen, hab es darubf sich
1614 3337 2817 3554 ser sach so geflißenlich angenomnn,
1585 3401 2751 3656 gtgebne bingschafft hin und erlag etwas sych
1620 3520 2460 3699 gelte der gefangenschafft erlaßen worden.
