3024 4032
928 1 1293 142 1642
545 18 1650 366 Ihen abgachte, hnder zue
566 159 1666 466 fürsichtigen ehefahren und Trysen krey
544 240 1657 544 zu Samnel Harß Burheri vom Kleingen
538 375 1662 608 Frri Abroham Lierharts vom großen Schat
531 440 1655 686 Hrr Sansrell Leebers Großeresell vnd
548 562 1655 774 etlicher ir sy dienern der reiblih, be
564 695 1627 879 schechen und verrichtet worden, das den
556 784 1640 1013 sy den ganzen verlaaff der sach, deß
532 859 1630 1075 kinter und anderen puucters halben
568 954 1654 1180 müt und ohne marter verjühen bee
528 1065 1411 1246 und erhalten, wie volget
485 1173 1617 1420 Erstlich daß aaß s ihrem abgeschidenen
528 1330 1593 1514 eeman verhurahtnt worden, habe sy
535 1445 1611 1601 Niemahls Ceinen rechten luß vnd willen
523 1525 1586 1694 zu ihme, wie auch nit wenigen er zu
534 1623 1588 1783 ihra ghan, sondern er haben sy ihrem
524 1733 1596 1892 vatter und der fenntschafft hinderuff
517 1814 1586 1969 mit disew yngeführt und überkommen,
480 1924 1578 2079 nach volzogner ehe aber  sonstatt
493 2000 1585 2167 ehelicher teiw pflicht und liebe, so ze ein
1454 2114 1558 2189 he
496 2103 1583 2271 Ehmentsch dem Andern schuldig) sich nacht
491 2217 1584 2384 angenomen, kein gefrrmschafft noch ehr
452 2309 1598 2462 kliche bywohnung by Cihran nit ghann, hin
495 2416 1565 2577 daß durch diß mittell ein großer
501 2481 1593 2683 widerwillen und haß zwüschen ihnen mit
1505 2590 1595 2724 R
497 2615 1490 2760 und sy inmitlest vor Jsaar Gald
1494 2709 1574 2803 zu
1234 2687 1474 2833 dirihn
484 2709 858 2858 Alli forden.
454 2794 1561 2976 underschidenliche mahl begert und ihm
458 2908 1574 3074 vorhabens aber nit gewahrt werden mogt
467 3003 1550 3205 abgweisen worden, sy solle mit einem
447 3066 1553 3287 solchen schlechten liidfer gsell nit zu schethn
426 3187 1532 3400 er se ihre nit währt und derglgchen
435 3340 813 3483 wort mehr.
428 3367 1416 3604 er solle nachmitlen trachten von ihm zekommen.
1357 3418 1494 3551 s
2169 7 2521 140 1642.
1708 51 2851 396 er ah deheten dab
1699 151 2946 511 ehr min etwast rüsenzagars iß dem dorff
1700 269 2882 579 gelacht, sy ihne gefragt, waß daß syye
1694 385 2912 680 vnd worzt ers bruchen wolle, vnd ser ge¬
1707 431 2946 707 entwertet eß sye deß bösten schlangengaffts,
2394 553 2553 629 buffen
1692 533 2851 835 r wölle es siden roßer  dar
1696 619 2894 925 sy daton eins wenig vff daß Tist gefallen,
1697 741 2868 1017 vnd sy vß anlaß das ihr Mag
1699 857 2919 1103 sche kein gut noch Eheliche liebe vnd steire
1696 961 2897 1196 se in soliche böse, vnd verderbliche
1683 1044 2857 1306 gedancken gerachten, das sy selbiges gottt
1709 1172 2827 1369 genomen, vnd selliges zu dem sy die
1686 1252 2879 1477 Suppen anrichtete wollen, In die schustell
1706 1359 2834 1563 oder blatten geworffen, weliches alß es
1687 1455 2938 1670 sheman gegeßen, sye er also bald gar krank
1699 1565 2824 1768 worden, also daßen sich syner erbarwet
1694 1683 2875 1858 und ihme alsobalß Trax gegeben, darin
1694 1783 2869 1945 er dan widerumb geüesen fyür vnd gsund
1683 1905 1925 2038 worden hr.
1923 1906 2016 2018 6
1650 1991 2810 2211 Vleet bist darnach habe es sich begebh,
1674 2115 2930 2285 daß sy die beide ehelüst sich den 16. mertzn
1658 2225 2912 2408 berschien johes mit einanderen veranlaßet
1679 2327 2886 2539 In deßlibenthab zu ihrem bruder ze gahn,
1611 2439 2806 2604 und sy ihres mar angemichtet er solle
1652 2519 2909 2705 he der meßer schlyffen, er zwar eis alsored
1633 2641 2835 2849 hlen sy leiderses anderstwohnn gangen,
1649 2723 2823 2953 nit than, nachdere sy aber heimkomen,
1631 2810 2899 3060 ihre gesagt, sy solle ihm jez die meßen gebehn
1628 2904 2764 3138 so woll er sy schlyffen, damit sy ihrer aß
1617 2983 2895 3255 der ohren kome, alß aber das eint meßer
1630 3081 2817 3362 etwas mut und stump gsin und er daß
1627 3185 2838 3430 snder auch also sihier mutz geschloffen, hab
1610 3295 2615 3502 4 und er hietor (wie sy erst gesteigen hags iu
1634 3391 2642 3579 zu erren Großmeibel leibers und h wynschenk
1633 3443 2730 3645 wag zu der gefangenschafft bekantlich worden ihre
1634 3536 2778 3727 geteiünt habe er wolle noch mitlen trachten, das er ihren
1631 3592 2730 3784 vatter und hernach auch sy mit einem bizlin abschaffen
1631 3636 2748 3852 köüne, damit er ihren abkommen und glychwohl ihm ihn
1680 3731 1933 3839 gut beybe.
