<?xml version="1.0" encoding="UTF-8" standalone="yes"?>
<PcGts xmlns="http://schema.primaresearch.org/PAGE/gts/pagecontent/2013-07-15" xmlns:xsi="http://www.w3.org/2001/XMLSchema-instance" xsi:schemaLocation="http://schema.primaresearch.org/PAGE/gts/pagecontent/2013-07-15 http://schema.primaresearch.org/PAGE/gts/pagecontent/2013-07-15/pagecontent.xsd">
    <Metadata>
        <Creator>prov=University of Rostock/Institute of Mathematics/CITlab|PLANET AI GmbH/Gundram Leifert/gundram.leifert@planet-ai.de:name=German_Kurrent_XVI-XVIII_M1(htr_id=19584)::::v=2.6.7
prov=University of Rostock/Institute of Mathematics/CITlab|PLANET AI GmbH/Tobias Gruening/tobias.gruening@planet-ai.de:name=de.uros.citlab.module.baseline2polygon.B2PSeamMultiOriented:v=2.6.7
prov=University of Rostock/Institute of Mathematics/CITlab|PLANET AI GmbH/Gundram Leifert/gundram.leifert@planet-ai.de:name=German_Kurrent_XIX_comb-Huber_M2(htr_id=23847)::::v=2.6.6
prov=University of Rostock/Institute of Mathematics/CITlab|PLANET AI GmbH/Tobias Gruening/tobias.gruening@planet-ai.de:name=de.uros.citlab.module.baseline2polygon.B2PSeamMultiOriented:v=2.6.6
prov=University of Rostock/Institute of Mathematics/CITlab|PLANET AI GmbH/Tobias Gruening/tobias.gruening@planet-ai.de:name=/net_tf/LA73_249_0mod360.pb:de.uros.citlab.segmentation.CITlab_LA_ML:v=2.6.6
Transkribus</Creator>
        <Created>2020-10-05T12:43:12.706+02:00</Created>
        <LastChange>2022-09-09T16:33:10.083+02:00</LastChange>
        <TranskribusMetadata docId="1334822" pageId="52360297" pageNr="58" tsid="114642057" status="IN_PROGRESS" userId="9570" imgUrl="https://files.transkribus.eu/Get?id=NJUHLCOXIWUNMFPSYVNXKAWQ&amp;fileType=view" xmlUrl="https://files.transkribus.eu/Get?id=DYOCCTHKGYJNBTFPYHJROGOX" imageId="16049119"/>
    </Metadata>
    <Page imageFilename="IMG_3568.jpeg" imageWidth="3024" imageHeight="4032">
        <ReadingOrder>
            <OrderedGroup id="ro_1687513762690" caption="Regions reading order">
                <RegionRefIndexed index="0" regionRef="r1"/>
                <RegionRefIndexed index="1" regionRef="r2"/>
                <RegionRefIndexed index="2" regionRef="r3"/>
                <RegionRefIndexed index="3" regionRef="r4"/>
                <RegionRefIndexed index="4" regionRef="r5"/>
                <RegionRefIndexed index="5" regionRef="r6"/>
                <RegionRefIndexed index="6" regionRef="r7"/>
                <RegionRefIndexed index="7" regionRef="r8"/>
            </OrderedGroup>
        </ReadingOrder>
        <TextRegion orientation="0.0" id="r1" custom="readingOrder {index:0;}">
            <Coords points="368,0 368,118 452,118 452,0"/>
            <TextLine id="r1l1" custom="readingOrder {index:0;}">
                <Coords points="363,85 379,82 399,96 411,90 436,59 442,61 460,54 449,-1 412,17 401,11 393,16 365,9 361,13 349,13"/>
                <Baseline points="368,68 396,64 424,57 452,53"/>
                <TextEquiv>
                    <Unicode>75</Unicode>
                </TextEquiv>
            </TextLine>
            <TextEquiv>
                <Unicode>75</Unicode>
            </TextEquiv>
        </TextRegion>
        <TextRegion orientation="0.0" id="r2" custom="readingOrder {index:1;}">
            <Coords points="383,131 383,3636 1604,3636 1604,131"/>
            <TextLine id="r2l1" custom="readingOrder {index:0;} place {offset:14; length:10;}">
                <Coords points="459,185 990,211 1106,272 1254,233 1486,333 1575,298 1583,222 1317,204 963,96 609,145 548,89 467,106"/>
                <Baseline points="468,167 523,172 578,179 633,182 688,188 743,191 798,195 853,199 908,202 963,207 1018,210 1073,215 1128,220 1183,225 1238,232 1293,238 1348,247 1403,256 1458,266 1513,277 1568,290"/>
                <TextEquiv>
                    <Unicode>abermahlen zu Huntzicken mit obiger silh</Unicode>
                </TextEquiv>
            </TextLine>
            <TextLine id="r2l2" custom="readingOrder {index:1;}">
                <Coords points="469,260 1173,308 1254,353 1379,335 1461,394 1522,365 1610,397 1620,303 1486,332 1237,238 1104,272 1039,229 871,253 775,198 475,210"/>
                <Baseline points="480,240 536,247 592,253 648,258 704,263 761,267 817,273 873,276 929,281 985,285 1042,290 1098,295 1154,301 1210,307 1266,313 1323,321 1379,330 1435,340 1491,350 1547,364 1604,378"/>
                <TextEquiv>
                    <Unicode>2 Anken ballen, so leiben brodt,  gen</Unicode>
                </TextEquiv>
            </TextLine>
            <TextLine id="r2l3" custom="readingOrder {index:2;}">
                <Coords points="458,339 716,347 810,420 1033,394 1134,428 1213,394 1581,464 1587,403 1462,395 1380,339 1206,351 1074,306 1028,336 961,293 892,325 629,273 533,301 466,257"/>
                <Baseline points="468,320 523,324 578,329 634,333 689,337 744,341 800,345 855,348 910,350 966,354 1021,359 1076,364 1132,368 1187,375 1242,382 1298,389 1353,399 1408,409 1464,420 1519,433 1575,449"/>
                <TextEquiv>
                    <Unicode>sy under der thur schwellen gmyngebrachen, ent</Unicode>
                </TextEquiv>
            </TextLine>
            <TextLine id="r2l4" custom="readingOrder {index:3;} place {offset:3; length:10;}">
                <Coords points="450,497 548,463 732,491 779,539 848,501 896,530 1078,503 1202,560 1375,537 1539,603 1560,536 1467,474 1407,513 1320,503 1190,427 969,470 882,419 771,452 572,346 462,370"/>
                <Baseline points="461,452 515,458 569,464 624,470 678,475 732,480 787,484 841,488 895,491 950,495 1004,498 1058,502 1113,507 1167,513 1221,518 1276,525 1330,532 1384,541 1439,552 1493,564 1548,576"/>
                <TextEquiv>
                    <Unicode>zu Derrenroth habe er mit hilff syner gesporen</Unicode>
                </TextEquiv>
            </TextLine>
            <TextLine id="r2l5" custom="readingOrder {index:4;}">
                <Coords points="469,578 1153,585 1259,644 1381,620 1558,668 1571,613 1386,545 1131,554 1083,506 977,546 845,502 799,538 732,500 588,528 540,479 474,511"/>
                <Baseline points="480,543 534,546 588,550 642,554 696,557 750,560 804,564 858,566 912,569 966,573 1020,578 1074,581 1128,585 1182,590 1236,596 1290,602 1344,609 1398,616 1452,624 1506,634 1560,644"/>
                <TextEquiv>
                    <Unicode>uß einem spyßgaden bey 8 leiben brodt genommen</Unicode>
                </TextEquiv>
            </TextLine>
            <TextLine id="r2l6" custom="readingOrder {index:5;}">
                <Coords points="479,656 909,654 1121,704 1424,731 1466,705 1563,745 1568,677 1502,634 1450,669 1046,586 768,615 705,579 630,611 484,589"/>
                <Baseline points="489,621 542,626 595,630 649,635 702,637 756,640 809,642 862,645 916,647 969,650 1023,652 1076,654 1129,659 1183,663 1236,667 1290,673 1343,679 1396,686 1450,695 1503,705 1557,717"/>
                <TextEquiv>
                    <Unicode>und auch under der thür schwellen hinyngebrachen,</Unicode>
                </TextEquiv>
            </TextLine>
            <TextLine id="r2l7" custom="readingOrder {index:6;} place {offset:17; length:14;} place {offset:35; length:8;}">
                <Coords points="461,773 560,741 754,788 853,758 982,807 1118,789 1172,832 1356,799 1439,849 1568,838 1570,800 1483,745 1295,704 1176,752 956,703 840,739 790,698 705,717 469,660"/>
                <Baseline points="471,740 525,743 579,746 634,747 688,750 743,753 797,755 852,759 906,762 961,765 1015,769 1069,772 1124,777 1178,781 1233,787 1287,792 1342,798 1396,804 1451,811 1505,819 1560,827"/>
                <TextEquiv>
                    <Unicode>zu abermahlen im Fryburg gepiet zu Guürpryn</Unicode>
                </TextEquiv>
            </TextLine>
            <TextLine id="r2l8" custom="readingOrder {index:7;}">
                <Coords points="483,846 732,888 795,837 929,888 998,843 1334,917 1387,881 1572,916 1577,837 487,772"/>
                <Baseline points="492,819 545,822 599,826 653,829 706,831 760,834 814,836 867,839 921,842 975,843 1029,846 1082,848 1136,851 1190,855 1243,858 1297,863 1351,869 1404,874 1458,880 1512,887 1566,896"/>
                <TextEquiv>
                    <Unicode>mit hilff synes gespanen Grorgen uß einer mit</Unicode>
                </TextEquiv>
            </TextLine>
            <TextLine id="r2l9" custom="readingOrder {index:8;} person {offset:4; length:4;}">
                <Coords points="474,932 952,914 1202,977 1337,936 1582,983 1585,917 1435,883 1332,916 1015,850 927,889 872,860 477,874"/>
                <Baseline points="483,900 537,903 592,905 646,907 701,908 756,910 810,911 865,912 919,914 974,915 1029,917 1083,918 1138,921 1192,924 1247,929 1302,933 1356,937 1411,944 1465,952 1520,960 1575,969"/>
                <TextEquiv>
                    <Unicode>wen Hans etwas ankens schmars undt brots</Unicode>
                </TextEquiv>
            </TextLine>
            <TextLine id="r2l10" custom="readingOrder {index:9;} place {offset:31; length:13;}">
                <Coords points="466,1010 743,981 948,1017 984,988 1519,1044 1542,982 1372,946 1317,983 943,957 837,914 686,950 597,900 468,937"/>
                <Baseline points="474,983 529,980 585,980 641,978 696,978 752,980 808,980 864,981 919,983 975,986 1031,988 1087,990 1142,993 1198,998 1254,1001 1310,1005 1365,1008 1421,1013 1477,1016 1533,1020"/>
                <TextEquiv>
                    <Unicode>gestolen und zuglych under der thurschwellen</Unicode>
                </TextEquiv>
            </TextLine>
            <TextLine id="r2l11" custom="readingOrder {index:10;}">
                <Coords points="453,1096 676,1060 748,1093 817,1053 964,1095 1032,1057 1194,1105 1492,1093 1572,1142 1577,1029 1491,1053 984,990 941,1023 861,987 525,1037 456,1008"/>
                <Baseline points="461,1058 516,1056 571,1056 626,1056 682,1056 737,1056 792,1058 847,1058 903,1059 958,1061 1013,1062 1068,1064 1124,1067 1179,1070 1234,1072 1289,1076 1345,1080 1400,1085 1455,1089 1510,1094 1566,1101"/>
                <TextEquiv>
                    <Unicode>gmyngebracht, Hierzu habe sy ein gewüst wyl</Unicode>
                </TextEquiv>
            </TextLine>
            <TextLine id="r2l12" custom="readingOrder {index:11;} person {offset:8; length:6;} place {offset:26; length:5;} place {offset:36; length:7;}">
                <Coords points="486,1170 568,1197 697,1136 766,1186 939,1138 1179,1155 1274,1202 1344,1150 1588,1211 1590,1149 1477,1092 489,1085"/>
                <Baseline points="495,1133 549,1134 603,1134 657,1136 712,1136 766,1136 820,1136 875,1136 929,1136 983,1137 1038,1137 1092,1138 1146,1140 1200,1142 1255,1145 1309,1149 1363,1153 1418,1159 1472,1165 1526,1173 1581,1182"/>
                <TextEquiv>
                    <Unicode>sersohn Ursula genandt zu Gaßli bey Burgdas</Unicode>
                </TextEquiv>
            </TextLine>
            <TextLine id="r2l13" custom="readingOrder {index:12;}">
                <Coords points="487,1222 765,1271 880,1220 1279,1251 1330,1220 1578,1296 1580,1214 1419,1168 1255,1205 1191,1166 960,1155 879,1187 679,1146 586,1192 489,1178"/>
                <Baseline points="495,1208 548,1211 602,1212 656,1214 710,1215 764,1215 818,1217 871,1217 925,1217 979,1218 1033,1218 1087,1220 1141,1220 1195,1221 1248,1224 1302,1226 1356,1229 1410,1233 1464,1236 1518,1242 1572,1247"/>
                <TextEquiv>
                    <Unicode>wohnhafft angewisen, die er auch bey 14 tagen</Unicode>
                </TextEquiv>
            </TextLine>
            <TextLine id="r2l14" custom="readingOrder {index:13;}">
                <Coords points="479,1331 568,1303 687,1342 777,1302 882,1359 1137,1365 1326,1304 1397,1340 1437,1308 1577,1325 1557,1285 1348,1231 1259,1260 1199,1225 950,1222 811,1270 479,1256"/>
                <Baseline points="486,1292 540,1294 594,1295 648,1296 702,1296 756,1296 810,1296 865,1296 919,1295 973,1295 1027,1293 1081,1293 1135,1293 1189,1293 1244,1293 1298,1296 1352,1298 1406,1301 1460,1305 1514,1309 1569,1316"/>
                <TextEquiv>
                    <Unicode>mnit sich herumb gezogen und sich mit ihre ver</Unicode>
                </TextEquiv>
            </TextLine>
            <TextLine id="r2l15" custom="readingOrder {index:14;}">
                <Coords points="461,1388 496,1385 536,1405 564,1387 596,1407 624,1391 617,1307 601,1316 566,1302 534,1312 514,1329 473,1331 457,1342"/>
                <Baseline points="467,1373 496,1367 525,1362 555,1361 584,1359 614,1361"/>
                <TextEquiv>
                    <Unicode>deßen</Unicode>
                </TextEquiv>
            </TextLine>
            <TextLine id="r2l16" custom="readingOrder {index:15;} place {offset:22; length:7;}">
                <Coords points="438,1459 1535,1483 1537,1414 1403,1380 1051,1399 898,1354 697,1424 629,1385 562,1421 441,1385"/>
                <Baseline points="447,1442 501,1443 555,1444 609,1445 663,1446 717,1448 771,1448 825,1449 879,1451 933,1452 987,1454 1041,1454 1095,1457 1149,1458 1203,1460 1257,1462 1311,1464 1365,1466 1419,1469 1473,1473 1527,1476"/>
                <TextEquiv>
                    <Unicode>Da er dannit wyth von Fryburg mit ihrer</Unicode>
                </TextEquiv>
            </TextLine>
            <TextLine id="r2l17" custom="readingOrder {index:16;}">
                <Coords points="456,1559 697,1530 811,1563 913,1541 990,1584 1078,1545 1260,1580 1541,1545 1531,1515 1276,1485 984,1495 946,1458 876,1491 785,1455 668,1491 586,1451 458,1458"/>
                <Baseline points="465,1512 518,1515 571,1518 625,1520 678,1521 732,1523 785,1525 838,1526 892,1527 945,1529 999,1529 1052,1530 1105,1530 1159,1532 1212,1533 1266,1534 1319,1535 1372,1536 1426,1538 1479,1541 1533,1542"/>
                <TextEquiv>
                    <Unicode>hilff 4 leiben brodt uß einem faller genamen.</Unicode>
                </TextEquiv>
            </TextLine>
            <TextLine id="r2l18" custom="readingOrder {index:17;} place {offset:3; length:10;}">
                <Coords points="434,1691 571,1655 662,1697 738,1657 875,1704 931,1659 1063,1654 1180,1701 1277,1662 1530,1721 1560,1602 436,1564"/>
                <Baseline points="443,1641 498,1644 553,1647 609,1649 664,1650 720,1650 775,1652 830,1652 886,1652 941,1652 997,1653 1052,1653 1107,1653 1163,1654 1218,1655 1274,1656 1329,1659 1384,1661 1440,1664 1495,1668 1551,1671"/>
                <TextEquiv>
                    <Unicode>Im Guggißberg habe er mit huff synes grsfer</Unicode>
                </TextEquiv>
            </TextLine>
            <TextLine id="r2l19" custom="readingOrder {index:18;} person {offset:0; length:15;}">
                <Coords points="464,1743 663,1780 1078,1737 1171,1779 1233,1736 1429,1726 1554,1763 1554,1708 1433,1715 1375,1671 1187,1701 1116,1673 1069,1711 928,1663 884,1703 784,1681 727,1713 464,1658"/>
                <Baseline points="471,1727 524,1731 578,1733 632,1734 686,1736 740,1736 793,1736 847,1736 901,1736 955,1734 1009,1734 1062,1733 1116,1733 1170,1731 1224,1731 1278,1733 1331,1733 1385,1734 1439,1737 1493,1740 1547,1745"/>
                <TextEquiv>
                    <Unicode>Lorentz Wolffen uß einem opycherda sy gen</Unicode>
                </TextEquiv>
            </TextLine>
            <TextLine id="r2l20" custom="readingOrder {index:19;}">
                <Coords points="459,1825 654,1846 1017,1804 1058,1840 1572,1850 1572,1768 1430,1727 1172,1780 1052,1742 1004,1778 697,1783 460,1744"/>
                <Baseline points="467,1803 521,1803 576,1803 631,1803 686,1805 741,1805 796,1805 851,1805 906,1806 961,1806 1016,1806 1070,1808 1125,1809 1180,1809 1235,1811 1290,1812 1345,1812 1400,1814 1455,1815 1510,1817 1565,1818"/>
                <TextEquiv>
                    <Unicode>lach hinyngebrocht vor 6 wuchen 4 säck 4 hentli</Unicode>
                </TextEquiv>
            </TextLine>
            <TextLine id="r2l21" custom="readingOrder {index:20;}">
                <Coords points="449,1905 726,1935 936,1886 1135,1950 1547,1910 1547,1845 1495,1837 1398,1869 1333,1832 964,1811 847,1860 792,1812 662,1847 449,1825"/>
                <Baseline points="456,1892 510,1892 564,1890 618,1890 672,1890 726,1889 780,1889 835,1889 889,1889 943,1889 997,1890 1051,1890 1105,1890 1159,1890 1214,1891 1268,1892 1322,1892 1376,1893 1430,1893 1484,1893 1539,1895"/>
                <TextEquiv>
                    <Unicode>8 lynlachen und 8 fllen hußtuch genommen,</Unicode>
                </TextEquiv>
            </TextLine>
            <TextLine id="r2l22" custom="readingOrder {index:21;}">
                <Coords points="447,1977 602,2004 722,1981 905,2009 939,1989 974,2012 1166,1998 1165,1944 1115,1946 1066,1908 1009,1923 949,1890 904,1923 741,1947 447,1905"/>
                <Baseline points="455,1965 490,1967 525,1970 560,1970 595,1971 630,1971 665,1971 701,1971 736,1971 771,1970 806,1970 841,1969 876,1968 911,1967 947,1967 982,1967 1017,1967 1052,1967 1087,1968 1122,1968 1158,1971"/>
                <TextEquiv>
                    <Unicode>darvon er 2 g bekhommen.</Unicode>
                </TextEquiv>
            </TextLine>
            <TextLine id="r2l23" custom="readingOrder {index:22;} place {offset:3; length:6;}">
                <Coords points="448,2102 783,2087 975,2130 1154,2086 1280,2120 1494,2108 1555,2050 938,1989 836,2029 447,2027"/>
                <Baseline points="456,2088 510,2090 565,2090 619,2088 674,2088 729,2088 783,2087 838,2087 892,2085 947,2085 1002,2084 1056,2082 1111,2082 1165,2081 1220,2081 1275,2079 1329,2079 1384,2079 1438,2079 1493,2081 1548,2081"/>
                <TextEquiv>
                    <Unicode>Im murten gepiet habe er met hilff syner geae</Unicode>
                </TextEquiv>
            </TextLine>
            <TextLine id="r2l24" custom="readingOrder {index:23;}">
                <Coords points="466,2188 1023,2156 1136,2206 1267,2153 1497,2169 1538,2156 1537,2079 1380,2125 1154,2087 1075,2129 866,2100 754,2139 672,2099 626,2135 538,2090 465,2121"/>
                <Baseline points="474,2165 526,2163 579,2163 632,2162 685,2160 738,2160 790,2159 843,2159 896,2157 949,2157 1002,2156 1054,2154 1107,2154 1160,2153 1213,2152 1266,2151 1318,2150 1371,2150 1424,2148 1477,2147 1530,2145"/>
                <TextEquiv>
                    <Unicode>ellen uß einen spycher 4 rok genommen undt</Unicode>
                </TextEquiv>
            </TextLine>
            <TextLine id="r2l25" custom="readingOrder {index:24;}">
                <Coords points="449,2298 581,2263 810,2296 1372,2284 1433,2258 1431,2169 1280,2156 1136,2205 1019,2163 766,2166 652,2203 595,2169 447,2222"/>
                <Baseline points="456,2250 504,2249 552,2246 601,2244 649,2243 698,2242 746,2241 794,2240 843,2239 891,2238 940,2238 988,2237 1036,2237 1085,2235 1133,2234 1182,2234 1230,2232 1278,2231 1327,2229 1375,2226 1424,2225"/>
                <TextEquiv>
                    <Unicode>obgadachtem stirchi umb 4 g verkhaufftn.</Unicode>
                </TextEquiv>
            </TextLine>
            <TextLine id="r2l26" custom="readingOrder {index:25;} place {offset:3; length:8;}">
                <Coords points="436,2366 1031,2365 1094,2398 1126,2366 1549,2363 1547,2271 1473,2299 1415,2258 1348,2298 904,2278 701,2322 434,2282"/>
                <Baseline points="444,2363 498,2359 553,2355 608,2353 663,2351 718,2348 773,2346 827,2345 882,2343 937,2342 992,2341 1047,2340 1102,2339 1157,2337 1211,2337 1266,2336 1321,2336 1376,2334 1431,2334 1486,2333 1541,2331"/>
                <TextEquiv>
                    <Unicode>zu Gürwolff mit hilff synes gespanen Vorgen</Unicode>
                </TextEquiv>
            </TextLine>
            <TextLine id="r2l27" custom="readingOrder {index:26;}">
                <Coords points="451,2495 602,2435 750,2474 934,2424 1018,2464 1078,2428 1462,2460 1547,2425 1545,2366 1094,2397 756,2361 678,2408 503,2377 448,2408"/>
                <Baseline points="456,2439 510,2436 564,2433 618,2429 672,2427 726,2426 780,2424 834,2423 888,2421 942,2421 997,2420 1051,2418 1105,2417 1159,2417 1213,2415 1267,2412 1321,2410 1375,2407 1429,2404 1483,2399 1538,2394"/>
                <TextEquiv>
                    <Unicode>uß einem Käller, da sy vnder der Schwellen hin¬</Unicode>
                </TextEquiv>
            </TextLine>
            <TextLine id="r2l28" custom="readingOrder {index:27;}">
                <Coords points="445,2551 786,2502 877,2545 1393,2489 1452,2522 1560,2506 1558,2436 1243,2467 1094,2432 898,2480 590,2450 443,2499"/>
                <Baseline points="452,2519 509,2516 567,2513 625,2510 683,2508 741,2506 799,2505 856,2503 914,2502 972,2501 1030,2499 1088,2498 1146,2496 1203,2495 1261,2493 1319,2490 1377,2488 1435,2485 1493,2483 1551,2478"/>
                <TextEquiv>
                    <Unicode>yngebrochten e 4 nit gersten entragen</Unicode>
                </TextEquiv>
            </TextLine>
            <TextLine id="r2l29" custom="readingOrder {index:28;}">
                <Coords points="376,2599 440,2579 478,2604 566,2587 617,2602 685,2572 747,2600 777,2577 850,2594 872,2587 869,2513 722,2514 654,2548 595,2520 518,2550 372,2516"/>
                <Baseline points="383,2583 408,2583 433,2583 458,2582 484,2581 509,2580 534,2578 559,2577 585,2576 610,2574 635,2573 660,2571 686,2570 711,2568 736,2567 761,2567 787,2565 812,2565 837,2565 863,2565"/>
                <TextEquiv>
                    <Unicode>Acleinem andern ohnde so</Unicode>
                </TextEquiv>
            </TextLine>
            <TextLine id="r2l30" custom="readingOrder {index:29;}">
                <Coords points="430,2709 684,2644 1052,2662 1162,2601 1547,2633 1539,2504 1144,2518 960,2590 423,2596"/>
                <Baseline points="435,2660 490,2653 545,2647 600,2642 655,2637 710,2631 765,2628 820,2624 875,2621 930,2617 985,2614 1040,2611 1095,2608 1150,2606 1205,2603 1260,2600 1315,2597 1370,2594 1425,2592 1480,2589 1536,2585"/>
                <TextEquiv>
                    <Unicode>zus ußeinen seller wleiben brodt und ein külli</Unicode>
                </TextEquiv>
            </TextLine>
            <TextLine id="r2l31" custom="readingOrder {index:30;}">
                <Coords points="1113,2676 1120,2675 1133,2660 1137,2663 1150,2659 1155,2654 1180,2654 1172,2603 1164,2604 1161,2601 1139,2624 1105,2634"/>
                <Baseline points="1116,2652 1143,2647 1170,2643"/>
                <TextEquiv>
                    <Unicode>d</Unicode>
                </TextEquiv>
            </TextLine>
            <TextLine id="r2l32" custom="readingOrder {index:31;}">
                <Coords points="436,2757 982,2740 1527,2653 1501,2618 1322,2653 1271,2619 1118,2676 995,2640 806,2689 683,2644 646,2684 528,2669 433,2709"/>
                <Baseline points="443,2738 496,2736 550,2732 604,2729 658,2725 712,2721 766,2718 819,2715 873,2711 927,2707 981,2704 1035,2699 1089,2696 1143,2692 1196,2688 1250,2683 1304,2679 1358,2676 1412,2671 1466,2666 1520,2663"/>
                <TextEquiv>
                    <Unicode>mit ancken genommen under der thur</Unicode>
                </TextEquiv>
            </TextLine>
            <TextLine id="r2l33" custom="readingOrder {index:32;}">
                <Coords points="431,2863 557,2814 617,2843 722,2815 776,2830 869,2804 912,2830 942,2800 989,2812 983,2725 928,2727 892,2758 858,2737 784,2774 663,2746 636,2767 577,2754 530,2785 497,2760 424,2766"/>
                <Baseline points="435,2820 462,2819 489,2817 516,2815 544,2814 571,2811 598,2810 625,2807 653,2805 680,2802 707,2800 734,2797 762,2795 789,2792 816,2790 843,2789 871,2787 898,2786 925,2784 952,2784 980,2783"/>
                <TextEquiv>
                    <Unicode>schwellen hinyngebracht.</Unicode>
                </TextEquiv>
            </TextLine>
            <TextLine id="r2l34" custom="readingOrder {index:33;} place {offset:12; length:9;}">
                <Coords points="1034,2846 1529,2808 1523,2745 1458,2776 1375,2743 1326,2749 1275,2788 1230,2787 1176,2753 1136,2769 1082,2754 1027,2767"/>
                <Baseline points="1041,2841 1066,2840 1091,2838 1116,2835 1141,2834 1167,2832 1192,2831 1217,2829 1242,2827 1267,2825 1293,2823 1318,2820 1343,2819 1368,2816 1393,2813 1419,2810 1444,2806 1469,2804 1494,2800 1520,2795"/>
                <TextEquiv>
                    <Unicode>intwyth von Heitenrid</Unicode>
                </TextEquiv>
            </TextLine>
            <TextLine id="r2l35" custom="readingOrder {index:34;} place {offset:14; length:9;}">
                <Coords points="416,2956 603,2977 660,2935 1458,2903 1524,2885 1519,2805 1300,2847 1254,2822 1200,2865 978,2820 757,2893 660,2859 606,2905 484,2872 412,2901"/>
                <Baseline points="423,2949 477,2944 532,2940 586,2935 641,2931 696,2926 750,2922 805,2919 859,2916 914,2913 969,2909 1023,2906 1078,2903 1132,2900 1187,2896 1242,2891 1296,2887 1351,2882 1405,2878 1460,2872 1515,2865"/>
                <TextEquiv>
                    <Unicode>abermahlen im fryburger gepret, mit hilff</Unicode>
                </TextEquiv>
            </TextLine>
            <TextLine id="r2l36" custom="readingOrder {index:35;} person {offset:15; length:16;} person {offset:36; length:7;}">
                <Coords points="423,3077 511,3028 660,3059 737,3009 1085,3020 1183,2968 1327,2990 1545,2942 1539,2876 1424,2920 1077,2916 1038,2953 916,2926 820,2975 413,2954"/>
                <Baseline points="428,3033 483,3027 538,3020 594,3015 649,3010 705,3006 760,3001 815,2997 871,2992 926,2987 982,2983 1037,2980 1092,2975 1148,2971 1203,2966 1259,2962 1314,2956 1369,2951 1425,2945 1480,2938 1536,2931"/>
                <TextEquiv>
                    <Unicode>syner gespanen fridlins Caspars und Hanßlis</Unicode>
                </TextEquiv>
            </TextLine>
            <TextLine id="r2l37" custom="readingOrder {index:36;}">
                <Coords points="419,3137 646,3136 694,3083 771,3106 803,3069 1048,3085 1151,3044 1552,3031 1554,2940 1450,2993 1382,2958 1232,3003 1183,2969 1088,3025 665,3058 624,3028 414,3082"/>
                <Baseline points="425,3116 481,3107 537,3099 593,3092 650,3086 706,3080 762,3075 819,3070 875,3065 931,3062 988,3058 1044,3054 1100,3048 1156,3045 1213,3039 1269,3034 1325,3028 1382,3020 1438,3012 1494,3004 1551,2994"/>
                <TextEquiv>
                    <Unicode>tags uß einem trag den sy mit einem biel geöset</Unicode>
                </TextEquiv>
            </TextLine>
            <TextLine id="r2l38" custom="readingOrder {index:37;}">
                <Coords points="428,3224 1297,3103 1418,3127 1461,3090 1536,3101 1526,3005 1365,3062 1151,3062 1076,3109 858,3071 747,3131 689,3101 627,3142 419,3137"/>
                <Baseline points="432,3197 486,3190 541,3181 596,3176 650,3169 705,3163 760,3158 814,3152 869,3147 924,3142 979,3137 1033,3131 1088,3127 1143,3121 1197,3116 1252,3110 1307,3104 1361,3097 1416,3091 1471,3083 1526,3075"/>
                <TextEquiv>
                    <Unicode>vor 8 wuchen 50 fl genommen, in hen creütz diken</Unicode>
                </TextEquiv>
            </TextLine>
            <TextLine id="r2l39" custom="readingOrder {index:38;}">
                <Coords points="416,3314 524,3324 653,3254 778,3296 930,3218 1424,3198 1499,3143 1464,3103 1197,3161 1007,3141 770,3212 402,3217"/>
                <Baseline points="420,3284 473,3278 527,3270 580,3264 634,3257 687,3251 741,3244 794,3238 848,3229 901,3222 955,3216 1008,3208 1062,3201 1115,3194 1169,3186 1222,3179 1276,3171 1329,3164 1383,3155 1436,3147 1490,3140"/>
                <TextEquiv>
                    <Unicode>bati und 4bag 68 und soliches getheilt, davon</Unicode>
                </TextEquiv>
            </TextLine>
            <TextLine id="r2l40" custom="readingOrder {index:39;} place {offset:3; length:8;}">
                <Coords points="423,3437 506,3380 596,3403 806,3329 902,3359 1548,3235 1537,3163 1308,3212 1203,3193 1129,3261 1025,3276 928,3242 890,3288 759,3302 684,3255 581,3335 404,3307"/>
                <Baseline points="423,3387 478,3377 534,3368 590,3359 646,3351 701,3342 757,3334 813,3327 869,3318 924,3312 980,3305 1036,3297 1092,3290 1147,3282 1203,3273 1259,3265 1315,3257 1370,3249 1426,3238 1482,3229 1538,3218"/>
                <TextEquiv>
                    <Unicode>zu Roggwill einem schnyder 3ub zu behalten geben</Unicode>
                </TextEquiv>
            </TextLine>
            <TextLine id="r2l41" custom="readingOrder {index:40;}">
                <Coords points="406,3553 678,3475 761,3511 909,3455 1101,3483 1152,3419 1513,3374 1499,3283 1446,3310 1400,3281 1170,3383 1066,3359 975,3401 899,3370 692,3444 513,3421 392,3459"/>
                <Baseline points="411,3531 465,3517 520,3505 574,3494 629,3483 683,3474 738,3465 792,3458 847,3450 901,3444 956,3437 1011,3430 1065,3424 1120,3417 1174,3409 1229,3402 1283,3394 1338,3385 1392,3375 1447,3364 1502,3351"/>
                <TextEquiv>
                    <Unicode>zu Werren roth uß einem spysgaden mit hilff</Unicode>
                </TextEquiv>
            </TextLine>
            <TextLine id="r2l42" custom="readingOrder {index:41;} person {offset:0; length:15;}">
                <Coords points="413,3639 528,3611 645,3635 994,3517 1288,3524 1368,3474 1490,3468 1477,3391 1368,3428 1151,3419 1098,3480 953,3454 776,3514 697,3488 404,3587"/>
                <Baseline points="417,3618 470,3610 523,3601 576,3591 629,3582 682,3572 735,3562 788,3553 841,3544 894,3535 947,3525 1000,3516 1053,3507 1106,3499 1159,3489 1212,3481 1265,3473 1318,3465 1371,3458 1424,3451 1478,3443"/>
                <TextEquiv>
                    <Unicode>corentz Wolffen in anken ballen genommen</Unicode>
                </TextEquiv>
            </TextLine>
            <TextEquiv>
                <Unicode>abermahlen zu Huntzicken mit obiger silh
2 Anken ballen, so leiben brodt,  gen
sy under der thur schwellen gmyngebrachen, ent
zu Derrenroth habe er mit hilff syner gesporen
uß einem spyßgaden bey 8 leiben brodt genommen
und auch under der thür schwellen hinyngebrachen,
zu abermahlen im Fryburg gepiet zu Guürpryn
mit hilff synes gespanen Grorgen uß einer mit
wen Hans etwas ankens schmars undt brots
gestolen und zuglych under der thurschwellen
gmyngebracht, Hierzu habe sy ein gewüst wyl
sersohn Ursula genandt zu Gaßli bey Burgdas
wohnhafft angewisen, die er auch bey 14 tagen
mnit sich herumb gezogen und sich mit ihre ver
deßen
Da er dannit wyth von Fryburg mit ihrer
hilff 4 leiben brodt uß einem faller genamen.
Im Guggißberg habe er mit huff synes grsfer
Lorentz Wolffen uß einem opycherda sy gen
lach hinyngebrocht vor 6 wuchen 4 säck 4 hentli
8 lynlachen und 8 fllen hußtuch genommen,
darvon er 2 g bekhommen.
Im murten gepiet habe er met hilff syner geae
ellen uß einen spycher 4 rok genommen undt
obgadachtem stirchi umb 4 g verkhaufftn.
zu Gürwolff mit hilff synes gespanen Vorgen
uß einem Käller, da sy vnder der Schwellen hin¬
yngebrochten e 4 nit gersten entragen
Acleinem andern ohnde so
zus ußeinen seller wleiben brodt und ein külli
d
mit ancken genommen under der thur
schwellen hinyngebracht.
intwyth von Heitenrid
abermahlen im fryburger gepret, mit hilff
syner gespanen fridlins Caspars und Hanßlis
tags uß einem trag den sy mit einem biel geöset
vor 8 wuchen 50 fl genommen, in hen creütz diken
bati und 4bag 68 und soliches getheilt, davon
zu Roggwill einem schnyder 3ub zu behalten geben
zu Werren roth uß einem spysgaden mit hilff
corentz Wolffen in anken ballen genommen</Unicode>
            </TextEquiv>
        </TextRegion>
        <TextRegion orientation="0.0" id="r3" custom="readingOrder {index:2;}">
            <Coords points="1553,2165 1553,2318 1569,2318 1569,2165"/>
            <TextLine id="r3l1" custom="readingOrder {index:0;}">
                <Coords points="1543,2276 1549,2278 1555,2277 1558,2281 1563,2279 1575,2281 1588,2212 1582,2211 1576,2203 1570,2202 1569,2200 1558,2200"/>
                <Baseline points="1553,2265 1569,2268"/>
                <TextEquiv>
                    <Unicode></Unicode>
                </TextEquiv>
            </TextLine>
            <TextEquiv>
                <Unicode></Unicode>
            </TextEquiv>
        </TextRegion>
        <TextRegion orientation="0.0" id="r4" custom="readingOrder {index:3;}">
            <Coords points="1586,1699 1586,2078 1649,2078 1649,1699"/>
            <TextLine id="r4l1" custom="readingOrder {index:0;}">
                <Coords points="1597,1856 1606,1855 1617,1839 1622,1839 1626,1833 1644,1842 1656,1839 1646,1764 1633,1768 1626,1765 1617,1767 1590,1750 1582,1751"/>
                <Baseline points="1598,1805 1643,1799"/>
                <TextEquiv>
                    <Unicode>n</Unicode>
                </TextEquiv>
            </TextLine>
            <TextLine id="r4l2" custom="readingOrder {index:1;}">
                <Coords points="1578,2020 1602,2024 1621,2050 1641,2040 1653,2042 1663,1989 1646,1984 1626,1998 1620,1990 1615,1992 1609,1988 1604,1989 1602,1985 1585,1982"/>
                <Baseline points="1586,2016 1617,2022 1649,2028"/>
                <TextEquiv>
                    <Unicode>Auch</Unicode>
                </TextEquiv>
            </TextLine>
            <TextEquiv>
                <Unicode>n
Auch</Unicode>
            </TextEquiv>
        </TextRegion>
        <TextRegion orientation="0.0" id="r5" custom="readingOrder {index:4;}">
            <Coords points="1617,725 1617,890 1662,890 1662,725"/>
            <TextLine id="r5l1" custom="readingOrder {index:0;}">
                <Coords points="1618,866 1632,860 1648,830 1659,830 1670,824 1647,756 1640,758 1626,781 1618,779 1614,786 1603,782 1592,789"/>
                <Baseline points="1617,840 1662,825"/>
                <TextEquiv>
                    <Unicode>un</Unicode>
                </TextEquiv>
            </TextLine>
            <TextEquiv>
                <Unicode>un</Unicode>
            </TextEquiv>
        </TextRegion>
        <TextRegion orientation="0.0" id="r6" custom="readingOrder {index:5;}">
            <Coords points="1622,124 1622,3539 2894,3539 2894,124"/>
            <TextLine id="r6l1" custom="readingOrder {index:0;}">
                <Coords points="1670,402 2039,264 2697,204 2788,177 2773,88 2605,150 2276,161 2123,227 1987,186 1804,288 1741,250 1648,274"/>
                <Baseline points="1671,362 1726,344 1781,327 1836,312 1892,296 1947,283 2002,272 2058,261 2113,251 2168,241 2224,232 2279,224 2334,216 2389,209 2445,202 2500,195 2555,188 2611,181 2666,173 2721,166 2777,158"/>
                <TextEquiv>
                    <Unicode>zemenchenwyler seye er mit hoff worgeuß</Unicode>
                </TextEquiv>
            </TextLine>
            <TextLine id="r6l2" custom="readingOrder {index:1;}">
                <Coords points="1649,450 2048,332 2313,353 2533,259 2811,251 2798,174 2377,258 2282,238 2201,288 2054,266 1643,416"/>
                <Baseline points="1655,437 1712,418 1769,399 1826,383 1883,367 1940,355 1997,342 2055,331 2112,320 2169,312 2226,303 2283,295 2340,288 2397,280 2455,272 2512,265 2569,258 2626,250 2683,242 2740,233 2798,224"/>
                <TextEquiv>
                    <Unicode>Den morggroffen kand in ein spycher bim tachhin</Unicode>
                </TextEquiv>
            </TextLine>
            <TextLine id="r6l3" custom="readingOrder {index:2;}">
                <Coords points="1683,522 1792,459 1911,466 2086,390 2177,413 2408,373 2480,408 2532,346 2628,365 2705,327 2696,276 2614,305 2507,279 2341,342 2250,318 1999,347 1670,446"/>
                <Baseline points="1686,495 1736,477 1786,462 1837,447 1887,435 1937,423 1988,413 2038,404 2088,397 2139,389 2189,383 2239,376 2290,369 2340,363 2390,356 2441,350 2491,343 2541,336 2592,327 2642,318 2693,308"/>
                <TextEquiv>
                    <Unicode>yngebrochen und daselbsten 12e ell hußtaich.</Unicode>
                </TextEquiv>
            </TextLine>
            <TextLine id="r6l4" custom="readingOrder {index:3;}">
                <Coords points="1677,579 1981,485 2203,504 2307,444 2561,417 2622,459 2834,391 2825,320 2651,386 2564,355 2498,399 2375,375 2084,446 1974,429 1671,532"/>
                <Baseline points="1682,555 1739,539 1796,523 1853,510 1910,497 1968,485 2025,475 2082,466 2139,457 2196,450 2254,443 2311,438 2368,431 2425,427 2482,421 2540,416 2597,412 2654,407 2711,403 2768,398 2826,393"/>
                <TextEquiv>
                    <Unicode>wonist genommen b leiben bredt genommen, darob</Unicode>
                </TextEquiv>
            </TextLine>
            <TextLine id="r6l5" custom="readingOrder {index:4;} person {offset:24; length:7;} place {offset:35; length:7;}">
                <Coords points="1660,627 1948,561 2020,582 2127,531 2344,516 2447,553 2560,489 2777,495 2814,408 2621,459 2573,421 2340,485 2286,457 2199,501 1994,485 1910,540 1655,587"/>
                <Baseline points="1668,624 1725,608 1782,593 1839,580 1897,568 1954,557 2011,546 2068,538 2126,531 2183,524 2240,518 2297,512 2355,507 2412,501 2469,496 2526,492 2584,488 2641,483 2698,476 2755,472 2813,465"/>
                <TextEquiv>
                    <Unicode>veragt worden, das euch Sterchi zu Gerwahs</Unicode>
                </TextEquiv>
            </TextLine>
            <TextLine id="r6l6" custom="readingOrder {index:5;}">
                <Coords points="1680,702 1850,691 2054,625 2175,648 2208,614 2436,586 2431,551 2358,525 2314,552 2268,526 2202,559 2129,531 2005,587 1964,565 1935,595 1853,588 1820,623 1757,607 1673,655"/>
                <Baseline points="1686,689 1723,678 1760,668 1797,658 1834,649 1871,641 1908,634 1945,628 1982,621 2019,615 2056,610 2093,605 2130,601 2167,596 2204,593 2241,589 2278,585 2315,582 2352,579 2389,575 2426,572"/>
                <TextEquiv>
                    <Unicode>verkhaufft und 1s g bekhommen.</Unicode>
                </TextEquiv>
            </TextLine>
            <TextLine id="r6l7" custom="readingOrder {index:6;} place {offset:17; length:6;}">
                <Coords points="1678,832 1813,776 1919,768 1977,804 2139,731 2304,758 2362,711 2586,715 2728,673 2719,599 2688,596 2367,678 2288,647 2183,653 2140,697 2004,665 1920,731 1780,744 1662,697"/>
                <Baseline points="1682,804 1733,791 1785,781 1837,770 1889,760 1941,752 1993,744 2045,737 2097,730 2149,724 2201,717 2252,712 2304,708 2356,703 2408,698 2460,693 2512,690 2564,686 2616,680 2668,677 2720,672"/>
                <TextEquiv>
                    <Unicode>bey der muli bey Murten, seye er mit hilff</Unicode>
                </TextEquiv>
            </TextLine>
            <TextLine id="r6l8" custom="readingOrder {index:7;}">
                <Coords points="1686,888 1766,861 1822,892 1897,831 2012,815 2147,839 2371,786 2688,792 2767,741 2760,680 2482,745 2389,714 2306,757 2180,732 2022,790 1945,753 1680,833"/>
                <Baseline points="1691,870 1744,857 1797,847 1851,836 1904,828 1958,819 2011,811 2064,805 2118,800 2171,794 2225,789 2278,785 2331,780 2385,776 2438,771 2492,767 2545,762 2598,757 2652,751 2705,745 2759,738"/>
                <TextEquiv>
                    <Unicode>eins Knablins in einen spycher yngebrochen 3</Unicode>
                </TextEquiv>
            </TextLine>
            <TextLine id="r6l9" custom="readingOrder {index:8;}">
                <Coords points="1678,952 1793,974 2107,876 2435,886 2568,839 2620,876 2739,817 2712,784 2187,811 2156,841 2073,812 1896,875 1672,895"/>
                <Baseline points="1685,944 1737,931 1789,920 1842,909 1894,900 1946,892 1999,885 2051,879 2103,873 2156,869 2208,864 2260,860 2313,855 2365,852 2417,849 2470,845 2522,840 2574,837 2627,831 2679,827 2732,821"/>
                <TextEquiv>
                    <Unicode>Beili gppen und i beth ziechen genommen.</Unicode>
                </TextEquiv>
            </TextLine>
            <TextLine id="r6l10" custom="readingOrder {index:9;}">
                <Coords points="1667,1034 2019,967 2197,1008 2302,941 2741,940 2731,842 2629,882 2566,840 2497,891 2396,859 2317,908 2167,884 1793,974 1660,966"/>
                <Baseline points="1673,1017 1725,1008 1778,998 1831,989 1884,980 1937,974 1989,967 2042,960 2095,955 2148,950 2201,945 2253,940 2306,936 2359,931 2412,928 2465,923 2517,919 2570,916 2623,911 2676,905 2729,900"/>
                <TextEquiv>
                    <Unicode>das sy alles ihne sterchi umb 2 lz verkhaufft</Unicode>
                </TextEquiv>
            </TextLine>
            <TextLine id="r6l11" custom="readingOrder {index:10;}">
                <Coords points="1670,1155 2120,1094 2369,1127 2757,1051 2638,974 2575,1012 2353,976 2117,1047 2036,1026 1898,1073 1762,1037 1665,1082"/>
                <Baseline points="1676,1137 1729,1129 1783,1121 1837,1114 1890,1109 1944,1104 1998,1101 2051,1098 2105,1095 2159,1092 2213,1089 2266,1088 2320,1086 2374,1083 2427,1080 2481,1077 2535,1073 2588,1070 2642,1064 2696,1057 2750,1050"/>
                <TextEquiv>
                    <Unicode>Alhier vor der statt uff einem hoff habe er</Unicode>
                </TextEquiv>
            </TextLine>
            <TextLine id="r6l12" custom="readingOrder {index:11;}">
                <Coords points="1692,1226 1739,1215 1803,1252 1876,1192 1929,1209 1968,1180 2021,1210 2094,1203 2118,1177 2141,1177 2138,1143 1961,1153 1895,1121 1854,1148 1816,1136 1788,1166 1715,1138 1685,1147"/>
                <Baseline points="1698,1206 1723,1203 1749,1200 1774,1196 1800,1194 1825,1191 1851,1188 1877,1186 1902,1184 1928,1180 1953,1178 1979,1176 2005,1175 2030,1174 2056,1172 2081,1171 2107,1170 2133,1170"/>
                <TextEquiv>
                    <Unicode>leiben bredt genommen.</Unicode>
                </TextEquiv>
            </TextLine>
            <TextLine id="r6l13" custom="readingOrder {index:12;} place {offset:8; length:9;}">
                <Coords points="1671,1358 1875,1301 2089,1341 2150,1306 2208,1342 2397,1281 2469,1316 2778,1289 2740,1175 2372,1229 2032,1202 1963,1244 1916,1221 1667,1269"/>
                <Baseline points="1677,1320 1731,1316 1786,1312 1840,1309 1895,1305 1949,1304 2004,1302 2058,1299 2113,1299 2167,1297 2222,1296 2277,1294 2331,1292 2386,1290 2440,1288 2495,1285 2549,1281 2604,1278 2658,1272 2713,1267 2768,1260"/>
                <TextEquiv>
                    <Unicode>Im ambt Lentzburg uß einem spycher nit</Unicode>
                </TextEquiv>
            </TextLine>
            <TextLine id="r6l14" custom="readingOrder {index:13;}">
                <Coords points="1667,1439 2120,1393 2507,1416 2613,1361 2751,1409 2765,1292 2583,1284 2468,1343 2417,1308 2276,1349 1961,1323 1828,1367 1781,1327 1664,1370"/>
                <Baseline points="1673,1400 1727,1395 1781,1392 1835,1389 1890,1386 1944,1383 1998,1382 2053,1379 2107,1378 2161,1376 2216,1374 2270,1373 2324,1371 2378,1369 2433,1367 2487,1365 2541,1362 2596,1360 2650,1356 2704,1353 2759,1349"/>
                <TextEquiv>
                    <Unicode>vff syner gespanen, da sy obes hinyugebrochten</Unicode>
                </TextEquiv>
            </TextLine>
            <TextLine id="r6l15" custom="readingOrder {index:14;}">
                <Coords points="1672,1551 1819,1512 2028,1554 2086,1504 2190,1563 2313,1557 2367,1510 2427,1549 2489,1511 2635,1532 2785,1498 2766,1427 2528,1436 2443,1478 2370,1434 2176,1456 2092,1410 1951,1481 1671,1469"/>
                <Baseline points="1680,1526 1734,1521 1789,1518 1844,1515 1899,1514 1954,1512 2009,1511 2063,1509 2118,1509 2173,1508 2228,1508 2283,1506 2338,1506 2393,1506 2447,1505 2502,1505 2557,1503 2612,1502 2667,1499 2722,1497 2777,1494"/>
                <TextEquiv>
                    <Unicode>ff den wynigen horen uß einen trog, den sy mit</Unicode>
                </TextEquiv>
            </TextLine>
            <TextLine id="r6l16" custom="readingOrder {index:15;}">
                <Coords points="1653,1624 2363,1646 2541,1579 2804,1635 2802,1521 2660,1554 2599,1506 2432,1561 2102,1526 2041,1570 1911,1528 1652,1568"/>
                <Baseline points="1661,1599 1717,1599 1774,1598 1831,1598 1887,1598 1944,1596 2001,1596 2057,1595 2114,1593 2171,1593 2228,1592 2284,1590 2341,1589 2398,1589 2454,1587 2511,1586 2568,1586 2624,1586 2681,1584 2738,1584 2795,1584"/>
                <TextEquiv>
                    <Unicode>einen Schrotysen geofnet 44 g. vndt 2 Eynlach</Unicode>
                </TextEquiv>
            </TextLine>
            <TextLine id="r6l17" custom="readingOrder {index:16;}">
                <Coords points="1667,1716 1685,1717 1721,1697 1746,1699 1767,1688 1800,1706 1829,1697 1839,1686 1864,1690 1862,1633 1847,1641 1834,1629 1824,1630 1790,1642 1773,1630 1755,1629 1714,1651 1687,1638 1678,1645 1665,1642"/>
                <Baseline points="1673,1682 1699,1679 1725,1677 1751,1676 1777,1676 1803,1676 1829,1676 1856,1674"/>
                <TextEquiv>
                    <Unicode>genommen</Unicode>
                </TextEquiv>
            </TextLine>
            <TextLine id="r6l18" custom="readingOrder {index:17;} place {offset:8; length:9;}">
                <Coords points="1669,1823 1911,1788 2156,1837 2198,1799 2354,1791 2508,1836 2591,1794 2726,1843 2726,1762 2593,1765 2517,1711 2268,1765 2132,1682 2010,1728 1881,1698 1783,1750 1670,1742"/>
                <Baseline points="1677,1791 1729,1791 1781,1791 1833,1790 1885,1790 1937,1790 1989,1790 2041,1790 2093,1790 2145,1790 2197,1790 2249,1790 2301,1791 2353,1791 2405,1791 2457,1791 2509,1793 2561,1793 2613,1793 2665,1794 2718,1794"/>
                <TextEquiv>
                    <Unicode>Im ambt Lentzburg uf einer muli uß einem</Unicode>
                </TextEquiv>
            </TextLine>
            <TextLine id="r6l19" custom="readingOrder {index:18;}">
                <Coords points="1674,1886 2055,1863 2125,1901 2277,1874 2442,1922 2513,1877 2594,1914 2714,1887 2714,1849 2606,1810 1675,1826"/>
                <Baseline points="1682,1865 1733,1862 1784,1861 1835,1860 1886,1860 1938,1860 1989,1860 2040,1862 2091,1863 2142,1865 2194,1866 2245,1868 2296,1871 2347,1872 2398,1874 2450,1875 2501,1875 2552,1877 2603,1877 2654,1877 2706,1875"/>
                <TextEquiv>
                    <Unicode>trag den sy mit einem biel vffgeschlagen bey</Unicode>
                </TextEquiv>
            </TextLine>
            <TextLine id="r6l20" custom="readingOrder {index:19;}">
                <Coords points="1671,1948 1745,1970 1777,1952 1788,1961 1809,1952 1857,1961 1943,1952 1942,1914 1879,1888 1818,1907 1792,1905 1729,1872 1697,1900 1671,1886"/>
                <Baseline points="1679,1937 1704,1938 1730,1938 1755,1937 1781,1937 1807,1937 1832,1937 1858,1936 1883,1935 1909,1935 1935,1935"/>
                <TextEquiv>
                    <Unicode>14ggenommen.</Unicode>
                </TextEquiv>
            </TextLine>
            <TextLine id="r6l21" custom="readingOrder {index:20;}">
                <Coords points="1680,2042 1816,2074 1916,2044 1983,2081 2213,2041 2358,2073 2408,2036 2746,2060 2728,1977 2541,2006 2380,1972 2261,2010 1942,1958 1680,1979"/>
                <Baseline points="1688,2033 1740,2034 1793,2036 1845,2036 1898,2037 1950,2037 2003,2037 2055,2036 2108,2036 2160,2036 2213,2034 2265,2034 2318,2033 2370,2033 2423,2033 2475,2033 2528,2034 2580,2035 2633,2037 2685,2039 2738,2042"/>
                <TextEquiv>
                    <Unicode>it wyth daselbsten uß einem trag abermahlen</Unicode>
                </TextEquiv>
            </TextLine>
            <TextLine id="r6l22" custom="readingOrder {index:21;}">
                <Coords points="1665,2106 1971,2145 2078,2114 2192,2160 2260,2123 2384,2164 2713,2154 2714,2077 2486,2085 2410,2037 2350,2079 2195,2044 1993,2084 1909,2048 1852,2089 1665,2047"/>
                <Baseline points="1673,2102 1724,2105 1776,2107 1827,2109 1879,2109 1931,2111 1982,2111 2034,2111 2086,2112 2137,2112 2189,2112 2241,2112 2292,2112 2344,2112 2396,2112 2447,2113 2499,2114 2551,2115 2602,2117 2654,2119 2706,2123"/>
                <TextEquiv>
                    <Unicode>mit hilff eines synes gespanen 4l genommen.</Unicode>
                </TextEquiv>
            </TextLine>
            <TextLine id="r6l23" custom="readingOrder {index:22;}">
                <Coords points="1825,2189 1836,2187 1842,2193 1857,2193 1865,2185 1874,2185 1881,2177 1889,2177 1906,2191 1914,2183 1921,2183 1921,2153 1906,2153 1881,2141 1864,2144 1855,2135 1847,2136 1838,2129 1824,2129"/>
                <Baseline points="1832,2184 1859,2178 1886,2178 1914,2183"/>
                <TextEquiv>
                    <Unicode>dan</Unicode>
                </TextEquiv>
            </TextLine>
            <TextLine id="r6l24" custom="readingOrder {index:23;}">
                <Coords points="2079,2201 2086,2202 2090,2199 2094,2203 2097,2201 2103,2207 2106,2204 2124,2207 2130,2152 2119,2151 2103,2163 2097,2163 2094,2159 2083,2157"/>
                <Baseline points="2087,2193 2117,2196"/>
                <TextEquiv>
                    <Unicode>1</Unicode>
                </TextEquiv>
            </TextLine>
            <TextLine id="r6l25" custom="readingOrder {index:24;} place {offset:3; length:18;}">
                <Coords points="1641,2229 1808,2272 1879,2230 2014,2269 2179,2235 2334,2276 2491,2248 2773,2277 2775,2225 2690,2185 2569,2221 2493,2164 2341,2194 2268,2153 2180,2211 1933,2206 1645,2138"/>
                <Baseline points="1650,2216 1705,2217 1761,2220 1817,2223 1873,2225 1929,2228 1984,2229 2040,2231 2096,2234 2152,2235 2208,2237 2263,2240 2319,2241 2375,2243 2431,2246 2487,2247 2542,2250 2598,2252 2654,2254 2710,2256 2766,2259"/>
                <TextEquiv>
                    <Unicode>zu Schofftadin argouw nit hiff syner gesellen</Unicode>
                </TextEquiv>
            </TextLine>
            <TextLine id="r6l26" custom="readingOrder {index:25;} person {offset:0; length:8;} person {offset:13; length:6;} place {offset:38; length:8;}">
                <Coords points="1652,2326 1799,2303 1983,2364 2062,2311 2113,2361 2240,2328 2408,2379 2495,2332 2752,2339 2753,2307 2608,2274 2444,2310 2143,2252 1946,2269 1912,2235 1797,2273 1656,2239"/>
                <Baseline points="1661,2283 1715,2288 1769,2292 1823,2297 1877,2301 1932,2304 1986,2307 2040,2311 2094,2314 2148,2316 2203,2319 2257,2322 2311,2324 2365,2325 2419,2327 2474,2328 2528,2330 2582,2331 2636,2332 2690,2333 2745,2334"/>
                <TextEquiv>
                    <Unicode>CAaspars und Hansen nachdem er uß den Schallen</Unicode>
                </TextEquiv>
            </TextLine>
            <TextLine id="r6l27" custom="readingOrder {index:26;}">
                <Coords points="1656,2376 1883,2407 2010,2383 2097,2420 2143,2390 2219,2431 2428,2408 2482,2448 2696,2435 2757,2392 2533,2354 2409,2383 2218,2340 2116,2363 2062,2311 1979,2368 1795,2307 1659,2334"/>
                <Baseline points="1665,2352 1719,2360 1773,2367 1827,2372 1881,2378 1935,2382 1989,2386 2044,2389 2098,2393 2152,2395 2206,2398 2260,2400 2314,2402 2368,2404 2423,2406 2477,2408 2531,2410 2585,2411 2639,2414 2693,2415 2748,2417"/>
                <TextEquiv>
                    <Unicode>wort khommen 20 l gestolen uß einem treg den</Unicode>
                </TextEquiv>
            </TextLine>
            <TextLine id="r6l28" custom="readingOrder {index:27;}">
                <Coords points="1636,2469 1707,2439 1820,2449 1865,2483 1931,2462 1973,2492 2020,2477 2181,2526 2295,2503 2333,2529 2353,2526 2361,2424 2292,2405 2108,2436 2037,2404 1935,2429 1911,2402 1792,2413 1703,2362 1643,2376"/>
                <Baseline points="1646,2430 1681,2433 1716,2437 1751,2440 1786,2444 1821,2447 1856,2450 1892,2454 1927,2457 1962,2461 1997,2463 2032,2467 2067,2470 2102,2472 2138,2474 2173,2477 2208,2480 2243,2481 2278,2483 2313,2484 2349,2486"/>
                <TextEquiv>
                    <Unicode>sy mit einem beel uffgeschlagen.</Unicode>
                </TextEquiv>
            </TextLine>
            <TextLine id="r6l29" custom="readingOrder {index:28;} place {offset:0; length:11;}">
                <Coords points="1625,2597 1768,2614 1879,2576 1915,2610 2456,2613 2742,2656 2749,2565 2672,2546 2561,2593 2470,2552 2350,2579 2314,2544 2209,2578 2042,2511 1833,2530 1635,2469"/>
                <Baseline points="1638,2537 1692,2546 1747,2555 1802,2562 1857,2569 1912,2575 1967,2580 2022,2586 2077,2589 2132,2594 2187,2598 2241,2600 2296,2604 2351,2606 2406,2610 2461,2612 2516,2615 2571,2617 2626,2621 2681,2623 2736,2627"/>
                <TextEquiv>
                    <Unicode>zuhoffingen in der statt einer erg hab syn gespan</Unicode>
                </TextEquiv>
            </TextLine>
            <TextLine id="r6l30" custom="readingOrder {index:29;}">
                <Coords points="1650,2637 2093,2704 2476,2697 2600,2748 2741,2739 2747,2664 2563,2631 2459,2658 2298,2606 2207,2638 2007,2593 1756,2614 1655,2565"/>
                <Baseline points="1659,2619 1712,2627 1766,2635 1820,2642 1874,2648 1928,2652 1982,2657 2035,2662 2089,2666 2143,2669 2197,2673 2251,2676 2305,2678 2359,2682 2412,2684 2466,2687 2520,2690 2574,2693 2628,2697 2682,2701 2736,2705"/>
                <TextEquiv>
                    <Unicode>forenn uß dem seckell 12 genommen undt ihme</Unicode>
                </TextEquiv>
            </TextLine>
            <TextLine id="r6l31" custom="readingOrder {index:30;}">
                <Coords points="1623,2720 1864,2744 1916,2788 2053,2769 2097,2798 2203,2750 2285,2805 2557,2817 2562,2748 2390,2701 2008,2719 1913,2669 1843,2661 1787,2698 1744,2659 1628,2653"/>
                <Baseline points="1632,2693 1678,2702 1724,2710 1770,2717 1816,2724 1862,2728 1908,2733 1954,2736 2000,2739 2046,2741 2092,2744 2138,2745 2184,2747 2230,2748 2276,2750 2322,2752 2368,2754 2414,2757 2460,2761 2506,2764 2553,2771"/>
                <TextEquiv>
                    <Unicode>demit ers nit sage den halben theil geben.</Unicode>
                </TextEquiv>
            </TextLine>
            <TextLine id="r6l32" custom="readingOrder {index:31;} place {offset:16; length:9;}">
                <Coords points="1611,2857 1683,2823 1738,2882 2323,2886 2543,2962 2853,2925 2858,2874 2783,2890 2570,2819 2493,2861 2361,2806 2149,2844 1874,2761 1620,2749"/>
                <Baseline points="1622,2813 1683,2824 1744,2834 1805,2843 1866,2850 1928,2858 1989,2864 2050,2870 2111,2875 2172,2881 2234,2885 2295,2890 2356,2894 2417,2897 2478,2901 2540,2905 2601,2909 2662,2913 2723,2917 2784,2921 2846,2925"/>
                <TextEquiv>
                    <Unicode>In baselbget zu Nußboumen 4 lynlachen 8 Hamdi und</Unicode>
                </TextEquiv>
            </TextLine>
            <TextLine id="r6l33" custom="readingOrder {index:32;}">
                <Coords points="1868,2913 1880,2917 1900,2905 1907,2912 1916,2906 1930,2922 1960,2903 1977,2912 2044,2909 2072,2924 2092,2918 2096,2882 2078,2871 2056,2876 2049,2870 2004,2873 1977,2886 1960,2872 1939,2879 1925,2863 1891,2867 1873,2858"/>
                <Baseline points="1878,2891 1903,2897 1929,2900 1955,2902 1981,2903 2006,2905 2032,2907 2058,2910 2084,2916"/>
                <TextEquiv>
                    <Unicode>glshrbdet</Unicode>
                </TextEquiv>
            </TextLine>
            <TextLine id="r6l34" custom="readingOrder {index:33;}">
                <Coords points="1649,2950 1737,2918 1953,2973 2232,2963 2292,3008 2403,2976 2693,3039 2793,3018 2799,2951 2749,2939 2306,2950 1657,2863"/>
                <Baseline points="1661,2900 1717,2910 1773,2919 1829,2926 1886,2934 1942,2940 1998,2945 2054,2951 2111,2955 2167,2959 2223,2963 2279,2966 2336,2970 2392,2973 2448,2977 2504,2982 2561,2986 2617,2990 2673,2994 2729,2999 2786,3006"/>
                <TextEquiv>
                    <Unicode>gippen getenen, die Sy einem danner vmb 3 gl.</Unicode>
                </TextEquiv>
            </TextLine>
            <TextLine id="r6l35" custom="readingOrder {index:34;}">
                <Coords points="1635,2982 1779,3044 1878,3010 2098,3068 2205,3036 2308,3086 2463,3057 2503,3094 2583,3069 2819,3117 2805,3019 2703,3044 2572,2992 2293,3016 1779,2929 1638,2945"/>
                <Baseline points="1643,2979 1701,2985 1760,2992 1818,2998 1877,3004 1935,3009 1994,3013 2052,3018 2111,3023 2169,3028 2228,3033 2287,3037 2345,3041 2404,3045 2462,3049 2521,3053 2579,3058 2638,3062 2696,3066 2755,3071 2814,3075"/>
                <TextEquiv>
                    <Unicode>verkhaufft, darvon ihne der helbig theil worden.</Unicode>
                </TextEquiv>
            </TextLine>
            <TextLine id="r6l36" custom="readingOrder {index:35;} person {offset:27; length:7;}">
                <Coords points="1618,3119 1798,3162 1841,3136 1908,3187 2005,3149 2191,3202 2316,3177 2375,3222 2558,3187 2631,3242 2753,3221 2747,3116 2549,3108 2481,3153 2429,3097 1995,3063 1920,3114 1868,3063 1796,3089 1740,3026 1676,3061 1626,3032"/>
                <Baseline points="1628,3093 1686,3106 1745,3116 1804,3125 1863,3134 1922,3140 1981,3147 2040,3152 2099,3158 2158,3162 2216,3165 2275,3169 2334,3173 2393,3176 2452,3179 2511,3183 2570,3188 2629,3192 2688,3198 2747,3204"/>
                <TextEquiv>
                    <Unicode>Iu glychem genrt mit hilff Hanßlin und feid</Unicode>
                </TextEquiv>
            </TextLine>
            <TextLine id="r6l37" custom="readingOrder {index:36;}">
                <Coords points="1609,3207 1678,3186 1810,3252 2022,3268 2365,3249 2536,3298 2668,3267 2797,3317 2822,3256 2761,3219 2634,3243 2558,3187 2499,3220 2123,3207 2077,3156 1910,3189 1618,3119"/>
                <Baseline points="1622,3164 1681,3175 1740,3184 1800,3194 1859,3202 1919,3210 1978,3216 2038,3223 2097,3229 2157,3234 2216,3239 2275,3244 2335,3249 2394,3254 2454,3258 2513,3263 2573,3268 2632,3273 2692,3278 2751,3283 2811,3290"/>
                <TextEquiv>
                    <Unicode>hins vor 7 wuchen uß einen troglin 14 f gestollen.</Unicode>
                </TextEquiv>
            </TextLine>
            <TextLine id="r6l38" custom="readingOrder {index:37;}">
                <Coords points="1626,3280 1723,3343 2197,3358 2245,3399 2404,3369 2623,3395 2628,3349 2465,3357 2417,3313 2344,3341 2297,3302 2203,3330 2129,3286 2064,3320 1962,3308 1825,3263 1738,3275 1632,3223"/>
                <Baseline points="1634,3279 1683,3289 1732,3298 1781,3308 1830,3316 1879,3323 1928,3330 1977,3337 2026,3342 2075,3347 2125,3351 2174,3357 2223,3361 2272,3365 2321,3367 2370,3371 2419,3374 2468,3377 2517,3381 2566,3384 2616,3389"/>
                <TextEquiv>
                    <Unicode>At wyth da dannen abermahlen ußenen </Unicode>
                </TextEquiv>
            </TextLine>
            <TextLine id="r6l39" custom="readingOrder {index:38;} person {offset:10; length:14;}">
                <Coords points="1618,3346 1901,3419 2212,3435 2349,3491 2394,3463 2582,3477 2586,3434 2455,3405 2408,3426 2339,3379 2198,3409 2147,3366 2050,3381 1794,3324 1728,3347 1623,3291"/>
                <Baseline points="1625,3354 1672,3362 1720,3370 1767,3378 1815,3386 1863,3393 1910,3401 1958,3407 2005,3412 2053,3418 2101,3424 2148,3429 2196,3433 2243,3437 2291,3440 2339,3444 2386,3447 2434,3449 2481,3451 2529,3452 2577,3453"/>
                <TextEquiv>
                    <Unicode>Bregn mit Holff Mathysen 8 g</Unicode>
                </TextEquiv>
            </TextLine>
            <TextLine id="r6l40" custom="readingOrder {index:39;}">
                <Coords points="2388,3414 2573,3422 2613,3467 2677,3484 2777,3459 2870,3458 2900,3475 2907,3411 2836,3409 2760,3374 2709,3407 2574,3384 2480,3396 2393,3368"/>
                <Baseline points="2397,3404 2423,3407 2449,3407 2475,3410 2501,3412 2527,3414 2553,3416 2580,3419 2606,3421 2632,3422 2658,3425 2684,3428 2710,3431 2737,3434 2763,3438 2789,3442 2815,3446 2841,3449 2867,3453 2894,3459"/>
                <TextEquiv>
                    <Unicode>veeedet und heilb</Unicode>
                </TextEquiv>
            </TextLine>
            <TextLine id="r6l41" custom="readingOrder {index:40;}">
                <Coords points="1617,3456 1660,3484 1712,3453 1798,3459 1918,3520 2055,3496 2188,3568 2252,3539 2342,3545 2349,3497 2212,3442 1900,3419 1718,3374 1660,3402 1626,3390"/>
                <Baseline points="1629,3422 1664,3431 1699,3439 1735,3447 1770,3454 1806,3461 1841,3467 1876,3472 1912,3478 1947,3481 1983,3485 2018,3489 2053,3493 2089,3496 2124,3500 2160,3504 2195,3507 2230,3511 2266,3514 2301,3519 2337,3522"/>
                <TextEquiv>
                    <Unicode>saslind einen byel gessersn</Unicode>
                </TextEquiv>
            </TextLine>
            <TextEquiv>
                <Unicode>zemenchenwyler seye er mit hoff worgeuß
Den morggroffen kand in ein spycher bim tachhin
yngebrochen und daselbsten 12e ell hußtaich.
wonist genommen b leiben bredt genommen, darob
veragt worden, das euch Sterchi zu Gerwahs
verkhaufft und 1s g bekhommen.
bey der muli bey Murten, seye er mit hilff
eins Knablins in einen spycher yngebrochen 3
Beili gppen und i beth ziechen genommen.
das sy alles ihne sterchi umb 2 lz verkhaufft
Alhier vor der statt uff einem hoff habe er
leiben bredt genommen.
Im ambt Lentzburg uß einem spycher nit
vff syner gespanen, da sy obes hinyugebrochten
ff den wynigen horen uß einen trog, den sy mit
einen Schrotysen geofnet 44 g. vndt 2 Eynlach
genommen
Im ambt Lentzburg uf einer muli uß einem
trag den sy mit einem biel vffgeschlagen bey
14ggenommen.
it wyth daselbsten uß einem trag abermahlen
mit hilff eines synes gespanen 4l genommen.
dan
1
zu Schofftadin argouw nit hiff syner gesellen
CAaspars und Hansen nachdem er uß den Schallen
wort khommen 20 l gestolen uß einem treg den
sy mit einem beel uffgeschlagen.
zuhoffingen in der statt einer erg hab syn gespan
forenn uß dem seckell 12 genommen undt ihme
demit ers nit sage den halben theil geben.
In baselbget zu Nußboumen 4 lynlachen 8 Hamdi und
glshrbdet
gippen getenen, die Sy einem danner vmb 3 gl.
verkhaufft, darvon ihne der helbig theil worden.
Iu glychem genrt mit hilff Hanßlin und feid
hins vor 7 wuchen uß einen troglin 14 f gestollen.
At wyth da dannen abermahlen ußenen 
Bregn mit Holff Mathysen 8 g
veeedet und heilb
saslind einen byel gessersn</Unicode>
            </TextEquiv>
        </TextRegion>
        <TextRegion orientation="0.0" id="r7" custom="readingOrder {index:6;}">
            <Coords points="2844,8 2844,164 2913,164 2913,8"/>
            <TextLine id="r7l1" custom="readingOrder {index:0;}">
                <Coords points="2839,139 2854,133 2865,135 2869,130 2883,126 2895,114 2922,115 2915,45 2903,46 2898,42 2890,49 2871,47 2858,57 2841,51 2831,52"/>
                <Baseline points="2844,114 2878,111 2913,108"/>
                <TextEquiv>
                    <Unicode>77</Unicode>
                </TextEquiv>
            </TextLine>
            <TextEquiv>
                <Unicode>77</Unicode>
            </TextEquiv>
        </TextRegion>
        <TextRegion orientation="0.0" id="r8" custom="readingOrder {index:7;}">
            <Coords points="2910,0 2910,70 2951,70 2951,0"/>
            <TextLine id="r8l1" custom="readingOrder {index:0;}">
                <Coords points="2912,46 2923,45 2932,32 2950,37 2969,31 2927,-82 2920,-80 2897,-34 2886,-26"/>
                <Baseline points="2910,20 2951,5"/>
                <TextEquiv>
                    <Unicode></Unicode>
                </TextEquiv>
            </TextLine>
            <TextEquiv>
                <Unicode></Unicode>
            </TextEquiv>
        </TextRegion>
    </Page>
</PcGts>
