3024 4032
326 -6 427 93 118
1113 98 1382 207 647
637 91 1309 287 Anna Weer
1511 226 1587 328 R
1353 296 1453 424 11f
423 223 1586 556 Dise ist auch uffglychen tag in beywesen obgemeldt, i
450 368 1571 632 handels undt des hinder ihra gefundnen zengs halben
454 432 1573 711 befragt mndt examiniert worden, die hat ein volgen
462 515 741 629 bericht geben.
782 601 832 701 9
852 609 1051 704 wuchen
1326 714 1375 772 11
444 648 1564 874 daß vor ohngefahr fr Hanns Mischler nächst gemelt
456 730 1554 936 zu Ihra bey thun khommen und ihra syn klindst auh
454 815 1560 990 mit ihnen albar gfnert worden verdinget undt de
952 893 1011 948 abe
456 878 1552 1080 bey 12 f versprochen, mit welchem sy nun auch bey den
465 973 1545 1142 1 wuchen also dem allmusen nachgezogen seye, undt
471 1044 1554 1241 verscheinen sontag acht tag zu Stefißburg, so welche
466 1107 1539 1272 ihme mischler alß  obgenanseten mcheter
446 1195 1565 1372 andres Gugelman thomen, der ihra den diseh
441 1280 1572 1425 ihren ihra gefundene fleider, auch grad von erzenchtn
456 1355 1545 1523 synes kandtswegen, gegeben habe. Wie sy aber von
445 1434 1542 1586 Steffiburg nacher Bern ziechen wollen, srend yn also e
445 1519 1531 1655 dsehenklich yngezogen und alhar gefüehrt worden.
431 1654 1549 1774 Die Ursach aber auch dises ihres umbherzeuchens seye dise
424 1734 1557 1849 daß alß sy verschinnen uinter etlich zr wochen krant
445 1799 1545 1931 gelegen und widrumb gesend worden, sy sich in amme
455 1892 1538 1994 haab bey einem buren in drnt begeben und flyßig
448 1971 1548 2082 gearbeitet habe. Alß aber daselbst herumb disen
441 2040 1544 2146 sommer das watter sonderlich aber wo sy gedienet habe,
458 2104 1560 2237 seher großen schaden gethan, habe der meyster sy begrenht
460 2183 1555 2310 undt verschikt, wie dan an allen orthn daselbsthei
453 2273 1538 2359 und wo das vätter schaden gethan, geschechen seee. l
1233 2348 1310 2390 wo
416 2347 1536 2465 daß sy khein drnst mehr findend arbeit bethonnen
447 2421 1531 2560 khönnen gestalten sy dis geschecher mittell ger hand
453 2491 1547 2633 genommen und alßo dem allmusen mit disem verdenhen
438 2562 1550 2725 khindr nach gezogen seyen Habe sich aber hievorsh
447 2637 1538 2783 und redlichen verhalten und fleyßig gedienet, auch eher
433 2711 1531 2863 bosen sachen nachgegangen. Gottet in übrigen gott ein
434 2787 1531 2958 ein ge oberkheit umb verzychung undt verpeicht
401 2850 1532 3023 daß wo ihr g ihra sölchen fahler werde verzegten
421 2932 1515 3116 geschenkt haben, undt sy dan mochte ledig werden
434 2971 1559 3184 alßbalden zu ehrlicher hand arbeit begeben undt mit
425 3146 914 3270 flyßig druen welle.
420 3128 1537 3368 Ist ernstwortig deßwegen befragt worden. Hat aber e
443 3185 1541 3427 wythers anzeigen, noch begangner drbstahlen bethann,
419 3375 784 3506 aich yn wellen.
432 3297 1541 3616 ein e en adert
429 3393 1525 3663 Centrr zu verbeßerung ihres labwasens un
438 3446 1548 3724 ebung ehrlicher handarbeit mit einem scheyth
449 3543 1556 3816 an die feberkeit in ihr keinat gewisen werden
473 3636 1498 3899 soll das kindt Hanß Mischler wider zustellen.
1587 292 1689 384 Aus
1828 181 2544 367 Hanni Weischler ußem
1847 320 2119 449 simt ghuw
1693 322 2838 572 Alß diser mit obigen 2 persohnen von Ediglen alharen
1692 401 2861 627 gefenklich gebracht worden. Hat ihne myn hochehrend
1701 480 2787 683 er von wert vermög an ihne abgangnen befelchs
1696 557 2769 776 auch uff glychem tag ernstwortig und mit synes
1696 641 2787 822 derumbzwechens und der gefundnen fleidre halber
1686 684 2826 904 befragt undt examiniert, Der hat also auch bekhent,
1686 863 2804 1017 Dad alß er vor ohngefahr bey 4 jahren des
1697 939 2802 1081 vorjahren zu Solothern gingerichteten stecke Peters
1680 1020 2768 1173 eheryb zur ehegenommen, habe er selbige auch bey
1680 1068 2815 1215 4 jahren ghan und kheider bey ihro überkhommen, sey
1679 1161 2801 1282 sy seye aber nach solchen 4 jahren von ihme gezogen und
1673 1230 2782 1367 habe nit mehr bey ihme blyben wellen, dan er ihra zu
1695 1309 2776 1437 schlecht gsin, alßo daß alß er vor ohngefahr und wuchen
1677 1390 2776 1496 das obgenamsete num bey thun angetroffen habe
1679 1447 2784 1597 er ihme syn khind umb 2 l, so es ihre flyßig ab
1670 1523 2791 1656 warte zugeben versprochen verdinget und selbige zu
1677 1599 2811 1738 geben versprochen, Das habe sy nun bey ohngefahr en ode
1674 1676 2767 1805 12 wuchen alßo bey ihr behalten, Alß aber wenig tagen
1675 1752 2749 1866 vor ihrer gefenknus er und obgedachte andres
1656 1829 2760 1934 Gugelman zu Then uff der Zein Brucken
1649 1899 2743 1992 dahin sy den etwas tagen zuvor einandren bescheiden
1666 1967 2793 2087 sch�n, khommen, habe er ihme versprochen, daß er
1654 2036 2734 2155 Gegelman ihne welle lehren die maserschenden
1661 2103 2789 2221 machen, wie sy also mit einandren geredt, habe er ihme
1662 2166 2759 2295 gngelman angezeigt, daß wan er haut bey ihne gsin
1657 2242 2769 2350 were wurde er wolfeles zeug von den Niderlndrl
1666 2314 2738 2439 gleich wie er gethan gekhaufft haben. Habe alzo die
1654 2388 2800 2530 jenge sachen so hinder ihnen gefunden worden von denge
1657 2466 2761 2579 sagten zweyen niderlendren s gekhaufft und nit andrist
1648 2506 2778 2689 bekhommen. Wie sy nun mit einandren uff Steffisburg
2174 2603 2352 2661 daselbstn
1632 2577 2770 2742 zu khommen, habindt sy das aum angetroffen, welchen
1646 2662 2807 2808 er dan solches zeng wegen synes sschindts geben. D
1626 2713 2772 2877 dadannen Sy vff Biglen, alwo sy getenklich vnge¬
1627 2755 2774 2965 zoge worden zugangen seyendt. Die ursach synes umb
1636 2848 2756 3039 der ziechens seye auch die wi das aum erzelt hat.
1624 2912 2773 3106 bgesprecht auch im fahl ermöchte ledig und uff freyen
1626 2976 2752 3156 utgestelt werden), daß er sich fürohn, gleich wie er
1615 3040 2774 3231 auch hievor gethan sich ehrlicher hand arbeit anfu
1630 3129 2758 3320 seinenrittet also gott und ein g hochen oberkheit
1623 3167 2759 3388 umb verzychung, dieselbe ihme disen begangnen fahler
1618 3238 2739 3462 prediglichen schencken welle. Hatt sonst mit wythers
1610 3326 2781 3558 bekhennen wellen. Obiges yn ehewyb heyße Elß
1603 3393 2331 3563 beth Pfeningen ußem Zürich stiet.
1616 3465 2734 3652 Diser ist den 20. aug 1692 mit dem hydt von
1633 3543 2755 3718 stat und laidt gewisen worden, soll ge kindt
1637 3597 1931 3728 mittarmen.
2891 76 2986 179 119
