2481 3308
430 288 506 376 19
424 701 525 845 1.
630 273 1236 451 Hans Gämbbeler
534 358 1338 618 Ist von 12. persohnen, lut vorhandenen
570 500 1329 673 information von Frutigen überwisen,
597 572 1333 733 daß er grett ein erbarkeidt daselbst
600 635 1367 796 gloube der oberkeidt schryben mir zuo wil.
589 733 1366 912 Ungeacht diser vilfaltigen kundtschaftt aber,
577 794 1356 957 hat er söliche gelougnet, doch auf dise faren
597 880 1353 1034 Wylen vihl, undt widerwertige brichten
594 939 1348 1075 undt schreyben yngelangt, so ful, undt
597 992 1373 1152 faltsch befunden, undt erachtet worden, möge
602 1088 1343 1203 er wol grett haben, daß solches lugenen
607 1146 1351 1250 sygindt: Daß aber er mein yhre ange:
609 1205 1340 1308 dütermaßen ungebürlich gemeindt, undt
597 1269 1320 1384 datlet könne er desselbigen ganz nit
602 1322 854 1438 gestendig sein.
435 1424 1314 1554 2. Item Ist er von drey underschidenlichen
584 1511 1348 1628 persohnen überwisen, daß alß man hin:
611 1566 1355 1666 nun In der Stuben Im Landthuß Uß:
609 1632 1352 1739 gerüfft, daß die jenigen so eß mit minen
605 1681 1353 1786 gen oberkeidt halten wellind in Hannß
593 1740 1357 1854 Zalers huß gan, die übrig aber in den
584 1804 1365 1908 stuben verbleiben söllindt, habe er, und
620 1859 1335 1986 sin bruder Jacob grett: Eß sölle
617 1927 1349 2043 niemandts in deß Zahlerß huß gan undt
605 1993 1335 2101 nachfolglich nimandts mit der Ober:
600 2042 1356 2169 keit halten: Daruf sich under die thür
597 2117 1372 2273 gestelt, undt die lüt aufhalten welle.
529 2230 1374 2425 Ungeacht diser überwysung aber, haten
620 2318 1375 2460 sölche ssin nit gestendig sein wollen, sunder,
590 2393 1363 2567 fürgeben, daß der underscheidt diser
600 2419 1388 2608 sönderung nit also gemacht worden. Ging
954 2529 1074 2592 " habe er
587 2508 1365 2686 er Ginggen aber " domahlen mit synen
601 2560 1374 2735 stein dahin gehulffen, daß man sich gegen eini:
599 2602 1377 2826 ger der huldigung begnamen wellen: da:
584 2683 1382 2915 zuo dann auch sein Bruoder, so diß orts miß:
593 2717 1387 2954 verstendig sein wellen, auch angewisen; Geben
584 2816 1373 3027 habe angedüte wider sy beide gefürte
580 2943 1018 3068 Clag bekendt oder nit.
1419 504 1456 570 3.
1425 1215 1470 1302 4.
1425 1851 1544 1931 doch alß
1428 1916 1532 1974 erlütest,
2318 222 2402 291 52.
1472 281 2323 562 ist er anklagt, daß er von dem Landts:
1510 360 2311 582 fänner Schmidt einmals auf der gaßen
1522 389 2438 639 von verfürten unwäsenß wegen, behalten beschaltz,
1523 476 2402 701 worden, er darüber geandtwortet: my H
1518 510 2423 750 undt Oberen, Schickindt darumb Ire Gsante
1521 594 2368 809 undt Schryben inß Landt, sy darmit uf:
1522 661 2401 894 zehalten frömbdts volk inß Landt ze bringen,
1529 743 2291 935 undt sy zue Ligbeignen Lüten zemachen:
1518 805 2375 1019 hatte er söliches auch gentzlich verlaugnet,
1527 833 2425 1055 darumb aber ist nit mehr, dan eine Khundt:
1534 991 1848 1129 schaft verhanden.
1532 1056 2419 1260 Do ist zwar er auch synem neben bruder Jacob
1534 1155 2447 1300 Gämbbeler anklagt, aber nit erwisen worden,
1541 1229 2457 1383 daß sy in Zeringen muet, mit zusamen geschlag:
1537 1285 2385 1451 en henden gredtt: Ich glouben wir haben
1549 1355 2431 1488 eine schöne oberkeidt, Eß muß sunst anderß
1541 1407 2393 1577 gahn, oder wir wend inen auf daren
1527 1494 2390 1635 geben, sy habend unß baldt gnug lugenen
1551 1560 2366 1677 inß landt geschickt: Der Caßtlan hat
1556 1641 2420 1742 unß auch so überrett, gebendt ime den
1551 1697 2381 1812 lon, Man welli sy zue lybergnen lüten
1554 1763 2424 1867 machen: Er hatt aber dises auch vernemnet,
1548 1837 2409 1930 wylen aussem nider landt oder Ärgouw
1568 1904 2384 2009 sölcher bricht kommen, daß sy sich der ober:
1565 1978 2399 2101 keidt widerschindt, unndt bereidts daß
1539 2036 2446 2161 dorf Herzogenbuche in brandt gesteckt
1550 2119 2465 2243 undt eß umb daß vatter Landt geschächen sye,
1557 2182 2432 2319 So mögen sy wol fürsachen, daß sy nit zuo
1547 2240 2008 2344 lybeignen werdindt
1682 2335 1776 2435 N3.
1502 2365 2389 2577 Die yngelangte und drumb ufgenommene
1555 2462 2078 2603 kundtscht ist nit underschriben.
1526 2525 2460 2750 Soll synet halb wyter bricht eingenommen werden
1562 2615 2451 2792 durch mhhen exaninatoren mit betröüwung
1565 2654 2487 2854 der Marter und nach irer discretion vernermt
1560 2716 1948 2839 examiniert werden.
