2481 3308
307 1961 333 2032 4
778 232 1237 447 Albrecht Hertig
700 284 1287 537 von Oberholtz hinter Münsigen
564 388 1311 655 Hatt bekendt en böge .... war dass G. Cap
566 428 1337 697 wyssen Compagny usgreisten, dass ohne
1305 555 1334 658 erbe anderen für due Statt
582 538 1333 746 geheist, Aber es siye an einen Br
611 590 1360 825 incommodiert gsy  den Übrigen den siye
593 635 1354 859 es, leider, uf .... brucht dass
608 695 1338 911 frömdts Volk ...., auch mit
604 774 1340 977 neben anderen für die statt gezogen
595 819 1352 1049 ..... disen habe er niemandts ufge
609 905 1335 1078 wigglet tc.  Bittet gott und ei
596 948 1268 1124 hoche oberkeit umb verzychung
585 1003 1125 1153 Actum den 7. julii 1653.
422 1064 1321 1238 Soll uf eine gute Censur und abtrag costens ledig
474 1132 1171 1265 gelaßen werden. Actm ut suhra
750 1314 1132 1420 Ulli Bürcki
770 1384 1114 1469 von Steffisburg.
494 1488 1338 1627 Wiewol Ulli Bürcki anklagt worden, daß er
600 1581 1335 1675 sich auch habe zum ufwigglen bruchen laßen hatt
578 1631 1336 1719 er jedoch anders mit bekandtlich sy wüllen
565 1680 1335 1757 dann nachden Ulli Bachman von Brenzikoff
569 1737 1340 1823 strenge patschafft gahn Steffißburg bracht
584 1786 1343 1868 selbigen durch den schryber Klleibers jn se
577 1835 1346 1926 verfaßen laßen und drüber inne genötiget
571 1892 1343 1980 In das oberlandt zetrag, habe zwar er
440 1889 561 1997 selbigen
577 1942 1349 2036 sich deß orts unwillig gestelt, Wylen aber
570 2004 1341 2087 er armmürtig und gringen vermögens,
570 2051 1345 2164 Also habe er sich desto eh zu diser patsch
565 2106 1350 2223 verrichtung bruchen laßen und selbige hinuf
553 2166 1336 2290 gegen Luterbrunnen getragen by welcher
557 2210 1349 2358 glegenheit er auch zu synem vehli daselbst
549 2275 1340 2415 So Inne auch theils dahin bewegt, sech kömmen
536 2304 1355 2479 Im übrigen seye er in keiner landtsgmeindt
556 2376 1342 2539 gsi und nergendt hin ufgezogen. Sonsten
537 2435 1367 2599 Aber seye Hanß Schlappach der rechte pohsten
549 2514 1230 2654 wegen gsy. Actum 18. july 1654
519 2561 1339 2740 Bittet sehr umb gnad und verzyehung.
381 2681 1342 2867 Soll uf abtrag erstens, eine gute Censur ledig
531 2815 1008 2921 werden abct obsthat.
2240 375 2305 441 48.
1494 389 2274 530 Schoren ablegen, vndt sey mit sunderbaren
1521 473 2289 601 fleiß sündern wollen, den Abfall den
1508 513 2230 627 von Schorren, vndt Oberhofen (Das
1515 551 2234 703 hilterfing schon dahin) zeuerhusten
1489 609 2279 753 habe er In allem abtritt inen Zuoge:
1504 663 2295 808 schruwen Kommet liebe Nachburen,
1515 716 2291 845 wir wöllen die Köpf zuosamen halten.
1517 917 2340 1071 Writtenß nach dem immer Ein schryben
1530 993 2347 1106 von nicht durch einen von hilterfingen
1522 1047 2276 1169 convogerten gruftenn, In daß schlose
1521 1105 2313 1213 troh worden, sye er Schillig voll,
1530 1163 2345 1270 vndt soll mit dem Sytenwehr vndt
1531 1215 2347 1341 einem stecken In der handt da yngetrungen
1532 1303 2341 1400 über alleß abmanen, Nit allein dem
1526 1350 2336 1457 Nachburen sunders auch, syneß sohns
1537 1418 2321 1511 selbst rasendt In die Stuben kommen
1535 1456 2354 1568 vndt inne gezwungen, den brief nach der
1545 1526 2295 1624 öfnung vorzuolären, vndt auf be¬
1538 1587 2333 1691 schächne ablasung grott, wan sy baldt
1547 1633 2394 1744 der Lugenen voll, Es muße anderst
1553 1717 1718 1783 werden.
1547 1825 2389 1945 daß dann antriff den Puncten, daß Nach
1554 1905 2350 2002 aufgehepten Läg der Statt Bern, Er
1530 1970 2357 2056 grott haben solle, wan mann nachs zoge
1543 2021 2382 2114 were, Inß Düfels namen sohntte
1540 2080 2376 2185 man etwaß außgericht, er habe wol
1547 2146 2355 2242 dacht Eß werde also gehen, die herren
1539 2198 2385 2299 werden guten bscheidt geben etc. haten
1544 2262 2397 2373 drüber hoch, vndt so wahr im Gott helffe
1535 2332 2380 2434 bedüret, Er wüße nit daß ers gruftt
1526 2401 2322 2502 habe: doch möchte er ist grufft haben.
1514 2499 2373 2645 Eht sieben abtrag Costenß E fr. vnd wahr
1550 2594 2325 2688 Verkandt vndt das er sich von der
1533 2653 2313 2735 gumnnen Manschafft droben erkennt
1518 2700 1957 2780 Actum 5. julii 1653.
