2481 3308
626 237 1349 484 nit: aber wol imwüßen daß domaligen
625 322 1333 520 statthalters Fryburghuß und der
626 382 1349 597 Weybel Mader am hefftigesten auf
634 447 791 522 gerett
585 511 1319 708 item übrigen dann, alß immer fürge
615 589 1305 754 halten worden, daß er by der im
619 645 1357 819 Bremgarten angestelt geweßnen, undt
618 715 1357 885 gehaltnen Bümplitzicher Burenn-wachen
617 780 1354 938 In bysein viler Soldaten bim wachen
617 838 1341 977 heür In dise ungebur undt grobe
619 895 1369 1046 vermeßenheit wider synen her Gene:
620 976 1343 1104 ralen außgebrochen, Namblich daß
620 1031 1342 1165 Den maior by disem heür gut
611 1097 1344 1236 zebraten were tc. Hater nach
623 1168 1317 1274 langen undt erst nach verhörter-
602 1221 1321 1336 Kundtschafft bekendt daß leider
610 1299 1329 1406 er sölche wort außgegaß, sölche
616 1350 1340 1473 aber, nit von hertzen sunder auß un:
623 1429 1301 1524 bedachtsammen mut undt unbe:
630 1496 1187 1594 sinten wyß außgaßen habe.
608 1554 1294 1657 diß undt ieneß aber sye Ime
629 1632 1314 1725 von grundtsyneß hertzenß leidt:
615 1691 1321 1783 mit anerbietung, sich fürskünfftig
618 1753 1331 1847 mit gebürendem undt ghorsamem re:
613 1813 1291 1917 spect gegen syner heren oberkeit
586 1881 1340 1993 Inß gemein unb besunders yezestellen.
528 2025 1212 2159 Ist 1 mal lär aufzogen worden.
577 2116 1338 2220 Actum 15. juny undt 2. july 1653
395 2286 1339 2437 K:R: Soll vernemß im fahl nit bekennens,
589 2357 1306 2476 mit marter examiniert werden.
531 2476 819 2578 Hat bekendt.
500 2524 1363 2730 D zwost und anß halßyten mit äuschlafun
593 2597 1354 2768 syneß verbrechnnß, wie zuogleich noch
559 2642 1357 2806 sechs monat lang jnß Schallenweren
576 2695 1350 2869 Erkandt, da interim zuo Loupen Nach:
578 2742 1367 2932 gefanschet werden soll, ob er nit mit einem
564 2801 1339 2968 brügel im holtz gluret, und gwartet,
559 2854 1336 3039 Demnach synet halb wyters zuon kennte.
564 2982 861 3085 Actum ut supra
1376 439 1438 523 26.
2307 299 2364 366 50
1659 353 2296 521 Ulli Kupferschmidt
1529 509 2334 669 Nach dem Ulli Kupferschmid ein alter
1551 566 2322 709 wolhabender mann abem stouffen, in
1562 625 2301 772 synem huß gefencklich angenommen nach
1530 667 2342 808 Thun, hernach alher gefürt undt ernst:
1542 726 2379 856 wörtig mit antröuwter marter exami:
1552 772 2255 906 riert worden, hatter bekendt.
1527 861 2390 1019 Nachdem er von Hanß Rügsegger wey:
1548 929 2392 1062 bel zuo Rötenbach beschickt undt beuchs:
1556 975 2379 1093 met worden, wylen ein landts gmeind
1550 1038 2340 1170 zue Signouw (deren Ursach mir unbe:
1557 1091 2381 1214 kandt) angestelt undt imme daselbst zu
1552 1156 2355 1267 erscheinnen lybshalb nit müglich, sich-
1558 1225 2362 1344 dahin Zeuerfüegen undt allein zelogen, waß
1562 1285 2399 1399 dater tractiert werde, volgendts selbi:
1556 1337 2333 1466 ges ime widerzebringen etc. Sye er
1556 1416 2351 1522 demselben einfaltig nachkomen, undt
1554 1468 2400 1583 habe sich daselbst in der Landts Gmeindt
1565 1537 2396 1643 undt hernach In keiner anderen mehr
1556 1600 2387 1699 befunden etc. Doch aber zuo dem Kundt
1563 1658 2420 1773 nit geschworen, In diser landtsgmeindt
1555 1730 2352 1839 habe Uelli Galli proponiert, undt er sich
1562 1793 2382 1900 zwar der erst nach imme gestelt, aber
1570 1863 2421 1986 nüt zur sach gerett, darüber geschloßen und
1567 1938 2412 2041 abgerahten worden, 1. daß die halb ver
1567 1989 2347 2112 rünfften batzen widerumb für ganz
1561 2054 2380 2170 yngenommen, undt außgen item der
1559 2140 2407 2253 domahlen herfürkomenen uszug von dem
1559 2189 2369 2324 Landtsfriden Brief, In die Landts:
1559 2262 2407 2397 gmeind gan Huttwyl getragen undt den
1567 2324 2440 2469 sich daselbst ynbefindenden herren Eren:
1559 2387 2365 2525 gesanten yngehendiget werden sölle:
1556 2472 2423 2595 Wiewol aber er dem weybel Rüg:
1564 2523 2403 2660 segger die abloffenheit diser Landts:
1572 2585 2436 2743 gmeind begertenmaßen referieren söllen:
1562 2669 2414 2819 habe Jedoch er solches underlaßen, undt
1560 2730 2483 2892 erachtet, daß er zuo Huttwyl sich dentzmal
1581 2808 2449 2974 selbstynstellen undt zuesachredten werde. Wy:
1579 2854 2290 3029 serst sy imme diß ortes nüt Imwüßen
