2481 3308
368 3013 534 3126 K R:
571 183 1349 473 Denne hater bekandt, daß er synen knecht
591 314 1352 566 wag synes guts zue Stouffen auch für Ew. H.
594 351 1024 479 statt Bern geschickt.
489 422 1346 676 Item wylen für brachs worden, daß im
551 546 1351 738 Reißgelt im schloß Signouw nit sicher
585 604 1346 794 undt gnueg verwardt. Alß habendt
595 662 1320 820 er, undt zuben andere imme zuegeben ge:
595 724 1342 887 weßne menner, solches daselbst abge:
575 796 1302 936 holt, welches erstlich hinder Uelli
595 852 1344 1035 Schenck gelegt, hernach aber daselbst
589 929 1319 1066 widerumb hinweg genomen und an
604 977 1340 1126 underschidenliche ort zue 30. T. ver
578 1049 889 1134 teilt worden.
547 1147 1319 1295 Wyterß ist er bekandtlich, daß er den finder
595 1238 1315 1373 mhhern den examinatoren ligenden
574 1290 1327 1405 In deß außgetrettnen erz Rebellen
575 1350 1308 1460 Statthalter Bergers huß fundenen-
577 1416 1307 1528 ze dulte, an den weybel Rügsegg
586 1481 1301 1580 abgahn laßen, dardurch er inne undt
1196 1552 1313 1612 neben
576 1552 1314 1632 erwelten Berger, auß deßelben an:
570 1615 1310 1730 deren vor Kriegs-raht gewesen
582 1678 1317 1784 Michel Bürlzumers mund ver:
593 1743 1322 1839 warnet, wyl sy höchlich von der
575 1794 1307 1897 Oberkeidt verclagt, undt mhhr
584 1862 1348 1970 Seckelnd Will ading (meindt Ob
581 1924 1307 2044 Reynold von Freyburg) mit 800
590 1985 1342 2094 Mann gegen Thun aufbrochen, undt hr
572 2065 1332 2161 General von Erlach syne völckern
564 2121 1326 2234 In 2 theil abgeteilt, mit dem einten
583 2180 1333 2307 gegen Dießbach zugehen auf sich selbs-
577 2242 1326 2383 achtung zegeben undt sorg zuehalten
565 2297 1344 2438 dardnach der den ußtrit deß Bergers
573 2411 860 2516 verursachet.
462 2469 1320 2637 Im Übrig den, wiewol imme für:
481 2514 1344 2718 gehalten worden, daß er auch der löüwen
580 2575 1330 2757 Bergischen Kriegs-rähten einer gsin
562 2643 1350 2809 undt sich ordenlich yngeschriben befindt
557 2680 1359 2886 hat jedoch er selbigeß starck von minet
566 2751 1358 2936 mit vermelden, daß eß imme hinderrucks
558 2847 1286 3000 undt unwüssende geschächen were.
534 2880 1320 3109 Soll vernemß by betrewung der marter exa:
810 2932 1368 3154 ist zwangs yren erenhalb unschont sinnit aus
560 3028 898 3143 miniert werden
797 2989 1371 3179 abtrag lösenß eriert: indes mit herbesatz
523 3108 788 3214 Ist beschechen.
334 3034 1361 3300 "behidig gebesrat, deß wagen synem gut nach geforschet werden söllen dann der
356 3060 1375 3304 blf widerumb zuosammen Thun schaffen, undt die eine enteschuldigung hüye imme
591 3093 1367 3304 mhl den kriegsräten minmal von blübj. Actum S. inse
1365 443 1445 529 27.
2272 253 2337 339 51.
1593 333 2123 520 Hanns Düscher
1583 404 2182 578 Der alt von Limpach.
1457 510 2301 691 hat bekendt, daß er vor der gmeind erben
1507 564 2293 748 Bentz Langgolf von Büren zum Hof, in
1512 627 2315 811 die Landtsgmeindt gan Huttwyl ver:
1506 670 2338 849 ordnet worden, da vor syner abreiß er
1504 746 2341 904 von den Gmeinden Limpach, Büren zum
1493 812 2345 971 hof, Schalunen und den Außgeschoßnen von
1473 868 2353 1034 frauw brunnen, ein landtglüpt abgenommen
1493 930 2382 1096 daß sy es mit den buren halten wellindt:
1491 1008 2404 1164 Item zuo den beiden Meyer und weybel
1497 1054 2384 1215 Springen, sich begeben, umb von Inen Zeuer:
1518 1118 2388 1259 nemmen, ob sy auch etwan an gedüte landts:
1510 1188 2373 1333 gmeindt schicken wellindt etc. Alß munsy
1506 1262 2316 1393 imme mit nein begegnet, sygn en mit ge:
1520 1341 2339 1457 meltem Langgolf gan Huttwyl ver:
1506 1418 2375 1541 reiset, daselbst zwar im Ring an der
1502 1494 2385 1608 Landtsgmeindt gsin, Aber doch den Eidt
1509 1571 2402 1672 Zum kundt nit geschworen, Sunderss den:
1541 1635 2039 1745 selben nur guetgeheißen.
1502 1720 2373 1863 Daß aber man von Iren Gmeindt gan
1517 1818 2309 1920 Huttweyl gschickt sygindt desselben-
1505 1876 2409 2000 Durß wyß, undt Ulli Sterchi, ein Ursach
1520 1946 2361 2049 wylen sy allzeit gsagt: Wan man nit da:
1517 2013 2358 2119 hinschicken wolle, so wellind sy eß thuen.
1463 2109 2355 2223 Im übrigen habe Brat Häberli der Schmid
1506 2186 2360 2290 zu Jagi Dorff ir gen löüfferspott
1533 2243 2373 2374 aufgehalten, undt sunst andere persohnen
1537 2317 2362 2429 so lang gehertnet, biß er gält von inen
1537 2377 1909 2472 außhergebrässet.
1481 2454 2435 2639 Endtlich auch auf ynkommen bricht, daß vil
1530 2564 2437 2694 frömbde völlker by Arberg angelanget,
1517 2615 2427 2794 habe er zwen syner söhnen in Ehiergarten
1530 2684 2447 2832 geschickt, der meinung daselbst wie andere
1535 2761 2207 2912 wider dise völcker zewachen.
1541 2811 2417 2988 It deß grichts endtsetzt mit vorbhalt imme
1544 2895 2364 3049 auflegender geltstraff, undt neben abtrag
1530 2929 2450 3116 Costens, und einem guten censur auch ledig erkend
1534 2974 1802 3087 Actum ut supra:
