2481 3308
334 1958 369 2039 1
479 1878 525 1957 1
520 212 623 288 25.
805 237 1198 415 Jacob Ienck
748 315 1197 470 von Nider Bottigen
666 440 1311 649 .. Zwar schon der 29 May ....
688 518 1360 705 ernstwörtig, wegen an beuolchnen st
695 577 1360 763 menst, vndt aufwiglenß by der Güm-
685 631 1371 818 menen Brüg examiniert, vnd drüber
680 689 1374 875 ledig gelaßen worden, Wylen aber glich
679 739 1352 920 Daruf vernerer briefs yngelanget,
681 817 1357 975 daß er sich in disem auflouf nit eine ...
686 890 1355 1043 ung gebruchen laßen, vndt irgen herren
660 926 1361 1093 Schuldtheiß Dachselhofer bim Landt
688 1015 1358 1151 stul ungebürlich yngerett, auch ganz
666 1055 1337 1190 boßärtigen, undt verlesterten wyß
671 1122 1346 1252 uber ir Excell: H. General von Erli
661 1192 1333 1301 by gehaltenen wacht für im Brem-
657 1245 1349 1392 garten in dise wort außbrochen, daß
662 1320 1353 1446 er gut da zuo braten were etc. Alss
648 1382 1364 1511 Ist er widerumb gefencklich angenommen
653 1452 1365 1559 undt den 13. juny nach ernstigem mundt
644 1516 1345 1616 lichem examine Im Strecke fundt
654 1582 1334 1695 mal lär aufzogen worden, der hat
633 1648 1334 1760 Darüber nachfolgende bekandtnuß
641 1707 781 1813 getan.
632 1832 1349 1963 Daß in der Nacht sein Schwager Ma-
596 1911 1349 2005 nuel Beck von Ober Bottigen imme auf
627 1979 1340 2075 geweckt daselbst stürmen laßen vnd
615 2033 1311 2127 die lüt ernstig nach der Gümmenen
613 2091 1342 2189 brüg vermandt,  Alß mun er daher
613 2148 1334 2253 kommen, habe Adam Köhli immer beuolen
584 2208 1322 2338 zeuerschaffen, daß zur Kappele ge¬
625 2279 1361 2384 stürmpt werde vndt daby versprochen
597 2343 1339 2453 Inne deßhalb vor Costen vndt schadt zu-
608 2415 1351 2518 verhüten. Welchem zwar er nachgangen
598 2469 1281 2575 aber doch nit gestürmpt worden.
537 2521 1344 2646 Wiewol aber durch daß mehr den
583 2567 1344 2727 hauptman Franz Wyß, so by der Gümme
598 2622 1355 2779 nen brug mit syner compagny angeben
586 2677 1354 2836 den pahs darüber bewilliget sye in
587 2752 1323 2909 doch also baldt Imme derselbige vff
588 2804 1332 2969 Veter Fryburigshuß staffthalter es zur
542 2892 1316 3041 Neuenegg ankunfft, vndt strenge
2269 371 2346 455 43.
1536 433 2330 564 opposition gespert worden: vermeldende
1557 480 2346 643 daß er sy nit passieren laßen welle. undt
1530 536 2370 682 im fahlsche söliches über die brug geschecht
1544 589 2382 715 wolte doch er hernach überoben den pahs
1550 624 2369 759 wider verlegen undt inne an synem maaß
1787 670 2343 795 Endtlich aber habe sich der
1537 739 1759 834 verhinderen;
1540 733 2357 875 vermelte köchli yngeschlagen vndt zuo
1542 786 2337 936 laßen wöllen, daß sy passieren mögindt,
1541 857 2337 984 So wehr sy nit wyderß alß zum underen
1545 937 1981 1060 schon züchen wollindt.
1530 987 2361 1120 Waß dan sein Juncker persohn In disem fahl
1542 1040 2363 1168 betreffe, habe er alle zeit daß beste zur sach
1550 1093 2306 1226 gerett vndt dardurch gesucht dein her
1545 1161 2325 1277 hauptman Wyß, alß welchen imme wol
1546 1219 2360 1318 bekandt den pahs zuo facilitieren, vndt
1554 1265 2353 1382 offen zuo mach. Daby aber syge immer
1547 1329 2339 1439 verborgen gsin daß dise pahses sperung zuo
1544 1384 2380 1485 hinderniß Gehilf angesächen. Welches in
1546 1448 2338 1549 aber der statthalter Fryburghuß die
1545 1508 2327 1603 Einzige Vrsach gsin. Sünsten aber
1551 1574 2364 1659 habendt Adam Köchli, vndt Christen herren
1561 1635 2350 1735 diseren verräterischen Auflauf verur¬
1571 1693 2345 1788 sachet: dann sy selbs viert sich an
1563 1756 2323 1842 der landts gmeind zuo Huttwyl be
1551 1810 2339 1913 funden, da sölicheß machiniert, vndt
1547 1878 2388 1953 angespunnen worden: Maßen vß ermeltn
1539 1929 2388 2025 Köchliß zur Buttenriedt an einem hochzeit
1554 1995 2382 2101 über Eich In synem bysein gebruchten
1563 2054 2358 2153 reden abzuonemmen: In dem er
1570 2119 2363 2217 den Ablouf, undt Hergangenheit gedüt
1541 2184 2372 2279 Landtgmeind erzelt dannenher er
1559 2246 2397 2351 verhoffet ghan noch selbig tags deßhalben
1557 2307 2328 2419 Brieffen von huttwyl zu empfachen,
1560 2366 2349 2483 damit sy sich in verlegung der pähsen
1545 2430 2031 2516 zeuerhalten wüssindt.
1533 2509 2378 2631 Antreffend dan die klagende ir ge her.
1545 2575 2401 2689 schuldtheiß Dachselhofer am landtstul
1551 2646 2383 2736 getann scharpfe änned etc. Wüsse er sich
1547 2688 2403 2785 anderst nit zeuersinnen, denn daß er zwar
1547 2745 2384 2856 etwaß von Brieffen undt Freiheiten ge-
1551 2806 2386 2904 reft habe. wie wehr aber er sich deß
1539 2861 2392 2972 halb yngelaßen undt übernett sye immer
