2481 3308
290 1958 333 2021 4
373 1871 543 2010 K. B.
419 352 511 422 17.
711 223 1107 411 Peter Künzi
642 294 1256 517 dess ire von Wyl Längennau
628 466 1318 669 hat ganz freiywillig bekandt, Nachdem
611 520 1323 716 daß gschrey gang, daß nil frömbdes
607 591 1347 788 volck verhanden, vndt Inen allzeit fröwn
601 653 1302 819 worden, habe er sich auch leider gelußten,
601 716 1325 881 alhar vor ir ge Stattzezüchen vndt
600 776 1310 926 hienun alß ein außgeschoßner von der
594 839 1349 1012 Gmeindt, In der Landtsgmeind Sumis-
601 896 1310 1048 waldt bruchen laßen, umb anzehören
610 948 1329 1114 waß daselbst tractiert undt verhandlet
595 1014 1321 1157 werde, by welicher glegenheit danen
594 1071 1313 1217 auch den Eidt zum Kundt geschworen,
593 1133 1322 1278 volgendts da dannen gan huttwyl und
593 1207 1295 1337 vernemß gan Langentaal an selbige
597 1258 1313 1401 Landtsgmeinden verreiset, vndt auf
611 1327 1297 1435 sein widerkunfft synes principaten
602 1393 1295 1499 referiert wie die Sach abgeloffen,
590 1456 1321 1571 welcheß sy auch gutgeheißen undt appro
599 1526 1281 1630 biert, Im Übrigen aber habe er diß
594 1583 1290 1681 orts niemandts aufgewiglet, noch
1112 1655 1175 1694 er
590 1649 1294 1746 yngefürt: Doch aber  auch ind
591 1708 1268 1821 12 jährign Thumrischen Rebellion
593 1796 919 1883 vergriffen gsiy.
582 1875 1317 1974 Soll alß criminal für mahrn gebracht
582 1935 1302 2041 werden, doch sich bevorderst inquirieren
582 2005 863 2088 der mitlen
580 2074 1322 2240 Ist auf erlag vierhundert pfunden ..
575 2161 1295 2272 abtrag Costenß eine gutes Census und
583 2212 1287 2325 abschwerung deß pfrundts liberiert.
576 2285 955 2380 Actum 5 juli 1653.
1361 509 1428 575 18
2268 362 2350 458 46.
1574 412 2146 567 Bendicht Cotey
1636 491 2112 608 Keßler zu Zolligkofen.
1496 562 2336 709 Ist bereidts sitt belägerung der neuhenbrug
1529 609 2363 737 gefang endthalten worden, von deßwegen Ob
1545 666 2380 784 solte er by Bremgarten vmbher vnserer
1585 720 2327 843 fusidiereren verkundtschafftet haben,
1529 788 1574 841 g.
1537 781 2338 894 darüber sy all von den Löüwenbergischen
1530 830 2304 960 gefangen genommen, vndt bunden in daß
1541 890 2359 997 Läger gfürt worden, Nach dem aber
1540 941 2391 1068 er Cotey drüber ernstwörtig examiniert
1530 998 2314 1117 vndt gegen Pretellio dem Schumacher
1543 1051 2325 1173 alhie, so der gefangnen einer gsiy Con¬
1534 1104 2343 1228 frontiert worden, hatt sich die sach also
1552 1174 2337 1276 befunden. Alß die Löüwenbergischen
1549 1238 2337 1342 gedüte fusilierer by imme in synen huß
1546 1282 2339 1410 gesucht, aber nit funden, haben sy inne
1535 1354 2370 1461 zwung inen der wäg gegen der newen:
1552 1404 2349 1508 brug zezeigen, welche die ganambsiter
1530 1465 2361 1571 fusilieret vnderweg angetroffen, ohne
1562 1523 2343 1633 daß er sy gewüst oder vil weniger
1543 1610 1710 1673 gezeigt.
1370 1712 2361 1823 K: R. Ist auf abtrag Costenß, vndt abschwerung
1550 1766 2105 1868 deß Khundt ledig erkendt
1548 1837 2339 1944 und obige dato ist er auf abtrag Costens,
1541 1906 2232 1999 vndt ein gute Consur ledig erkendt
1640 2127 2028 2238 Michel Cotey
1400 2181 1475 2257 19
1619 2222 2150 2310 deß obbenedten Bruder
1440 2321 2372 2417 Wylen er in gleichem pradicament Alß
1546 2400 2401 2501 habend nichten die kriegß-Räht befunden
1556 2456 2384 2555 daß er synem bruder gleich gehalten undt
1565 2511 2379 2609 auf abtrag Costenß, eine gute censur, auch
1561 2555 2355 2657 abschwerung deß Kundts, so er denselben
1554 2615 2352 2718 geschworen, ledig gelaßn werden möchte.
1543 2686 2364 2803 diser ebenmeßig mit dem anhang, daß
1565 2750 2323 2858 von außgelaßner fröüwworten wegen.
1550 2795 2301 2900 er auch in trostung angenommen werd solle.
1556 2851 1834 2938 Actum ut supra
