3024 4032
812 667 1646 922 Cana p bleren beheen
812 773 1619 943 so sy uff flychemtag vor gnoner un
790 823 1663 1009 Wolermelten, mynen hochgeehrten odere
772 874 1582 1033 der räthen bekennt und verzachen.
770 1031 1657 1227 erstlichen syr sy zur Rußwylterlunen
796 1142 1651 1280 gebiet anheimsit und syr von ihrer stich
820 1191 1660 1327 muter vor ohngfahr 14 jahren uß ihre
790 1242 1649 1389 vatterschuß der nach beleben sye versagt
780 1310 1651 1424 worden, von dannen sy erstlichen in die
790 1377 1643 1469 lender kommen und daselbst by 2 jahre
802 1419 1030 1503 gedienet
803 1472 1645 1580 Hernacher sy sich in daß Bernpietber
809 1542 1648 1638 geben und mit einem der sich Grörg
809 1591 1645 1693 Widmer uß dem Truberthal genamset
815 1646 1647 1745 id verchlichet und zu Worb kilchrecht
812 1704 1645 1802 gehalten, hab nit syvvon dem selbigen
810 1760 1654 1851 an by 12 jahren dahar, umb Biglen,
802 1808 1657 1898 Walkringen und derselben gegne, uffger
483 1815 769 1933 s mit die,
801 1862 1645 1952 halten und arbeiten sich ernerthe
467 1926 586 1982 ner
793 1924 1625 2004 Man aber, der sye ein solcher boßantiger
807 1979 1639 2083 Kerliß an ihra gsünt dlaßi wegen bösen
815 2034 1651 2141 streichen, die er ihra geben und sunst me
460 2042 746 2144 danenher
495 2092 1661 2215 man hunedermahlen ehliche treüw geleistet habe, entliche
811 2153 1658 2277 uersach genommen, von ime zelauffen
489 2193 536 2246 5
490 2205 723 2311 holzigen
797 2204 1645 2335 Annenharen sy zun nachuolgende fahler
468 2273 760 2383 Beorg gete
786 2275 1650 2411 und zwen diebstal, die sy in jahrsfrist
765 2337 1576 2470 dahar leider begangen, gerathen.
481 2353 630 2464 ment
780 2423 1655 2577 Alß erstlichen verscheinen iefinstmärt
796 2474 1649 2610 zub Burgdorff habe Wilhelm Rung zu
769 2517 1662 2684 Gomerkingen uff der gaßen angetrffen
801 2576 1660 2762 syn by der hand genommen und in ein wy
812 2631 1646 2787 schenckenhuß gefürt, alda truncken
775 2678 1645 2874 myn gemacht, uff dem abent habe ersy
808 2748 1640 2932 nit ime den schacken kinnffgeführt
784 2797 1613 3016 In einem almendhüßli uff der kn
802 2844 1645 3046 beherberiget, alda er synen undtwillens
800 2904 1646 3112 offt er wollen mit ihren getriben und
799 2956 1632 3204 ged er andenet
787 3041 1630 3250 ihra nützit geben, habe sy imme uß einem
810 3061 1651 3305 eckel die drey doplonen so by ihre funde
780 3130 1658 3383 worden, erwütscht,  habe aber nit genen
780 3306 1226 3456 dßes gob shen
793 3275 1655 3573 een
760 3383 1569 3646 enen nte s
800 3428 1571 3705 ere den eee
776 3476 1578 3766 geeene
2790 363 2891 463 61.
1972 532 2789 760 angesprochen, deme sy auch ge
1869 571 2787 857 en enen
1764 742 2294 909 e gen ge
1875 761 2787 1007 sinner Ernd, zuo dotzigen by bBuren
1770 828 2812 1100 sih auch mit einem welschen man in
1781 864 2858 1107 ihergeilheit vergeßen, der ihra ettliche
1774 951 2782 1189 kle habe sy sich nit wybers weder
1780 958 2884 1274 den derbstallen, noch Reo jeder hirey vergeshffen
1781 1143 1853 1210 batz
1766 1168 2194 1340 Aen bib te
1701 1791 2838 1940 4 wie sy sich denn Ires domaligen vrhaltenß
1728 1894 2883 2036 halber, vff den herren freyweibel Im Dig¬
1736 2002 2827 2126 hen, vnd andere erliche Personen daßelbst
1738 2103 2872 2225 herumb sunderlich brüfft und bibet ia man
1756 2201 2449 2326 y darumb befragn wolte.
1763 2428 2891 2567 Festere zwo Wybßpersonen, sind mit einer
1792 2521 2900 2666 tarkn censers sunderlich das kuderbuchi
1768 2612 2840 2776 mit ruten geschmeiht gezeichnet und
1768 2695 2874 2857 mit dem filt von ir 9 statt und land
1739 2775 2837 2952 scwisen worden. Den 12. feb 1647
