3024 4032
188 898 280 988 und
729 292 810 391 6
874 326 922 396 4
1025 333 1083 417 2
342 324 1374 576 Reittwuchens den 9. wynmanh
350 473 1344 610 milt deren Vmbschweifense Battelbuben, Vor
338 530 1279 650 menß steffen Wirt, unnd Petterli War¬
1308 614 1357 679 an
321 609 1372 775 beilt uß dem bruntauter gebiet, so ennde
337 671 1367 815 gfengtlichalher gefürt worden, uß ir ju beüelhe
331 743 1373 877 duch mynen hochgeerten hrr alt Bmeher Halle
332 814 1386 964 vom kleinen hrr Unrentz dick vom großen
337 876 1384 1012 hr Großweibel Sinder, zun byweßenetlicher un
328 960 1382 1098 Dieneten der Weiblen, Iun dem Strekh
350 1037 1399 1174 mit ernsthafften worfen unnd betröüwung der
344 1111 1390 1240 Marter eraminiert worden, die dann bekant
329 1194 664 1304 Wie Kolget.
383 1342 1414 1494 Steffen Wirtbekent, Er habe uff ein syt, mit hi
364 1431 1417 1562 nes gespanen vonn betort sy sich Christen gnanset
380 1514 1416 1651 by Biglenstags uß einem keller(so nit versche
373 1594 1318 1728 gsin zwen Leiben Brott helfen nemen,
382 1693 1440 1831 Nit wyb vonn demselben ort, habe er vßenn
384 1787 1154 1928 offenhuß ein leib brott enzuckt,
343 1945 1464 2123 ernach habe er disen Petterli Warmer uor ung
426 2017 1463 2158 vor einem halben jar uff dem Lengenbergange
407 2089 1468 2267 troffen, Er wirt habe daselbst disen sungmer
392 2170 1480 2341 den ameren Holfen Aenten, Narmer aber h
354 2305 705 2445 vffgeleßen,
334 2359 1478 2557 So habe er auch under deßen uß einem hußitet
419 2441 1465 2637 kadt, ein stuck luß, unnd vor einem cemmeinen
435 2564 923 2741 oppenentwert.
427 2653 1481 2891 Ist auch deß letsten diebstals, so sy mit eianderen
432 2702 1485 2941 zu Brüglen verbrächen, nochmalen gestend
428 2783 1490 3042 wie eds hiefumb vberischlikte Vrkundt Vßrest¬
403 2928 1493 3189 Er ist entlichen ouch bekantlich worden, das er deren
457 3002 1520 3262 einer so hienorselb viert durch die Profosente
449 3081 1508 3406 ginhen dngete
464 3124 1523 3472 elieshend en e
467 3224 1507 3528 dorff widerumb behendiget, da dannen alhas¬
474 3258 1539 3640 e ernte
490 3368 1507 3693 n
480 3450 1442 3778 de
1634 333 1919 461 2x
1435 280 2443 614 ragen ndat
1432 393 2455 691 hrbe visen synen gesanen vor vnguer einem
1435 466 2501 747 halben har Vngefert Im Luerner Gepiet ange¬
1436 537 2540 853 troffen, vnnd sege sitecher die meiste Het, also Battels
1436 628 2344 917 endeneneht
1436 668 2553 1013 aenn
1447 800 2548 1093 Dem Hannß Niggeler zu Brügglen hun die stuben
1473 891 2600 1210 sestigen, daruß ein par hoßen ein Tschoppen und war
1446 987 2533 1247 strumpfentwent, sunst habe er mit wybers stelen
1470 1218 1639 1349 helfen.
1505 1287 2528 1511 en 12. wyumonat sindt dise zwen Buben ver¬
1488 1369 2499 1572 mog Rahthedels Iuntr Rennet gewißen, durch die
1492 1443 2545 1655 Profosen vff die Grentzen begleitet, vnd Steffen
1491 1523 2503 1730 dem elteren mit ernst fürbildet worden, im fahl
1498 1609 2561 1769 man inne zum hr g landt mer bestrychen, man hie
1479 1683 2571 1844 denhmalen mürs und alts zustanen geben werde.
2531 160 2613 237 8.
