3024 4032
558 251 1495 570 nde e et e
585 391 1490 677 de zubgeitlhlachen
588 462 1217 650 m vllengslen
550 559 1519 887 ethehed
572 656 875 803 hiseffe gkommen.
509 778 1503 1055 Zur sichsander Jandes oberer nischlergets zuseßen
578 865 1272 1049 gedet, habe er e heuli ent zwackt.
557 1002 1501 1217 Dem Rudi Buri daselbst, anmargetrihen .
570 1071 1497 1274 obergeden, ein wenig sattz und ein meiti sil n
562 1166 1161 1311 das er alhie umb 1 f grkaufften.
506 1267 1504 1502 Den Bebicht Sber zuondiertervorte achtenith
549 1392 1378 1570 das er zuo bargdorff vmb 10 bz bkunfft
522 1504 1492 1695 Dem sr predicanten zro Rapperswyl uß dem
556 1609 1499 1768 Den 1. ms raggen sampt einem flegel und ußim
583 1683 1483 1863 futer kasten f nit dinckel genomen, soer zu
566 1769 1396 1917 Schuofen in der mitlistan mid, Zunalen geben.
560 1864 1487 2025 Do wengi des klein Hanser volck uß dengaden
569 1965 1041 2089 Gleib brocht genommen.
512 2078 1500 2218 Zuo Zeewyl dem Mihel weibel, 2 leib brocht sße
583 2174 999 2289 gader entzwackt.
531 2236 1500 2377 Den Mühel weibel zuo schwandeni Silgen
519 2327 1223 2460 das er alhie vmb 6 b. grkanft.
534 2420 1488 2593 Dem Aman Mössler von Schwkander, nachts vir
548 2520 1486 2680 zweyen mahlen uß dem stock in mit garsten etw
564 2603 1317 2725 mals und 3 is dürckel entragen
529 2661 1503 2848 Zuo Frauchwyl dem Falix Grauw ein sagse
564 2785 1497 2923 entwind, so er in ein eych verborgen, sampte
559 2876 1115 3007 biel so er gefunden habe.
537 2898 1496 3126 Diser ist auch erstlich har, demach nit zenken
527 3029 1488 3227 und hernach mit 2 steien uffzogen worde
542 3120 1229 3303 Den24. feb 1 66 .
612 3219 1308 3398 Inn dz Sehallenwerke erkent.
1537 1415 1574 1478 1.
1551 1819 1579 1883 .
2008 173 2543 397 Citis d
1729 348 1987 509 Siebus
1738 368 2248 569 a Cne
1622 486 2649 787 e ndn d
1632 571 2611 870 de el en e
1628 678 2587 950 verbruneten des Gleitsherren Hyrtzen, imn
1645 717 2615 1044 d ee
1606 804 2592 1101 age ab te ege
1635 924 2677 1159 volfune pundten (deren man mehren theilß Schrifftlichen
1624 992 2636 1246 beibt hat) mit und neben notwendiger Martes für
1632 1186 1927 1341 geolten worden.
1615 1257 2633 1448 eetlichen ob er nit, alß er und syn frouw, sich lettlichen
1646 1336 2632 1510 uß Walliß gemacht ein kinol daselbst hinder
1634 1427 2579 1607 lassen, It deßen bekhandtlich, ouch daß er dievor zu
1593 1536 2168 1691 Nanmegg wallen außreissen.
1644 1779 2628 1897 ob er nit vor etwas jahren etliche roz nander
1644 1877 2619 1997 sfaliam geluhrt, vnd keiner Räidten straz nach
1649 1947 2612 2086 gehahren seye andtwort. Er habe wol Roß
1623 2009 2656 2182 daselbst die geführt, dieelben aber ordenlich bezahlt,
1625 2256 2551 2412 . Ib nit er und syn fram zu Brütingen,
1645 2376 2550 2483 alß dem arest und rönbten uber glubt so sy
1656 2445 2574 2585 gethan) außgerissen, hat diß nit vollendts
1642 2536 2128 2648 bekhendt noch vermeinet,
1691 2738 2631 2894 b. es nit zu Caspar Christes, und synes
1646 2830 2604 2974 frouwes von Ainenes, gerett, alß dieselben
1656 2899 2664 3058 In Walliß gewirket, sy müssindt creverenten
1635 2977 2667 3118 Hureh und Bubesouch wirthen und darund
1647 3044 2650 3181 wie er widerumb verreihet und die spillüth zum
1646 3120 2685 3285 vom Baadt bß an den Berg begleidet, Er derselben
2462 3203 2639 3333 gant
2591 36 2730 126 30
