3024 4032
759 612 1666 894 a enr
770 702 1643 942 Jrseß Schöpfferß und Erloserß Geyltzeß
764 785 1666 1034 wordt unnd gebott, diß alleß allso lychther
782 862 1656 1092 eiger und meyneidiger wyß obersehen
777 921 1655 1145 unnd ungeschucht im ir g landt s
776 1014 1092 1133 hergezogen
776 1134 1651 1390 Vff welliche, der gedachten Wengerin
769 1278 1685 1480 begangne, hoche schwere unnd vieg
778 1355 1633 1492 mißhandlung, habendt hochgenam
787 1423 1655 1565 ange und oberen schultheiß räht und
764 1495 1640 1654 Burger, off iIren Eydt zuo Recht
779 1573 1391 1720 erkendt unnd gesprochen.
768 1670 1680 1851 daß man Syn dem Nach Richter beuelhe,
785 1769 1636 1912 der sy obeinß uf gwonliche richtstadt
781 1847 1679 1972 führen und allso mit dem schwerttvon
794 1923 1684 2033 läben zum todt nach dem keyßerlichen.
779 1994 1687 2119 und dißer freyen roblichen statt Bres
708 2076 1126 2204 hufflichten sölle.
752 2193 1681 2329 Dißeren urtheil ist den 29. junii at
769 2273 1669 2386 an gedachter Wengerin exequiert und
782 2348 1240 2482 erstadtet worden.
981 2549 1520 2716 Jacob Zeiger.
751 2711 1655 2868 uß dem Sanggonnz ist wegen en
735 2800 1657 2964 dechtig dieberien, mit dem gult
742 2869 1662 3063 vonn hr g Statt und Landt Reiter
738 2990 1510 3164 worden, den 16. July 1647.
942 3143 1581 3300 Marix Schumaher
916 3211 1595 3402 uß der ome by Mas
1024 3345 1334 3450 münster,
751 3326 1669 3605 Schen Huefrih mither zee
762 3404 1679 3697 er ee en gentidt
765 3502 1691 3817 geschten endend
734 3609 1686 3926 een n den
791 3847 1211 4029 auct vrhitt
1683 1544 1836 1633 is dier
1690 1609 1818 1702 biß
1692 1669 1789 1751 sy.
1977 633 2654 848 2Vbeb Bgen.
2006 736 2735 923 von Weltschen Eaibenburg.
2362 954 2862 1101 zun sywesen, vnndt
1803 1021 2278 1167 Den 6. juii 164
1851 1067 2897 1236 gegenwürtigkeidt, der grenvesten fromen,
1828 1112 2897 1305 furnemen fürsichtig. undt wysen herren herr
1812 1200 2921 1391 Samner frischngß. Deß rahts heren Gnörg
1847 1269 2918 1456 Fribolutß deß jung und herrn großweybel
1818 1338 2850 1555 Wurstenbargerß ouch etlicher inzhro undt
1849 1414 2939 1609 Oberen dieneren d weyblen mit dr Marter
1855 1502 2972 1720 geferbt unndt zra nachfolgende clagrundtn
1837 1635 2299 1800 fürgehalten worden.
1831 1746 2941 1945 Erstlich. N. Vrß Schmid der zimarmon
1971 1861 2675 1981 klagt, und gibt disen bricht.
1789 2040 2916 2161 Daß alß er vor ohngefahr einem jahr, damidt
1845 2130 2886 2239 Müßlin dem schäres ein schüren ufgericht
1824 2203 2872 2324 Imit syn frouw, ine ziorgen gebracht, in
1864 2264 2895 2383 zwüsch habe syn mitmeyster, Daniel Arm
1871 2334 2910 2455 by dem zingelfoof ein raves gezimmeret und
1873 2413 2899 2548 syn elteste tadter daselbst spän abgehalten und
1864 2491 2922 2606 habe syn f unfzärig Töczterli by zra gehapt, da
1885 2558 2947 2679 ye die alte bedtlen von der schützenmadtehar
1887 2642 2917 2772 kommen und gesagt, eß friere daß kindt, mene
1879 2723 2879 2851 solcheß by der handt und füre eß zum gzor
1867 2803 2910 2940 binein, in syo Understübli, Welcheß frish und
1877 2888 2933 3007 und gesundt gewesen, baldt aber hernach sye daß
1871 2962 2932 3092 kindt erlamet, und habe nach syner hußfrou
1895 3042 2922 3173 wen ankhunfft zra daß kindt überandtwortet,
1891 3128 2916 3257 mit disen worten sy wüße nit, waß dem shindt
1882 3220 2895 3334 syn, eß welle nit nichs stahn, dasyn syn fürmmb
1888 3289 2898 3397 mit dem kindt alßbaldt zum alten nachrichter
1899 3363 2884 3484 gang zum solcheß gezeigt, d fra bescheidt geben
1884 3445 2887 3579 daß kund syr sy bosn lüter ohe, es gelig
2658 3507 2814 3604 beichtet
2858 530 2937 633 74
