3024 4032
820 250 969 372 etliche
643 304 1497 569 veeneichte
637 380 1488 632 verechwechtenden voe
628 463 1504 723 en Jerg ithen gegen
641 560 911 684 angewiben,
644 784 1507 1011 der vorgeschribnen N) Schunenhalt,
606 859 1507 1074 der Schumacher von Lngental, dem Me
630 930 1500 1170 vertrünret ghan, ist sy bekantlich das sh
607 1025 1493 1222 unnd mit gsin und also ergangen sey w
607 1121 1149 1265 der Mann bekent habe,
573 1300 1502 1512 Zu Wallischen Kothen, habe sy dem
614 1438 1503 1597 2. Silber f und 1 Rychstaler entreh
595 1534 1499 1669 unnd domalen alßman daruf kommen, vn
598 1613 1494 1754 Den angelegten brrest, uff deß Mannth
629 1706 1496 1857 nelch und gheiß ußgerißen, und hr Kinlts
589 1802 1483 1957 by i Jaren alt, also vnbarmter zig dahunde
600 1872 831 2037 gelaen,
1036 1955 1501 2058 wie den ir hingemih
1043 2019 1461 2110 dunbein bekantlich ge
634 2076 1501 2212 y hat ouch selber angeben, sy habe wol ge
630 2170 1479 2300 w�ßt, das der mann das einte roß so sy uß
613 2244 1492 2372 Balliß gefüet, nur entleüt ghan, hten
595 2329 1492 2467 Ir den vorgemelten Wysen Schumetz
604 2412 1485 2536 kulmach, wie auch die kragen und ki
596 2499 1503 2639 zu Mülenen, deßglychen das luch e
554 2571 1506 2693 unnd den sattel In dießbach gestolen, w
607 2638 1487 2810 anere syne untaten seyen ihre un
595 2782 745 2896 gsin,
597 2836 1481 3026 Item alß sy zu Zürich ein kundtbetter
589 2941 1496 3121 ihi unnd ir mann Moggenst über stelt
589 3032 1512 3203 wellen, habe sy ihme hmn eler nacht syde
569 3135 1491 3341 g deß dem Wilhemlt genomen
588 3180 1507 3440 Welhes er swar anfangs nit gesprchet
1591 221 2517 611 ee
1610 300 2597 679 e e
1615 481 2605 822 geee
1600 559 2664 891 eaten
1642 639 2668 953 enel
1589 712 2597 1051 agen
1583 815 2597 1138 gene den d hale
1609 901 2522 1193 gee
1559 972 2624 1287 el e en enhe
1573 1074 2532 1357 eldler ertentet he
1611 1168 2627 1435 wol es seye by den 300 ger gsin. ob es mnnd
1600 1348 2062 1512 dem nihersnite
1583 1556 2564 1731 Vnnd wie siy vor etwas Eyts, zu Medenen
1581 1636 2473 1813 vonn den Souereren vnomen, das Ja
1593 1721 2567 1894 mann für gwuß sölle zingerichtet syn, habe
1635 1835 2533 1992 y sich mit Hannß Gryffen von Weiangen
1632 1926 2533 2068 anderfart ehelich plopt, vnd daruffhin den
1627 2025 2184 2168 Sphlaff mit ime Pebracht.
1613 2131 2536 2258 0 mai 1626 ist dise zwyfflin mit
1622 2212 2555 2346 Seten gaschmeitze, gezeichnet, vnd mit dem
1629 2290 2661 2478 hylt von zr g statt und landt verwißen worden.
1629 2413 2628 2623 Aer orunde Vn Recteo dibe
1607 2525 2620 2703 zurmenndrut, vermeldet, und komne w Pfalis
1637 2607 2611 2782 dhe Vnder Tgurtman Krunenta gedirenet, vnd
1597 2647 2527 2820 Wind insyn ponnnat Welles, des wider ein
1602 2719 1789 2845 Phelis
1628 2856 2644 3078 finung wallanung auch von Brunteut
1600 2943 2640 3155 gnaher Kehie zur Schwytt zuo disem obanmälten
1638 2992 2570 3229 fele e e n e
1637 3124 1832 3235 dient,
1632 3080 2611 3343 amen, dises hat 2 jabr im bkertzlandt
2583 4 2696 111 36.
