3024 4032
609 303 1518 561 geren Großreibel Sinners, vnd etlich
600 385 1500 607 angner guedly Herren dieneren der 1
597 449 1498 675 len, verschinen Kamstags ernstwortigen
594 533 1516 757 ouch mit zimlicher Marter exammerse
596 600 1508 836 befragt worden, wer die jeiigen perse
605 713 1503 914 segen, die ira diß gestolen zug mis
611 784 1511 982 gabe) zuverkauffen ubergeben, ab sy
619 883 1509 1057 elber zum diebstal geholfen, vnd mit
617 967 1508 1140 elben nun ein iyt lang uncherzogen auch
580 1062 1500 1203 wie, vnd worumb sy zunß landt komen, und
590 1121 1355 1292 weg sunst hrr begangenschafft seye.
502 1326 1511 1533 at sy anders mit bekennen wellen, vnd
577 1431 1481 1587 sy pshmer tagen, mit Iren 3. kulderen
577 1548 1504 1682 dem almußen nachgange, komme sy nit wy
569 1613 1508 1762 vonn dem Hoff Beitenwyl zun ein kl
586 1683 1508 1856 zu zweyen Wyberen die daßelbst geuren
593 1786 1501 1917 sy keine aber die selben anders gantz mit
591 1872 1509 2001 wüße ouch nit wie sy zeißind, sy hali
580 1964 1507 2093 Wra aber vermeldet, wie das sy an einem grens
588 2051 1507 2176 ort nun ein syt lang etwas jugst zu behaltn
602 2125 1497 2265 geben, sy battend syn, das syhnen daßelb e
595 2222 1509 2366 gan Bern trag, etwan einer vmmentege
563 2282 1495 2442 nachfrag und berkauffen laßen, sy müst u
580 2391 1497 2507 lon daruon haben, syen demnach mitem
570 2481 1490 2598 anderen gan wrunstem übernacht gangen
585 2561 1498 2704 Vnnd also vonn einem elorff vnd Hoff gen¬
571 2636 1494 2785 anderenf verschines suntags kömmelt d
566 2707 1487 2867 dachter Wyberen Menner zu Inen, und
542 2787 1503 2989 Vmalde der einte, Er muße zu Krieg, aus
573 2875 1504 3053 söllen lugen, es sy das züg verkauffen de
565 2959 1505 3178 er müße gelt haben, also das sy sölches g
580 3064 1503 3269 gereicht, vnd Ira vbergeben, An welchem b
573 3131 1485 3343 sy es aber behalten ghan oder wie sy daßes
560 3244 1328 3422 vberkemen seye Ira nit bewüßt.
525 3289 1446 3553 A sy aber seye nit über 8 tag by inen gsin
1511 1261 1627 1383 pfangen
1641 305 2602 566 wie sy nun mit dem Büntel inn die statt
1664 392 2589 632 kommen und einer ummentrageren nachge
1663 436 2642 708 fragt habe ein frome, die ira aber unbekant,
1676 513 2702 787 wa zu der alten hirti an der matten gewißen,
1658 610 2652 858 es seyen aber die bemelten zwey Wyberselben
1675 693 2661 951 tags auch zun die statt gang, uff das sy gnadt
1664 848 2213 1030 deltrnfhe kend,
1665 924 2672 1145 gres tunß und wandelß halber, hat sy vermeldet,
1648 1026 2640 1229 das vor unquar 7 haren ihr manns Hannß Frytag
1667 1107 2646 1332 genampt von Stoffistburg, vnd ey drußen
1655 1194 2705 1390 ihm zuruspiet miteinanderen gedienet, daselbsten sy
1658 1270 2663 1457 einanderen genomen, hernach zu Steffißburg
1651 1373 2651 1537 de kilchenrecht getann und syen daßelbst ein
1651 1454 2688 1624 syt lang zehuß gsin, biß verschinen Summer ein
1675 1538 2683 1684 har, dh hr mann s ab einem awsoboum zu todt
1659 1621 2669 1783 gelallen, dla sy denn siderher, Mit den Iren
1653 1697 2672 1848 vberlaßnen deyen vnerzognen Kindn, dem
1655 1812 2404 1953 almußen nachzuchen müßen tc.
1658 1907 2475 2055 sy ist einmal lär ufgezogen worden.
1615 2035 2116 2148 Act 4 8o 1645.
1633 2197 2522 2363 Distere, Nach dem sy nochmalen mit Iun¬
1658 2323 2548 2415 licher Marter, einmal mit dem Kleinsten
1644 2378 2563 2510 und d andermal mit dem 50. pfündig stein
1631 2456 2590 2589 ufgezogen und exammnert worden. Hat man
1651 2546 2595 2663 bruolchenwegen irer zantnegkigkeit, vnnd
1643 2614 2578 2739 unworhafften fürgebens iires mannß und
1647 2696 2586 2823 deßelben toelts halber) mit Ruten vß¬
1673 2778 2686 2888 hmeitzen und mit einer fultsglüpt vonn hrg
1647 2844 2624 2979 statt und land sowyßen ze laßen,, das ward
1667 2928 2583 3079 aun hraerstattet den 4. octembris 1645
2646 145 2750 257 25.
