3024 4032
619 388 1461 585 Ann Frado, ouch von
735 480 1265 637 Mulpelgartnaher.
632 560 1499 850 schghen bekent disen sy halese
623 740 1493 913 etliche winter drußen umb st goh
614 798 1489 979 vffgehalten, vnnd dann alwegen dem
607 880 1496 1075 Summer hun disten landen, mit shyg
628 973 1484 1175 aren ufleßen und bätlen sich erneh sigt
631 1064 1461 1241 auch us irem Gippen lack fürgeren
616 1148 1487 1301 ein dlein nebentseckeli, darin sy lange zih
617 1221 1474 1372 ein duraten verborg getragn, dieselbes
614 1313 1483 1500 habe sy vnlengst zun einem dorff gencht
635 1393 1487 1553 let, oder versetzt, daauf sy denn mig
613 1483 1473 1616 dem jenigen so sy ihnn der arnt verdent
608 1570 1505 1709 vonn etlichen mann und wybßpersonen s
626 1654 1490 1805 sy augfert, hun vorgedachtem soltz angete
605 1727 1484 1862 dnd für diebengfundt angesechtn. 2 ober
629 1814 1478 1944 Lendisch Rük umb 36 b 20 ellenfu
635 1894 1477 2020 p 9 bz und ein Gippen umb 14l
633 1986 1477 2122 gekoufft, der meinung sy wolte den
640 2058 1482 2186 einten rof widrumb verkouffen und die
606 2144 1281 2299 Zueßen darumb kouffen,
602 2305 1464 2459 Und ob glychwol disßere zerey Wysbeld
618 2390 1467 2529 zur Marter gefurt, und ihnen dormit uff
597 2465 1465 2606 Oferst getöüwt worden, handt sy doch
616 2553 1456 2688 nit wellen gestendig syn, das sy weder d
616 2635 1480 2766 diebisch Bsindt, von denen sy solche Sachen
613 2722 1478 2875 gekaufft, noch den vorgemelten Buben
613 2789 1499 2967 gekent, oder Jemalen Iun hrer Rest¬
623 2912 1072 3072 schafft gsin seyen,
596 3015 1458 3195 Erstere Zwo Personen, wie ouch der vor¬
633 3065 1474 3247 gemelte Bub, Battend vmb Gnedige
616 3127 1484 3334 Riberation mit fürwenden syen dluch
623 3219 1479 3444 das kruegßweßen deß irem vatterlandt
602 3320 1492 3523 vertriben worden. Wellind aber wierun
598 3466 962 3637 dahin koren.
576 3441 1485 3748 ge e
1999 1915 2092 1972 er
1690 2397 2584 2571 Elssbett Büttigkoffer von Zuotz¬
1724 2499 2399 2624 wyl, ein junges meitlin
1919 2573 2137 2670 siderhar
1633 2593 2675 2736 Diss vermeldett das syn vatter Niggli Büti¬
1694 2686 2715 2820 kofer zuo krieg zogen und daselbst gebliben,
1698 2773 2683 2902 habe es sich mit näyen erhalten, bis erst un¬
1674 2838 2727 2971 langest das es kranck worden und dem almuossen
1711 2915 2640 3047 nachzogen, seye es zuo einer frömbden hrn.
1701 2995 2704 3096 komen, mit deren es gan Bümplitz gangen,
1700 3040 2670 3202 daselbt habe sy innss heissen uss einem bu¬
1715 3114 2637 3273 renhuss 2 hemden nemmen, seye aber grad
1693 3154 2727 3311 drob ergriffen worden und die fr. entrun¬
1717 3261 2595 3418 nen, sunst habe es nie nüt böses getan,
1717 3336 2651 3461 bitet trungenlich und weinend umb ver¬
1726 3406 2368 3562 zychung. vide ännefür
