3024 4032
619 914 710 1022 4
1024 432 1284 526 Manta
1007 488 1670 746 Lle Vß ie
981 572 1658 819 St deshen
1098 674 1372 805 Stinftachtes.
842 827 1690 1051 oßermäldet ein gleiheß und zeigt wyhnt,
830 912 1677 1118 uß habe nun ein zeith dahar zuo Wesalen
815 1003 1695 1198 Unnd wyl underschidenlich Burre
839 1078 1705 1275 dienet, Da werde man synethalb guote
817 1136 1206 1282 zügsamme finden.
947 1661 1592 1807 Cattuß Reiß vor
898 1775 1506 1903 WCultzen ein junges poß.
724 1950 1692 2110 Gibt für, er habe verndrigen jahrß by einen
791 2051 1678 2171 rachtßherren zuo Rynfälden gedient, die
772 2119 1686 2234 hetzundes by Heini Gigler im hinderen kag
768 2192 1648 2330 gistein. Daselbst habe man fene auß dem
792 2256 1670 2397 geschnidt genommen und alßes gefurdt. uß
752 2320 1648 2476 waß ursach möge er nit wüßen, erschabe
768 2401 1672 2560 Federwylen begärdt zur Arbeidtrn, unndt
785 2473 1665 2671 fröste sich, eß werde syn meister und ander
780 2577 1658 2724 daumbher wo eß vonnöten) gebürlch.
773 2624 1679 2816 maßes felsen verornden der Vrhallenprf
763 2706 1653 2894 gibt bericht daßer ime, sampt einer
895 2744 1672 2952 1. by kungsbrunnen ußgerißen
1835 549 2191 747 Haß bider
1867 682 2871 920 If dem Surendorn, ein Reßler, vßem
1865 795 2954 983 ampt Frienischberg. zeigt an, daß man inn
1878 841 2923 1059 in deß Uienißhbergeiß n huß im dr Woley
1882 915 2983 1126 genommen, da er gearbeitet habe. hat ein froumb
1861 1063 2258 1192 undem klindt.
1938 1230 2926 1419 zin frouwheit Anna Buri als den
1888 1325 2857 1484 tetten, stnndt vor Vier Jahren (beide im
1851 1352 2971 1539 Schallenwarck gsein. Wyl sy nun aß wyßen
1863 1469 2942 1621 zuvor vonbeinanderen zog. Habindt aber dar
1864 1546 2887 1697 nach zue Medt hochzutz gehalten, den 7
1844 1667 2301 1770 may 1647 fahrs.
2090 1849 2641 2068 Jaco Wolber
2117 2024 2667 2140 von Diempting.
1841 2118 2805 2288 Hadt ein frauw bast Anna Schregg
1834 2220 2859 2351 Ist zu Ridererad erdapt, streicht im landt
1846 2309 2941 2476 hin unndt wider dem battelnach, syendt
1835 2380 2687 2538 zuo Ansolding zuo kilchengangen.
2040 2695 2743 2868 Hannß Gast von
2113 2779 2845 2981 Rchge B Rehi
1825 2827 2885 3121 Weit Starcker Junger Gesell, bekhendt den
1858 2953 2954 3277 dete en sichen v
1846 3040 2778 3263 gsys ist zuo Kopingen erdapt worden.
2895 243 2991 344 80
