<?xml version="1.0" encoding="UTF-8" standalone="yes"?>
<PcGts xmlns="http://schema.primaresearch.org/PAGE/gts/pagecontent/2013-07-15" xmlns:xsi="http://www.w3.org/2001/XMLSchema-instance" xsi:schemaLocation="http://schema.primaresearch.org/PAGE/gts/pagecontent/2013-07-15 http://schema.primaresearch.org/PAGE/gts/pagecontent/2013-07-15/pagecontent.xsd">
    <Metadata>
        <Creator>prov=University of Rostock/Institute of Mathematics/CITlab|PLANET AI GmbH/Gundram Leifert/gundram.leifert@planet-ai.de:name=German_Kurrent_XVI-XVIII_M1(htr_id=19584)::::v=2.6.7
prov=University of Rostock/Institute of Mathematics/CITlab|PLANET AI GmbH/Tobias Gruening/tobias.gruening@planet-ai.de:name=de.uros.citlab.module.baseline2polygon.B2PSeamMultiOriented:v=2.6.7
prov=READ-COOP:name=PyLaia@TranskribusPlatform:version=0.3.1:model_id=26190:lm=none:date=10_10_2020_10:19
prov=READ-Coop:name=PyLaia@Transkribus:version=0.3.1:model_id=26190:lm=none:date=10_10_2020_10:18
prov=University of Rostock/Institute of Mathematics/CITlab|PLANET AI GmbH/Tobias Gruening/tobias.gruening@planet-ai.de:name=de.uros.citlab.module.baseline2polygon.B2PSeamMultiOriented:v=2.6.6</Creator>
        <Created>2020-10-10T09:21:56.461+02:00</Created>
        <LastChange>2022-09-09T15:26:30.345+02:00</LastChange>
        <TranskribusMetadata docId="1334823" pageId="52360418" pageNr="75" tsid="114642181" status="IN_PROGRESS" userId="9570" imgUrl="https://files.transkribus.eu/Get?id=PFSGDYHSSXEJKZZMPHWYIOAV&amp;fileType=view" xmlUrl="https://files.transkribus.eu/Get?id=LHAIRYAKBSTADNLZNZIWBYFY" imageId="16417080"/>
    </Metadata>
    <Page imageFilename="470_60.jpeg" imageWidth="3024" imageHeight="4032">
        <ReadingOrder>
            <OrderedGroup id="ro_1687513759475" caption="Regions reading order">
                <RegionRefIndexed index="0" regionRef="r1"/>
                <RegionRefIndexed index="1" regionRef="r2"/>
                <RegionRefIndexed index="2" regionRef="r3"/>
            </OrderedGroup>
        </ReadingOrder>
        <TextRegion orientation="0.0" id="r1" custom="readingOrder {index:0;}">
            <Coords points="804,766 804,2088 1655,2088 1655,766"/>
            <TextLine id="r1l1" custom="readingOrder {index:0;}">
                <Coords points="833,804 923,797 981,836 1065,809 1191,853 1238,828 1385,888 1455,874 1542,900 1605,940 1619,852 1535,792 1222,742 1145,782 951,732 894,770 843,742"/>
                <Baseline points="842,791 881,794 921,797 961,800 1001,803 1041,807 1081,810 1121,813 1161,818 1201,823 1241,828 1281,834 1321,841 1361,849 1401,858 1441,868 1481,879 1521,891 1561,905 1601,921"/>
                <TextEquiv>
                    <Unicode>Sys sohn aber alß ein 12 jörig knh</Unicode>
                </TextEquiv>
            </TextLine>
            <TextLine id="r1l2" custom="readingOrder {index:1;}">
                <Coords points="795,865 874,863 913,900 1083,880 1116,924 1169,885 1238,917 1278,897 1605,993 1611,949 1458,875 1344,888 1240,828 1185,855 1068,810 991,836 805,793"/>
                <Baseline points="804,854 843,856 883,858 923,861 963,863 1003,866 1043,870 1082,874 1122,876 1162,882 1202,886 1242,892 1282,897 1322,905 1361,911 1401,919 1441,927 1481,937 1521,948 1561,959 1601,972"/>
                <TextEquiv>
                    <Unicode>wüsse anderß nüth, den alß sy dem</Unicode>
                </TextEquiv>
            </TextLine>
            <TextLine id="r1l3" custom="readingOrder {index:2;}">
                <Coords points="804,931 925,968 1146,946 1200,997 1269,969 1385,1020 1473,1003 1629,1050 1623,962 1579,983 1420,924 1290,935 1174,884 1115,923 1081,880 1004,915 810,883"/>
                <Baseline points="813,924 853,928 894,931 934,935 975,938 1015,941 1056,944 1096,947 1137,951 1177,955 1218,959 1258,964 1299,969 1339,975 1380,981 1420,988 1461,996 1501,1004 1542,1014 1582,1025 1623,1037"/>
                <TextEquiv>
                    <Unicode>vorgemalten spyter geöffnit hrbeden</Unicode>
                </TextEquiv>
            </TextLine>
            <TextLine id="r1l4" custom="readingOrder {index:3;}">
                <Coords points="833,1050 921,1080 1009,1038 1167,1066 1242,1043 1288,1076 1411,1054 1481,1076 1534,1137 1660,1135 1667,1062 1504,1007 1381,1017 1355,989 1321,1016 1283,982 1214,1011 1157,956 1029,982 843,949"/>
                <Baseline points="843,1022 883,1023 924,1025 964,1026 1005,1028 1046,1029 1086,1031 1127,1032 1167,1034 1208,1037 1249,1040 1289,1044 1330,1047 1370,1053 1411,1058 1452,1065 1492,1073 1533,1081 1573,1091 1614,1102 1655,1115"/>
                <TextEquiv>
                    <Unicode>syn syn vattert, widrumb im daß e</Unicode>
                </TextEquiv>
            </TextLine>
            <TextLine id="r1l5" custom="readingOrder {index:4;}">
                <Coords points="826,1119 890,1158 1035,1114 1104,1124 1135,1161 1193,1127 1414,1176 1500,1148 1650,1196 1655,1131 1535,1136 1454,1072 1402,1102 1330,1069 1285,1093 1186,1062 1107,1090 1043,1063 948,1085 830,1067"/>
                <Baseline points="834,1107 874,1109 915,1110 955,1112 996,1113 1036,1115 1077,1116 1117,1117 1158,1119 1198,1121 1239,1124 1279,1127 1320,1130 1360,1133 1401,1138 1441,1144 1482,1149 1522,1155 1563,1162 1603,1170 1644,1179"/>
                <TextEquiv>
                    <Unicode>da sy ubernacht legen sollen kommen und</Unicode>
                </TextEquiv>
            </TextLine>
            <TextLine id="r1l6" custom="readingOrder {index:5;}">
                <Coords points="800,1205 952,1178 1028,1230 1074,1204 1295,1218 1337,1195 1614,1254 1638,1193 1530,1156 1433,1184 1194,1127 1084,1165 1035,1132 892,1160 806,1124"/>
                <Baseline points="810,1176 850,1176 891,1178 932,1179 973,1181 1014,1182 1054,1184 1095,1185 1136,1187 1177,1190 1218,1193 1258,1195 1299,1199 1340,1202 1381,1207 1422,1212 1462,1217 1503,1223 1544,1229 1585,1236 1626,1244"/>
                <TextEquiv>
                    <Unicode>zum ufgeweibt, da syn er mit zu</Unicode>
                </TextEquiv>
            </TextLine>
            <TextLine id="r1l7" custom="readingOrder {index:6;} person {offset:26; length:3;}">
                <Coords points="825,1282 951,1248 1002,1283 1084,1265 1149,1311 1269,1275 1376,1322 1513,1302 1611,1326 1616,1249 1506,1230 1475,1250 1425,1217 1373,1236 1337,1196 1201,1243 1076,1203 1028,1230 958,1182 830,1203"/>
                <Baseline points="834,1251 872,1251 911,1253 949,1255 988,1256 1026,1258 1065,1259 1103,1261 1142,1263 1180,1265 1219,1267 1258,1269 1296,1273 1335,1276 1373,1278 1412,1281 1450,1286 1489,1290 1527,1294 1566,1298 1605,1302"/>
                <TextEquiv>
                    <Unicode>zum wycher gange, Deß der Bur</Unicode>
                </TextEquiv>
            </TextLine>
            <TextLine id="r1l8" custom="readingOrder {index:7;}">
                <Coords points="820,1357 916,1381 950,1357 987,1394 1083,1343 1198,1393 1243,1357 1314,1355 1637,1383 1638,1346 1561,1306 1373,1325 1338,1303 1291,1332 1245,1293 981,1296 924,1263 823,1298"/>
                <Baseline points="828,1343 868,1343 908,1343 948,1343 988,1343 1028,1343 1068,1343 1108,1343 1148,1344 1188,1345 1228,1346 1268,1347 1308,1350 1348,1352 1388,1354 1428,1358 1468,1361 1508,1365 1548,1369 1588,1373 1629,1379"/>
                <TextEquiv>
                    <Unicode>sampt synen Knechten aber habindt zum</Unicode>
                </TextEquiv>
            </TextLine>
            <TextLine id="r1l9" custom="readingOrder {index:8;}">
                <Coords points="810,1450 1164,1417 1252,1474 1372,1437 1533,1480 1633,1458 1635,1415 1483,1357 1371,1382 1256,1359 1172,1395 1086,1387 1045,1352 968,1402 812,1406"/>
                <Baseline points="819,1425 859,1424 899,1422 940,1421 980,1419 1020,1419 1061,1419 1101,1419 1141,1419 1182,1419 1222,1421 1262,1422 1303,1424 1343,1426 1383,1428 1424,1431 1464,1435 1504,1438 1545,1442 1585,1447 1626,1451"/>
                <TextEquiv>
                    <Unicode>zum ersten erwütscht und mit synem</Unicode>
                </TextEquiv>
            </TextLine>
            <TextLine id="r1l10" custom="readingOrder {index:9;}">
                <Coords points="805,1528 937,1498 1017,1498 1049,1530 1084,1503 1237,1505 1306,1538 1556,1517 1648,1557 1650,1501 1581,1454 1478,1484 1337,1439 1253,1475 1152,1425 1069,1474 935,1437 880,1472 808,1459"/>
                <Baseline points="813,1503 854,1502 895,1502 937,1500 978,1500 1020,1499 1061,1499 1102,1497 1144,1497 1185,1497 1227,1498 1268,1499 1309,1500 1351,1503 1392,1505 1434,1509 1475,1513 1516,1519 1558,1525 1599,1533 1641,1542"/>
                <TextEquiv>
                    <Unicode>vatter gsencklich nach znterlacken </Unicode>
                </TextEquiv>
            </TextLine>
            <TextLine id="r1l11" custom="readingOrder {index:10;}">
                <Coords points="844,1585 908,1620 976,1582 1029,1605 1139,1574 1184,1624 1243,1590 1283,1615 1328,1591 1543,1648 1636,1620 1638,1571 1556,1567 1515,1528 1282,1536 1236,1507 1093,1503 1055,1531 938,1498 846,1530"/>
                <Baseline points="852,1580 890,1578 929,1577 968,1577 1007,1575 1046,1575 1085,1575 1123,1574 1162,1574 1201,1575 1240,1575 1279,1577 1318,1578 1357,1580 1395,1583 1434,1586 1473,1590 1512,1593 1551,1599 1590,1605 1629,1613"/>
                <TextEquiv>
                    <Unicode>fühndt. Sunst llssert dem sye eiin</Unicode>
                </TextEquiv>
            </TextLine>
            <TextLine id="r1l12" custom="readingOrder {index:11;}">
                <Coords points="845,1669 909,1686 982,1655 1052,1688 1288,1655 1314,1680 1398,1668 1477,1720 1561,1673 1660,1706 1663,1643 1609,1616 1497,1647 1329,1593 1184,1624 1138,1575 905,1619 848,1578"/>
                <Baseline points="852,1655 892,1652 932,1650 972,1649 1012,1647 1052,1647 1092,1647 1132,1647 1172,1647 1212,1648 1252,1649 1292,1651 1332,1654 1372,1657 1412,1659 1452,1663 1492,1668 1532,1673 1572,1678 1612,1684 1653,1691"/>
                <TextEquiv>
                    <Unicode>mahlen by keinem dinbstal, so sys vode</Unicode>
                </TextEquiv>
            </TextLine>
            <TextLine id="r1l13" custom="readingOrder {index:12;}">
                <Coords points="808,1781 922,1742 1022,1789 1140,1749 1211,1775 1250,1742 1379,1733 1417,1765 1547,1751 1639,1776 1639,1722 1573,1690 1476,1719 1368,1665 1296,1697 1242,1659 1102,1696 962,1668 809,1716"/>
                <Baseline points="816,1746 856,1742 897,1739 938,1736 979,1734 1020,1731 1060,1730 1101,1728 1142,1727 1183,1727 1224,1727 1264,1727 1305,1728 1346,1730 1387,1731 1428,1734 1468,1737 1509,1741 1550,1745 1591,1751 1632,1757"/>
                <TextEquiv>
                    <Unicode>verbracht gewesen. Wüsse ond vo</Unicode>
                </TextEquiv>
            </TextLine>
            <TextLine id="r1l14" custom="readingOrder {index:13;}">
                <Coords points="844,1834 1019,1832 1058,1809 1125,1844 1227,1815 1447,1824 1446,1765 1405,1770 1351,1740 1286,1747 1256,1777 1137,1749 1069,1785 982,1792 923,1742 843,1748"/>
                <Baseline points="851,1823 880,1821 909,1819 939,1817 968,1815 998,1814 1027,1812 1056,1812 1086,1811 1115,1811 1145,1811 1174,1811 1203,1811 1233,1811 1262,1812 1292,1812 1321,1814 1350,1814 1380,1815 1409,1817 1439,1818"/>
                <TextEquiv>
                    <Unicode>keinem anderen mithe</Unicode>
                </TextEquiv>
            </TextLine>
            <TextLine id="r1l15" custom="readingOrder {index:14;}">
                <Coords points="839,1936 917,1903 1353,1914 1464,1953 1568,1915 1634,1927 1634,1882 1587,1889 1457,1828 1418,1848 1396,1827 1348,1869 1250,1826 1148,1883 840,1834"/>
                <Baseline points="846,1908 885,1907 924,1907 963,1905 1002,1905 1041,1905 1080,1905 1119,1905 1158,1907 1197,1907 1236,1908 1275,1909 1314,1910 1353,1911 1392,1913 1431,1913 1470,1914 1509,1914 1548,1914 1587,1914 1626,1914"/>
                <TextEquiv>
                    <Unicode>Ist Hernacher mit ruten ußgehanwen</Unicode>
                </TextEquiv>
            </TextLine>
            <TextLine id="r1l16" custom="readingOrder {index:15;}">
                <Coords points="831,1965 1434,1970 1504,2003 1536,1974 1615,1978 1616,1921 1462,1952 1438,1926 1093,1903 1010,1939 915,1904 831,1937"/>
                <Baseline points="839,1959 877,1958 915,1958 954,1957 992,1958 1031,1958 1069,1958 1108,1959 1146,1959 1185,1961 1223,1961 1261,1962 1300,1964 1338,1965 1377,1965 1415,1967 1454,1968 1492,1968 1531,1970 1569,1970 1608,1970"/>
                <TextEquiv>
                    <Unicode>mit dem eid vorwißen von ihr ge</Unicode>
                </TextEquiv>
            </TextLine>
            <TextLine id="r1l17" custom="readingOrder {index:16;}">
                <Coords points="809,2027 907,2020 956,2054 1013,2016 1329,2031 1366,2009 1415,2039 1516,2011 1597,2040 1622,1984 809,1965"/>
                <Baseline points="816,2018 855,2016 895,2015 935,2013 975,2012 1015,2012 1055,2012 1095,2012 1135,2012 1175,2012 1215,2012 1254,2012 1294,2013 1334,2013 1374,2015 1414,2015 1454,2016 1494,2017 1534,2018 1574,2019 1614,2019"/>
                <TextEquiv>
                    <Unicode>Start und land auch mit dem Bbe</Unicode>
                </TextEquiv>
            </TextLine>
            <TextLine id="r1l18" custom="readingOrder {index:17;}">
                <Coords points="839,2115 982,2076 1193,2106 1226,2085 1291,2113 1623,2112 1627,2028 1508,2011 1408,2038 1364,2010 1257,2045 1180,2014 1061,2037 1013,2016 964,2051 838,2022"/>
                <Baseline points="846,2076 884,2074 923,2072 962,2070 1000,2070 1039,2069 1078,2069 1116,2069 1155,2069 1194,2069 1233,2069 1271,2070 1310,2070 1349,2070 1387,2070 1426,2070 1465,2070 1503,2070 1542,2069 1581,2067 1620,2066"/>
                <TextEquiv>
                    <Unicode>zeichnet worden. Ist ußbrochen</Unicode>
                </TextEquiv>
            </TextLine>
            <TextEquiv>
                <Unicode>Sys sohn aber alß ein 12 jörig knh
wüsse anderß nüth, den alß sy dem
vorgemalten spyter geöffnit hrbeden
syn syn vattert, widrumb im daß e
da sy ubernacht legen sollen kommen und
zum ufgeweibt, da syn er mit zu
zum wycher gange, Deß der Bur
sampt synen Knechten aber habindt zum
zum ersten erwütscht und mit synem
vatter gsencklich nach znterlacken 
fühndt. Sunst llssert dem sye eiin
mahlen by keinem dinbstal, so sys vode
verbracht gewesen. Wüsse ond vo
keinem anderen mithe
Ist Hernacher mit ruten ußgehanwen
mit dem eid vorwißen von ihr ge
Start und land auch mit dem Bbe
zeichnet worden. Ist ußbrochen</Unicode>
            </TextEquiv>
        </TextRegion>
        <TextRegion orientation="0.0" id="r2" custom="readingOrder {index:1;}">
            <Coords points="1691,3206 1691,3397 1854,3397 1854,3206"/>
            <TextLine id="r2l1" custom="readingOrder {index:0;}">
                <Coords points="1684,3304 1710,3328 1729,3321 1742,3329 1756,3351 1787,3345 1819,3376 1851,3389 1868,3320 1854,3321 1831,3293 1800,3287 1764,3304 1748,3293 1734,3298 1728,3291 1717,3295 1707,3286 1688,3287"/>
                <Baseline points="1691,3306 1718,3314 1745,3321 1772,3328 1799,3336 1826,3342 1854,3347"/>
                <TextEquiv>
                    <Unicode>anerpotfen</Unicode>
                </TextEquiv>
            </TextLine>
            <TextEquiv>
                <Unicode>anerpotfen</Unicode>
            </TextEquiv>
        </TextRegion>
        <TextRegion orientation="0.0" id="r3" custom="readingOrder {index:2;}">
            <Coords points="1713,499 1713,3765 2942,3765 2942,499"/>
            <TextLine id="r3l1" custom="readingOrder {index:0;}">
                <Coords points="2819,550 2828,550 2833,543 2849,542 2866,532 2892,539 2904,533 2914,534 2907,460 2892,460 2884,468 2857,454 2822,485 2813,487"/>
                <Baseline points="2825,533 2852,527 2879,526 2906,524"/>
                <TextEquiv>
                    <Unicode>60</Unicode>
                </TextEquiv>
            </TextLine>
            <TextLine id="r3l2" custom="readingOrder {index:1;} person {offset:0; length:16;}">
                <Coords points="1830,904 2301,782 2366,808 2548,740 2941,691 2929,628 2796,667 2737,634 2642,690 2572,666 2295,749 2233,728 1821,855"/>
                <Baseline points="1836,897 1890,882 1945,866 2000,851 2055,837 2110,824 2165,810 2219,799 2274,787 2329,777 2384,766 2439,756 2494,747 2549,738 2603,730 2658,723 2713,714 2768,707 2823,701 2878,696 2933,689"/>
                <TextEquiv>
                    <Unicode>Catarina Meicger, uß dem Krauc</Unicode>
                </TextEquiv>
            </TextLine>
            <TextLine id="r3l3" custom="readingOrder {index:2;} person {offset:18; length:11;}">
                <Coords points="1886,969 1970,910 2104,920 2311,836 2519,845 2564,799 2600,823 2638,787 2863,776 2824,721 2635,734 2366,807 2300,782 1874,902"/>
                <Baseline points="1887,933 1935,921 1983,907 2031,895 2080,883 2128,872 2176,861 2224,851 2273,842 2321,833 2369,824 2417,816 2466,809 2514,801 2562,794 2610,788 2659,782 2707,776 2755,770 2803,764 2852,761"/>
                <TextEquiv>
                    <Unicode>thal sunst genant Kuderbüchli alhier veren</Unicode>
                </TextEquiv>
            </TextLine>
            <TextLine id="r3l4" custom="readingOrder {index:3;}">
                <Coords points="1879,1009 2084,935 2860,829 2851,777 2638,788 2517,845 2327,837 2257,882 1870,950"/>
                <Baseline points="1883,981 1931,968 1979,957 2027,946 2076,936 2124,925 2172,916 2221,908 2269,899 2317,891 2366,883 2414,876 2462,868 2510,862 2559,855 2607,847 2655,842 2704,834 2752,827 2800,819 2849,812"/>
                <TextEquiv>
                    <Unicode>hafftennenrienen vernerebekantnuß</Unicode>
                </TextEquiv>
            </TextLine>
            <TextLine id="r3l5" custom="readingOrder {index:4;}">
                <Coords points="1869,1047 1976,1008 2031,1028 2161,968 2519,906 2704,913 2830,872 2825,846 2682,844 2527,864 2500,898 2431,874 2277,926 2054,942 1864,1019"/>
                <Baseline points="1875,1040 1922,1025 1969,1012 2017,999 2064,986 2111,976 2159,966 2206,957 2253,948 2301,940 2348,933 2395,927 2443,921 2490,914 2537,908 2585,901 2632,895 2679,889 2727,883 2774,877 2822,870"/>
                <TextEquiv>
                    <Unicode>Waß sy sichar ihrer letsten zünhrigung</Unicode>
                </TextEquiv>
            </TextLine>
            <TextLine id="r3l6" custom="readingOrder {index:5;} place {offset:3; length:9;}">
                <Coords points="1867,1123 2234,1014 2610,961 2723,995 2800,934 2925,957 2912,875 2814,906 2761,878 2665,925 2405,925 1857,1055"/>
                <Baseline points="1869,1088 1921,1072 1973,1059 2025,1046 2077,1034 2129,1023 2181,1013 2234,1003 2286,994 2338,986 2390,979 2442,972 2494,964 2546,958 2599,953 2651,946 2703,941 2755,937 2807,931 2859,926 2912,921"/>
                <TextEquiv>
                    <Unicode>zu Burgdorff wybers sich vergeßen etc.</Unicode>
                </TextEquiv>
            </TextLine>
            <TextLine id="r3l7" custom="readingOrder {index:6;}">
                <Coords points="1777,1273 1877,1213 2008,1228 2090,1167 2184,1197 2286,1141 2465,1160 2514,1123 2917,1082 2909,991 2586,1090 2237,1077 2021,1142 1927,1103 1762,1160"/>
                <Baseline points="1781,1241 1837,1224 1894,1208 1950,1195 2007,1182 2063,1173 2120,1162 2176,1153 2233,1146 2289,1139 2346,1132 2403,1127 2459,1122 2516,1116 2572,1110 2629,1105 2685,1100 2742,1093 2798,1087 2855,1081 2912,1073"/>
                <TextEquiv>
                    <Unicode>Erstlichen alß sy durch mynen Hochehrende</Unicode>
                </TextEquiv>
            </TextLine>
            <TextLine id="r3l8" custom="readingOrder {index:7;} person {offset:7; length:15;}">
                <Coords points="1874,1275 2872,1144 2868,1113 2741,1099 2464,1160 2275,1145 2177,1198 2127,1168 2008,1225 1866,1211"/>
                <Baseline points="1881,1269 1930,1257 1979,1246 2028,1236 2077,1227 2126,1218 2175,1210 2225,1204 2274,1198 2323,1192 2372,1187 2421,1181 2470,1176 2519,1172 2569,1167 2618,1163 2667,1158 2716,1154 2765,1149 2814,1143 2864,1139"/>
                <TextEquiv>
                    <Unicode>Herren Nulauß Lohnbarh deß Raths, Inn</Unicode>
                </TextEquiv>
            </TextLine>
            <TextLine id="r3l9" custom="readingOrder {index:8;} person {offset:15; length:23;}">
                <Coords points="1885,1357 2037,1287 2863,1215 2920,1202 2916,1167 2746,1157 2582,1204 2476,1180 2363,1226 2303,1196 2260,1239 2133,1221 2050,1267 1876,1280"/>
                <Baseline points="1889,1319 1940,1307 1991,1297 2042,1286 2093,1278 2144,1269 2195,1262 2247,1255 2298,1250 2349,1244 2400,1238 2451,1234 2502,1229 2553,1224 2605,1221 2656,1217 2707,1212 2758,1208 2809,1204 2860,1200 2912,1196"/>
                <TextEquiv>
                    <Unicode>byweßen herren Hanß Rodoph Kilchberger</Unicode>
                </TextEquiv>
            </TextLine>
            <TextLine id="r3l10" custom="readingOrder {index:9;}">
                <Coords points="1874,1386 2317,1298 2391,1331 2430,1290 2580,1310 2638,1273 2912,1261 2934,1215 2265,1259 2208,1297 2163,1275 1867,1327"/>
                <Baseline points="1880,1371 1932,1359 1985,1348 2037,1338 2090,1329 2142,1321 2195,1314 2247,1307 2300,1301 2352,1295 2405,1291 2457,1286 2510,1281 2562,1277 2615,1272 2667,1269 2720,1264 2772,1260 2825,1254 2877,1249 2930,1244"/>
                <TextEquiv>
                    <Unicode>befragt worden, uß waß ursachen sy sich, wide</Unicode>
                </TextEquiv>
            </TextLine>
            <TextLine id="r3l11" custom="readingOrder {index:10;}">
                <Coords points="1877,1426 2019,1390 2088,1420 2154,1375 2500,1334 2582,1356 2654,1321 2843,1323 2854,1277 2640,1274 2492,1315 2431,1290 2394,1331 2307,1300 2276,1335 2197,1318 1872,1386"/>
                <Baseline points="1884,1421 1932,1409 1980,1400 2028,1391 2077,1382 2125,1376 2173,1368 2221,1362 2270,1356 2318,1351 2366,1346 2414,1341 2463,1337 2511,1334 2559,1329 2607,1325 2656,1321 2704,1317 2752,1312 2800,1308 2849,1304"/>
                <TextEquiv>
                    <Unicode>eumb in ihr gn landen begeben unnd</Unicode>
                </TextEquiv>
            </TextLine>
            <TextLine id="r3l12" custom="readingOrder {index:11;}">
                <Coords points="1869,1487 1991,1455 2060,1479 2234,1412 2296,1443 2384,1403 2440,1442 2485,1395 2869,1376 2908,1364 2901,1296 2826,1345 2358,1355 1863,1435"/>
                <Baseline points="1875,1472 1926,1462 1977,1453 2028,1444 2080,1437 2131,1429 2182,1422 2233,1416 2285,1409 2336,1404 2387,1398 2438,1394 2490,1387 2541,1383 2592,1379 2643,1375 2695,1371 2746,1367 2797,1363 2848,1359 2900,1356"/>
                <TextEquiv>
                    <Unicode>aber wüße daß eydlich zum anderen mahl</Unicode>
                </TextEquiv>
            </TextLine>
            <TextLine id="r3l13" custom="readingOrder {index:12;}">
                <Coords points="1876,1534 2329,1455 2558,1474 2595,1436 2666,1474 2704,1435 2947,1424 2941,1367 2850,1364 1870,1477"/>
                <Baseline points="1883,1523 1935,1514 1988,1505 2041,1497 2094,1489 2147,1482 2199,1476 2252,1469 2305,1463 2358,1458 2411,1452 2463,1448 2516,1443 2569,1439 2622,1434 2675,1430 2727,1426 2780,1423 2833,1420 2886,1416 2939,1412"/>
                <TextEquiv>
                    <Unicode>verwißen worden syes hatte sy geantworten</Unicode>
                </TextEquiv>
            </TextLine>
            <TextLine id="r3l14" custom="readingOrder {index:13;}">
                <Coords points="1892,1608 2223,1529 2491,1506 2564,1530 2813,1487 2807,1435 2772,1427 2666,1470 2594,1437 2499,1485 2330,1456 2293,1499 2189,1480 2137,1519 2026,1499 1885,1534"/>
                <Baseline points="1896,1578 1941,1571 1986,1562 2032,1556 2077,1549 2123,1542 2168,1535 2214,1530 2259,1524 2305,1519 2350,1514 2395,1510 2441,1506 2486,1502 2532,1498 2577,1494 2623,1490 2668,1488 2714,1485 2759,1482 2805,1479"/>
                <TextEquiv>
                    <Unicode>y habe ihre muter, die dißmahlen zur</Unicode>
                </TextEquiv>
            </TextLine>
            <TextLine id="r3l15" custom="readingOrder {index:14;} place {offset:0; length:13;}">
                <Coords points="1708,1682 2234,1584 2900,1561 2905,1519 2454,1504 1905,1608 1839,1579 1703,1636"/>
                <Baseline points="1713,1659 1772,1650 1831,1640 1891,1631 1950,1622 2009,1614 2069,1606 2128,1599 2187,1592 2247,1585 2306,1578 2365,1572 2425,1568 2484,1563 2543,1559 2603,1553 2662,1551 2721,1548 2781,1545 2840,1544 2900,1542"/>
                <TextEquiv>
                    <Unicode>Wiehentorberg wohnetheimsuchen wollen, und bei</Unicode>
                </TextEquiv>
            </TextLine>
            <TextLine id="r3l16" custom="readingOrder {index:15;}">
                <Coords points="1858,1700 2054,1663 2091,1687 2134,1653 2328,1674 2417,1631 2541,1665 2588,1622 2901,1628 2899,1567 2660,1583 2607,1555 2452,1596 2417,1570 2304,1618 2227,1593 1854,1654"/>
                <Baseline points="1865,1691 1916,1683 1967,1676 2019,1670 2070,1663 2122,1656 2173,1652 2225,1646 2276,1640 2328,1636 2379,1630 2430,1626 2482,1623 2533,1619 2585,1616 2636,1612 2688,1608 2739,1607 2791,1604 2842,1601 2894,1599"/>
                <TextEquiv>
                    <Unicode>kenne, daß sy hierin übel gefült habe, väge</Unicode>
                </TextEquiv>
            </TextLine>
            <TextLine id="r3l17" custom="readingOrder {index:16;}">
                <Coords points="1868,1754 2080,1726 2139,1756 2198,1703 2281,1695 2311,1720 2506,1687 2596,1723 2707,1675 2884,1676 2881,1642 2785,1614 2333,1675 2134,1653 2091,1688 2053,1664 1984,1710 1865,1714"/>
                <Baseline points="1875,1743 1925,1737 1975,1731 2025,1725 2075,1719 2125,1712 2175,1707 2225,1703 2275,1698 2325,1694 2375,1689 2425,1686 2475,1683 2525,1680 2575,1677 2625,1674 2675,1671 2725,1670 2775,1668 2825,1666 2876,1665"/>
                <TextEquiv>
                    <Unicode>ober gott und ein gnedige hoche ober</Unicode>
                </TextEquiv>
            </TextLine>
            <TextLine id="r3l18" custom="readingOrder {index:17;}">
                <Coords points="1872,1819 2050,1786 2104,1818 2240,1764 2486,1786 2533,1743 2893,1740 2950,1718 2946,1662 2596,1722 2450,1687 2140,1756 2078,1729 1867,1755"/>
                <Baseline points="1877,1799 1930,1793 1983,1787 2036,1782 2090,1776 2143,1772 2196,1768 2249,1764 2303,1760 2356,1756 2409,1752 2462,1747 2516,1744 2569,1739 2622,1736 2675,1733 2729,1730 2782,1726 2835,1722 2888,1719 2942,1715"/>
                <TextEquiv>
                    <Unicode>keit umb gnad und verzychung, die wöllent</Unicode>
                </TextEquiv>
            </TextLine>
            <TextLine id="r3l19" custom="readingOrder {index:18;}">
                <Coords points="1882,1859 2855,1808 2893,1795 2890,1751 2531,1747 2487,1786 2235,1766 2132,1812 1989,1791 1880,1831"/>
                <Baseline points="1889,1850 1938,1845 1988,1841 2038,1836 2088,1832 2138,1827 2187,1824 2237,1819 2287,1817 2337,1813 2387,1810 2436,1808 2486,1805 2536,1802 2586,1800 2636,1797 2685,1794 2735,1791 2785,1789 2835,1785 2885,1784"/>
                <TextEquiv>
                    <Unicode>solches ihrer wyblichen schwwacheiten alß</Unicode>
                </TextEquiv>
            </TextLine>
            <TextLine id="r3l20" custom="readingOrder {index:19;}">
                <Coords points="1870,1921 2911,1862 2908,1808 2866,1797 2751,1828 2534,1813 2471,1847 2357,1814 2250,1852 2208,1818 1868,1881"/>
                <Baseline points="1877,1907 1928,1903 1979,1899 2030,1895 2082,1891 2133,1887 2184,1883 2236,1880 2287,1877 2338,1874 2390,1870 2441,1867 2492,1864 2543,1862 2595,1859 2646,1858 2697,1856 2749,1854 2800,1853 2851,1850 2903,1850"/>
                <TextEquiv>
                    <Unicode>welche deß eyds, und waß derselbige in sich</Unicode>
                </TextEquiv>
            </TextLine>
            <TextLine id="r3l21" custom="readingOrder {index:20;}">
                <Coords points="1881,1996 2015,1993 2066,1953 2201,1984 2288,1940 2516,1966 2669,1918 2857,1917 2855,1892 2659,1856 2617,1901 2423,1871 2256,1912 2085,1885 1977,1934 1877,1915"/>
                <Baseline points="1887,1962 1935,1958 1983,1954 2031,1951 2079,1949 2127,1946 2175,1943 2223,1940 2271,1937 2319,1934 2368,1932 2416,1929 2464,1928 2512,1925 2560,1923 2608,1921 2656,1919 2704,1917 2752,1915 2800,1914 2849,1911"/>
                <TextEquiv>
                    <Unicode>halbe, gantz ungegrünt sye, znomeßen.</Unicode>
                </TextEquiv>
            </TextLine>
            <TextLine id="r3l22" custom="readingOrder {index:21;}">
                <Coords points="1862,2081 2158,2068 2188,2094 2552,2035 2694,2073 2762,2034 2818,2050 2815,2004 2760,1996 2550,2023 2150,1994 2047,2032 1991,1993 1858,1996"/>
                <Baseline points="1869,2075 1916,2073 1963,2072 2010,2070 2057,2069 2104,2065 2151,2063 2198,2060 2245,2057 2292,2053 2339,2051 2386,2048 2433,2045 2480,2043 2527,2040 2574,2040 2621,2039 2668,2037 2715,2037 2762,2039 2810,2040"/>
                <TextEquiv>
                    <Unicode>Nach den vorgehenden dryen gnedigen</Unicode>
                </TextEquiv>
            </TextLine>
            <TextLine id="r3l23" custom="readingOrder {index:22;} place {offset:22; length:4;}">
                <Coords points="1895,2143 2797,2089 2781,2035 2695,2073 2654,2051 2528,2078 2426,2041 2189,2093 2161,2070 1892,2082"/>
                <Baseline points="1902,2130 1946,2126 1990,2123 2035,2120 2079,2117 2123,2115 2168,2113 2212,2109 2256,2108 2301,2106 2345,2103 2389,2102 2434,2100 2478,2099 2522,2096 2567,2094 2611,2093 2655,2090 2700,2088 2744,2087 2789,2084"/>
                <TextEquiv>
                    <Unicode>traffen, alß hier zuo Bern 2 und ud</Unicode>
                </TextEquiv>
            </TextLine>
            <TextLine id="r3l24" custom="readingOrder {index:23;} place {offset:0; length:9;}">
                <Coords points="1890,2205 2400,2146 2626,2145 2699,2177 2897,2147 2895,2110 2815,2087 2628,2122 2555,2096 2312,2131 2173,2113 2143,2146 2031,2126 1948,2164 1887,2141"/>
                <Baseline points="1896,2181 1945,2177 1995,2174 2044,2170 2094,2167 2144,2163 2193,2160 2243,2157 2293,2154 2342,2151 2392,2148 2442,2147 2491,2144 2541,2142 2591,2141 2640,2139 2690,2138 2740,2138 2789,2138 2839,2138 2889,2139"/>
                <TextEquiv>
                    <Unicode>Burgdorff letstlicd daß dritmahl habe</Unicode>
                </TextEquiv>
            </TextLine>
            <TextLine id="r3l25" custom="readingOrder {index:24;} person {offset:17; length:12;} place {offset:34; length:6;}">
                <Coords points="1893,2272 2004,2226 2885,2215 2882,2157 2696,2177 2552,2146 1890,2205"/>
                <Baseline points="1899,2232 1947,2231 1996,2229 2045,2226 2094,2223 2143,2222 2192,2219 2240,2216 2289,2213 2338,2209 2387,2207 2436,2205 2485,2202 2534,2200 2582,2198 2631,2198 2680,2196 2729,2196 2778,2196 2827,2196 2876,2198"/>
                <TextEquiv>
                    <Unicode>y sih leider mit Baschi Iseli von Utigen</Unicode>
                </TextEquiv>
            </TextLine>
            <TextLine id="r3l26" custom="readingOrder {index:25;} place {offset:3; length:10;}">
                <Coords points="1877,2298 2214,2273 2262,2308 2312,2269 2431,2266 2591,2290 2652,2253 2809,2283 2877,2225 2732,2198 2666,2233 2592,2206 2512,2241 2463,2208 2381,2241 2003,2226 1973,2258 1875,2256"/>
                <Baseline points="1884,2280 1933,2279 1982,2279 2031,2277 2081,2276 2130,2274 2179,2273 2229,2270 2278,2268 2327,2267 2377,2264 2426,2262 2475,2261 2524,2258 2574,2256 2623,2254 2672,2252 2722,2250 2771,2249 2820,2247 2870,2246"/>
                <TextEquiv>
                    <Unicode>zu Lützelflüe im wirtshuß mit der</Unicode>
                </TextEquiv>
            </TextLine>
            <TextLine id="r3l27" custom="readingOrder {index:26;}">
                <Coords points="1868,2361 2053,2341 2168,2373 2426,2314 2481,2350 2582,2318 2846,2332 2881,2326 2879,2257 2803,2285 2619,2267 2579,2299 2343,2273 2117,2317 2079,2284 1948,2324 1865,2296"/>
                <Baseline points="1875,2342 1924,2340 1974,2337 2024,2336 2074,2333 2124,2331 2174,2329 2224,2327 2274,2325 2324,2322 2374,2321 2423,2319 2473,2316 2523,2315 2573,2313 2623,2312 2673,2311 2723,2310 2773,2309 2823,2309 2873,2309"/>
                <TextEquiv>
                    <Unicode>knrey vergeßen, der ihra aber anders</Unicode>
                </TextEquiv>
            </TextLine>
            <TextLine id="r3l28" custom="readingOrder {index:27;}">
                <Coords points="1882,2400 2053,2423 2555,2372 2627,2410 2800,2376 2799,2335 2584,2318 2478,2351 2379,2318 2254,2354 2152,2330 1882,2373"/>
                <Baseline points="1889,2393 1934,2391 1979,2390 2024,2388 2069,2387 2114,2385 2159,2384 2205,2382 2250,2380 2295,2379 2340,2377 2385,2376 2430,2373 2475,2372 2521,2371 2566,2370 2611,2369 2656,2367 2701,2367 2746,2366 2792,2366"/>
                <TextEquiv>
                    <Unicode>nichts geben, alß die urten bezalt.</Unicode>
                </TextEquiv>
            </TextLine>
            <TextLine id="r3l29" custom="readingOrder {index:28;}">
                <Coords points="1871,2553 1960,2532 2082,2564 2199,2523 2354,2554 2485,2518 2703,2554 2738,2517 2827,2519 2826,2461 2775,2445 2484,2476 2170,2439 1870,2477"/>
                <Baseline points="1878,2529 1925,2528 1972,2526 2019,2525 2066,2523 2113,2523 2160,2522 2207,2520 2254,2519 2301,2519 2349,2517 2396,2517 2443,2516 2490,2516 2537,2514 2584,2514 2631,2514 2678,2513 2725,2513 2772,2511 2820,2511"/>
                <TextEquiv>
                    <Unicode>und ich und letstlichen habe sysid, mit</Unicode>
                </TextEquiv>
            </TextLine>
            <TextLine id="r3l30" custom="readingOrder {index:29;}">
                <Coords points="1876,2579 2416,2603 2463,2571 2886,2577 2898,2536 2781,2512 2633,2547 2481,2517 2363,2550 2196,2522 2092,2560 1876,2552"/>
                <Baseline points="1884,2576 1934,2576 1984,2575 2035,2574 2085,2573 2135,2573 2186,2571 2236,2570 2286,2570 2337,2568 2387,2567 2437,2567 2488,2565 2538,2564 2588,2564 2639,2562 2689,2562 2739,2561 2790,2561 2840,2560 2891,2559"/>
                <TextEquiv>
                    <Unicode>einem und Escholtzmat wonenden lantman</Unicode>
                </TextEquiv>
            </TextLine>
            <TextLine id="r3l31" custom="readingOrder {index:30;} person {offset:9; length:15;}">
                <Coords points="1855,2659 2060,2632 2139,2668 2198,2626 2366,2658 2459,2617 2605,2653 2711,2617 2926,2636 2924,2574 2776,2560 2649,2598 1854,2576"/>
                <Baseline points="1862,2631 1914,2631 1967,2630 2020,2628 2073,2628 2126,2627 2178,2625 2231,2624 2284,2622 2337,2621 2390,2621 2442,2619 2495,2618 2548,2617 2601,2616 2654,2616 2706,2615 2759,2615 2812,2616 2865,2616 2918,2616"/>
                <TextEquiv>
                    <Unicode>Der sich Baschi Schweyer Namse in fleischlichen</Unicode>
                </TextEquiv>
            </TextLine>
            <TextLine id="r3l32" custom="readingOrder {index:31;}">
                <Coords points="1892,2685 2045,2710 2177,2682 2273,2718 2302,2687 2591,2670 2702,2706 2876,2669 2876,2644 2715,2618 2611,2655 2560,2623 2518,2655 2465,2625 2374,2661 2198,2628 2142,2665 2067,2634 1891,2651"/>
                <Baseline points="1899,2679 1947,2679 1995,2681 2044,2681 2092,2681 2141,2681 2189,2679 2238,2679 2286,2678 2335,2678 2383,2676 2431,2675 2480,2673 2528,2672 2577,2671 2625,2670 2674,2669 2722,2667 2771,2666 2819,2664 2868,2664"/>
                <TextEquiv>
                    <Unicode>eutwylen vergeßen, von deme sy jetzund</Unicode>
                </TextEquiv>
            </TextLine>
            <TextLine id="r3l33" custom="readingOrder {index:32;}">
                <Coords points="1893,2766 1936,2765 1964,2740 2008,2729 2067,2761 2107,2731 2135,2754 2183,2766 2218,2736 2260,2730 2260,2703 2220,2705 2192,2684 2125,2706 2052,2710 2018,2707 1981,2682 1953,2700 1893,2685"/>
                <Baseline points="1901,2727 1926,2728 1951,2729 1976,2729 2001,2729 2026,2729 2051,2729 2076,2729 2101,2729 2126,2729 2151,2729 2176,2729 2201,2729 2226,2729 2252,2729"/>
                <TextEquiv>
                    <Unicode>schwanger sye.</Unicode>
                </TextEquiv>
            </TextLine>
            <TextLine id="r3l34" custom="readingOrder {index:33;}">
                <Coords points="1885,2875 2037,2906 2091,2874 2377,2904 2464,2870 2843,2882 2865,2812 2771,2776 2679,2836 2573,2838 2326,2794 2249,2844 1883,2789"/>
                <Baseline points="1892,2870 1940,2870 1988,2871 2036,2871 2085,2871 2133,2871 2181,2871 2230,2871 2278,2870 2326,2870 2375,2868 2423,2868 2471,2867 2519,2865 2568,2863 2616,2862 2664,2860 2713,2858 2761,2856 2809,2855 2858,2853"/>
                <TextEquiv>
                    <Unicode>Diewyl es aber hochgemelt myn gnedig</Unicode>
                </TextEquiv>
            </TextLine>
            <TextLine id="r3l35" custom="readingOrder {index:34;}">
                <Coords points="1879,2925 2509,2918 2589,2949 2650,2914 2877,2910 2876,2867 2381,2903 1878,2879"/>
                <Baseline points="1887,2918 1936,2918 1985,2918 2034,2918 2083,2918 2132,2918 2181,2918 2231,2918 2280,2918 2329,2918 2378,2918 2427,2918 2476,2916 2525,2915 2575,2915 2624,2913 2673,2911 2722,2909 2771,2907 2820,2904 2870,2901"/>
                <TextEquiv>
                    <Unicode>berren und oberen gefallen, mynen hochge</Unicode>
                </TextEquiv>
            </TextLine>
            <TextLine id="r3l36" custom="readingOrder {index:35;} person {offset:24; length:6;}">
                <Coords points="1898,2996 2206,2970 2526,2998 2644,2963 2729,2989 2830,2928 2641,2916 2574,2948 2526,2919 2323,2916 2209,2949 2088,2919 2032,2953 1897,2925"/>
                <Baseline points="1905,2967 1950,2967 1996,2967 2042,2967 2088,2969 2134,2969 2180,2969 2226,2969 2272,2967 2318,2967 2364,2967 2409,2967 2455,2966 2501,2965 2547,2964 2593,2963 2639,2961 2685,2960 2731,2957 2777,2955 2823,2952"/>
                <TextEquiv>
                    <Unicode>ehrten herren rathsherr Grüser zur</Unicode>
                </TextEquiv>
            </TextLine>
            <TextLine id="r3l37" custom="readingOrder {index:36;}">
                <Coords points="1879,3023 2788,3027 2851,3004 2850,2953 2735,2987 2641,2965 2609,2994 2331,2970 1878,2994"/>
                <Baseline points="1886,3017 1933,3018 1981,3018 2029,3018 2077,3020 2125,3018 2173,3018 2221,3018 2269,3018 2317,3017 2365,3017 2412,3015 2460,3014 2508,3012 2556,3011 2604,3009 2652,3008 2700,3005 2748,3003 2796,3000 2844,2997"/>
                <TextEquiv>
                    <Unicode>anderen examination zenerordnen alo</Unicode>
                </TextEquiv>
            </TextLine>
            <TextLine id="r3l38" custom="readingOrder {index:37;}">
                <Coords points="1889,3080 1963,3110 2038,3080 2079,3112 2142,3077 2283,3104 2317,3073 2552,3091 2904,3046 2903,3009 2851,3003 2451,3046 1888,3026"/>
                <Baseline points="1896,3068 1946,3069 1996,3071 2046,3071 2096,3072 2146,3072 2196,3072 2246,3072 2296,3072 2346,3071 2396,3069 2446,3068 2496,3066 2546,3065 2596,3062 2646,3060 2696,3057 2746,3053 2796,3050 2846,3045 2897,3042"/>
                <TextEquiv>
                    <Unicode>hafft er ebenmesig mit angetreüwter und</Unicode>
                </TextEquiv>
            </TextLine>
            <TextLine id="r3l39" custom="readingOrder {index:38;}">
                <Coords points="1888,3151 1997,3124 2183,3127 2224,3163 2459,3118 2721,3131 2888,3110 2887,3069 2602,3070 2571,3098 2318,3073 2218,3110 1886,3084"/>
                <Baseline points="1895,3122 1944,3123 1993,3125 2042,3125 2092,3126 2141,3126 2190,3126 2239,3126 2289,3125 2338,3125 2387,3123 2436,3122 2486,3120 2535,3119 2584,3116 2633,3114 2683,3110 2732,3107 2781,3104 2830,3101 2880,3096"/>
                <TextEquiv>
                    <Unicode>schon hienor angewenter Marter, sy ver</Unicode>
                </TextEquiv>
            </TextLine>
            <TextLine id="r3l40" custom="readingOrder {index:39;}">
                <Coords points="1888,3175 2203,3181 2253,3215 2321,3179 2857,3177 2855,3107 2629,3142 2319,3130 2224,3163 2183,3130 1888,3152"/>
                <Baseline points="1896,3171 1943,3173 1991,3174 2038,3176 2086,3177 2134,3179 2181,3179 2229,3179 2277,3179 2324,3177 2372,3177 2420,3176 2467,3174 2515,3173 2563,3170 2610,3167 2658,3164 2706,3161 2753,3157 2801,3153 2849,3149"/>
                <TextEquiv>
                    <Unicode>mant die warheit antagzegeben, hatten</Unicode>
                </TextEquiv>
            </TextLine>
            <TextLine id="r3l41" custom="readingOrder {index:40;}">
                <Coords points="1893,3260 2332,3229 2592,3257 2896,3207 2894,3162 2683,3167 2607,3203 2323,3180 2256,3214 2204,3182 2127,3177 2085,3214 1890,3176"/>
                <Baseline points="1899,3228 1948,3230 1997,3231 2047,3233 2096,3233 2146,3233 2195,3233 2245,3233 2294,3233 2344,3231 2393,3230 2442,3228 2492,3226 2541,3224 2591,3219 2640,3216 2690,3211 2739,3207 2789,3202 2838,3197 2888,3189"/>
                <TextEquiv>
                    <Unicode>sy doch anders nüt den waßhieuorge</Unicode>
                </TextEquiv>
            </TextLine>
            <TextLine id="r3l42" custom="readingOrder {index:41;}">
                <Coords points="1881,3281 2315,3280 2387,3314 2828,3254 2827,3224 2745,3214 2524,3255 2330,3230 1881,3262"/>
                <Baseline points="1889,3275 1935,3278 1982,3279 2028,3281 2075,3282 2121,3282 2168,3282 2214,3282 2261,3282 2307,3281 2354,3279 2401,3278 2447,3276 2494,3273 2540,3271 2587,3269 2633,3266 2680,3262 2726,3259 2773,3255 2820,3252"/>
                <TextEquiv>
                    <Unicode>melt bekent und solches an der Marter</Unicode>
                </TextEquiv>
            </TextLine>
            <TextLine id="r3l43" custom="readingOrder {index:42;}">
                <Coords points="1877,3327 2063,3338 2117,3375 2164,3339 2385,3363 2420,3332 2514,3350 2833,3305 2832,3254 2392,3311 2317,3281 2145,3309 1875,3278"/>
                <Baseline points="1884,3323 1931,3326 1978,3329 2025,3330 2072,3332 2119,3333 2166,3333 2213,3333 2260,3332 2307,3330 2355,3329 2402,3327 2449,3324 2496,3321 2543,3318 2590,3315 2637,3311 2684,3308 2731,3304 2778,3299 2826,3294"/>
                <TextEquiv>
                    <Unicode>Wie hoch ihra dieselbige angemütet werde.</Unicode>
                </TextEquiv>
            </TextLine>
            <TextLine id="r3l44" custom="readingOrder {index:43;}">
                <Coords points="1895,3384 2184,3404 2866,3359 2864,3310 2769,3307 2369,3362 1893,3331"/>
                <Baseline points="1901,3371 1948,3374 1996,3377 2044,3380 2092,3381 2140,3381 2188,3381 2235,3381 2283,3380 2331,3379 2379,3376 2427,3374 2475,3371 2523,3368 2570,3365 2618,3361 2666,3358 2714,3354 2762,3350 2810,3347 2858,3344"/>
                <TextEquiv>
                    <Unicode>zeerhalten, usgenommen alß man sy befrage</Unicode>
                </TextEquiv>
            </TextLine>
            <TextLine id="r3l45" custom="readingOrder {index:44;}">
                <Coords points="1888,3428 2059,3467 2362,3427 2416,3458 2466,3423 2867,3404 2891,3355 2347,3381 2297,3411 1885,3376"/>
                <Baseline points="1895,3417 1944,3423 1994,3427 2043,3429 2093,3431 2142,3432 2192,3432 2241,3432 2291,3431 2340,3429 2390,3426 2439,3423 2489,3419 2538,3415 2588,3410 2637,3405 2687,3400 2736,3394 2786,3389 2835,3382 2885,3377"/>
                <TextEquiv>
                    <Unicode>ver diejenigen syen, die sy letstlichen unoBurg.</Unicode>
                </TextEquiv>
            </TextLine>
            <TextLine id="r3l46" custom="readingOrder {index:45;}">
                <Coords points="1895,3485 2566,3503 2863,3427 2861,3389 2476,3423 2416,3458 2269,3438 2214,3467 2156,3437 2058,3467 1892,3421"/>
                <Baseline points="1902,3473 1949,3476 1997,3480 2044,3482 2092,3483 2140,3483 2187,3483 2235,3482 2283,3481 2330,3479 2378,3476 2426,3473 2473,3469 2521,3464 2569,3459 2616,3454 2664,3448 2712,3442 2759,3437 2807,3430 2855,3422"/>
                <TextEquiv>
                    <Unicode>dorff angeben, darumb sy abgebußt haben.</Unicode>
                </TextEquiv>
            </TextLine>
            <TextLine id="r3l47" custom="readingOrder {index:46;}">
                <Coords points="1889,3524 1927,3526 1958,3553 2004,3561 2077,3527 2122,3571 2163,3541 2202,3541 2220,3524 2239,3531 2239,3502 2213,3490 2106,3510 2085,3489 2054,3499 2014,3478 1990,3498 1968,3489 1947,3507 1917,3483 1889,3481"/>
                <Baseline points="1896,3519 1921,3523 1947,3527 1973,3529 1999,3530 2024,3530 2050,3530 2076,3529 2102,3528 2127,3528 2153,3527 2179,3527 2205,3527 2231,3528"/>
                <TextEquiv>
                    <Unicode>hatt sy angeben.</Unicode>
                </TextEquiv>
            </TextLine>
            <TextLine id="r3l48" custom="readingOrder {index:47;} person {offset:0; length:12;}">
                <Coords points="1885,3599 1985,3625 2061,3592 2093,3612 2233,3589 2296,3618 2500,3571 2629,3574 2627,3521 2561,3504 2379,3554 2206,3536 2130,3574 2077,3528 2019,3561 1882,3518"/>
                <Baseline points="1892,3581 1928,3584 1964,3587 2001,3588 2037,3589 2074,3591 2110,3591 2147,3591 2183,3590 2220,3590 2256,3588 2292,3587 2329,3584 2365,3582 2402,3579 2438,3576 2475,3572 2511,3569 2548,3565 2584,3560 2621,3555"/>
                <TextEquiv>
                    <Unicode>Hanß Gfeller am thal obdigel</Unicode>
                </TextEquiv>
            </TextLine>
            <TextLine id="r3l49" custom="readingOrder {index:48;} person {offset:0; length:29;}">
                <Coords points="1888,3653 2377,3636 2440,3662 2513,3621 2717,3600 2713,3540 2678,3539 2619,3580 2551,3565 2309,3617 2232,3589 2191,3614 2058,3593 1986,3625 1885,3598"/>
                <Baseline points="1895,3633 1935,3637 1976,3641 2016,3642 2057,3644 2098,3644 2138,3644 2179,3642 2220,3640 2260,3638 2301,3635 2342,3631 2382,3627 2423,3624 2464,3620 2504,3614 2545,3610 2586,3604 2626,3597 2667,3593 2708,3587"/>
                <TextEquiv>
                    <Unicode>Conrad Hirßbrunner gud Ramsey</Unicode>
                </TextEquiv>
            </TextLine>
            <TextLine id="r3l50" custom="readingOrder {index:49;}">
                <Coords points="1865,3701 2241,3723 2299,3690 2365,3715 2444,3663 2549,3680 2719,3638 2701,3599 2121,3677 2016,3646 1970,3673 1861,3654"/>
                <Baseline points="1871,3692 1913,3696 1955,3698 1997,3700 2039,3701 2081,3701 2123,3699 2165,3697 2207,3695 2249,3691 2291,3688 2333,3683 2375,3677 2417,3672 2459,3666 2501,3660 2543,3653 2585,3646 2627,3640 2669,3633 2711,3626"/>
                <TextEquiv>
                    <Unicode>der undere schmid iro lapgnonet.</Unicode>
                </TextEquiv>
            </TextLine>
            <TextLine id="r3l51" custom="readingOrder {index:50;} place {offset:24; length:10;}">
                <Coords points="1883,3764 2425,3762 2506,3711 2818,3663 2801,3627 2627,3675 2470,3667 2368,3714 2307,3690 2239,3723 1877,3703"/>
                <Baseline points="1889,3746 1935,3750 1981,3752 2027,3753 2073,3753 2119,3752 2165,3749 2211,3746 2257,3741 2303,3736 2349,3730 2395,3724 2441,3718 2487,3710 2533,3704 2579,3697 2625,3691 2671,3684 2717,3678 2763,3672 2810,3666"/>
                <TextEquiv>
                    <Unicode>und ein müler knecht zu Grunenmate</Unicode>
                </TextEquiv>
            </TextLine>
            <TextEquiv>
                <Unicode>60
Catarina Meicger, uß dem Krauc
thal sunst genant Kuderbüchli alhier veren
hafftennenrienen vernerebekantnuß
Waß sy sichar ihrer letsten zünhrigung
zu Burgdorff wybers sich vergeßen etc.
Erstlichen alß sy durch mynen Hochehrende
Herren Nulauß Lohnbarh deß Raths, Inn
byweßen herren Hanß Rodoph Kilchberger
befragt worden, uß waß ursachen sy sich, wide
eumb in ihr gn landen begeben unnd
aber wüße daß eydlich zum anderen mahl
verwißen worden syes hatte sy geantworten
y habe ihre muter, die dißmahlen zur
Wiehentorberg wohnetheimsuchen wollen, und bei
kenne, daß sy hierin übel gefült habe, väge
ober gott und ein gnedige hoche ober
keit umb gnad und verzychung, die wöllent
solches ihrer wyblichen schwwacheiten alß
welche deß eyds, und waß derselbige in sich
halbe, gantz ungegrünt sye, znomeßen.
Nach den vorgehenden dryen gnedigen
traffen, alß hier zuo Bern 2 und ud
Burgdorff letstlicd daß dritmahl habe
y sih leider mit Baschi Iseli von Utigen
zu Lützelflüe im wirtshuß mit der
knrey vergeßen, der ihra aber anders
nichts geben, alß die urten bezalt.
und ich und letstlichen habe sysid, mit
einem und Escholtzmat wonenden lantman
Der sich Baschi Schweyer Namse in fleischlichen
eutwylen vergeßen, von deme sy jetzund
schwanger sye.
Diewyl es aber hochgemelt myn gnedig
berren und oberen gefallen, mynen hochge
ehrten herren rathsherr Grüser zur
anderen examination zenerordnen alo
hafft er ebenmesig mit angetreüwter und
schon hienor angewenter Marter, sy ver
mant die warheit antagzegeben, hatten
sy doch anders nüt den waßhieuorge
melt bekent und solches an der Marter
Wie hoch ihra dieselbige angemütet werde.
zeerhalten, usgenommen alß man sy befrage
ver diejenigen syen, die sy letstlichen unoBurg.
dorff angeben, darumb sy abgebußt haben.
hatt sy angeben.
Hanß Gfeller am thal obdigel
Conrad Hirßbrunner gud Ramsey
der undere schmid iro lapgnonet.
und ein müler knecht zu Grunenmate</Unicode>
            </TextEquiv>
        </TextRegion>
    </Page>
</PcGts>
