3024 4032
551 413 1443 656 Denne seye weider war das er wor
715 543 1471 707 olngtfahr in jaren inn einem
699 590 1513 798 Woltzby Rüngsfelden gut Haspel
637 674 1522 886 Willer gott ichn gesatz und mach
441 721 537 813 N3.
698 743 1512 921 Batur er sich einmal mit unn
708 810 1521 990 Christenlichem werck und unßsel
709 866 1505 1066 lung gantz abschüchlich und sheker
723 956 990 1075 ergeser
598 1062 1402 1248 Wyters so habe er auch uffein
1413 1182 1476 1288 1
700 1188 1449 1330 by windisch in einer goßen ein
699 1248 1496 1416 Meitli antroffen, so nit recht syn
1389 1301 1503 1372 sin
350 1290 596 1413 gsin seye
692 1316 1501 1469 sonder ein Jörli Daselb haber bide
697 1392 1486 1525 not zwengt und synen mutwollen
702 1453 1196 1584 wort ihme verbracht,
700 1590 1489 1709 um odierten habe er dem landtweiben
693 1638 1482 1774 zur Küngstfelden, (wyl derselb
679 1718 1490 1835 mit synes mutter ein handelgsan
655 1800 1490 1909 Don 1doß wegen sy von stottung
683 1861 1472 1976 and müßen) mit hilff syner
685 1931 1492 2050 weyen SchWesteren SūsanaWn
712 1999 1478 2116 Elßbet die er hierzu antriben
708 2077 1489 2178 nachts wellen daß hus anstecken
699 2144 1489 2249 sy seyen aberwyll man niton
691 2215 1479 2326 His Ruch gsen, von irem worhal
699 2290 1179 2395 abtriben worden.
728 2354 1492 2496 von diebst�llen hat er anders
627 2450 1453 2541 wollen bekenen, den ds et zus
653 2501 1491 2622 Brnngg ein sielind im
653 2561 1476 2698 kloster Rüngßfelden woner den
667 2616 1477 2763 Baten das broth abgetragen mit
670 2689 1465 2834 hin etwas daruon entzückt habe
677 2778 1399 2922 Ist in mahl lohr uffgezogen.
341 2841 1485 3020 Uff solche syn deß gedachten Joggli Müllers schwere und abse
349 2914 1475 3062 mißhandlungen, habendt hochgenampt myn gnädig Herren
336 2955 1480 3118 Oberen schultheiß Rhat unnd Burger diser zoglichen s
325 3001 1487 3180 Bern uff ihren eidt zu recht erkhendt unnd gesprochen
304 3062 1469 3248 Daß man ihnne dem nachrichter beuelchen, Der hn
315 3122 1473 3326 Oben vß vff gewanhliche Richtstatt füren solle, Ihm
334 3157 1485 3361 uaden vnnd von syner zugendtwegen zum es
300 3227 1476 3476 daß haubt abschlachen. Demnach den Corperzu¬
305 3280 1471 3502 bröunendt feiner werfen, zu Bulurk unnd asche
299 3349 1466 3553 verbrönnen unnd also nach dem keiserlichen und
308 3379 1470 3646 diser statt Bery rechten, vom leben zum todt hun
335 3500 1444 3803 Disere Urtheil ist den 1. may 1648 an ihn
292 3620 434 3691 solle.
438 3667 946 3854 gtalet worden c
2509 -5 2623 115 18
1577 212 2540 670 e
1706 575 2655 941 geee
1721 696 2505 986 ee
1717 776 2571 1060 ee d
1645 840 2493 1147 ere nese
1680 914 2578 1190 g een
1703 992 2566 1265 se ret bersi
1706 1150 2139 1303 ntide
1675 1224 2477 1490 aat s
1577 1307 2486 1551 Wetywelbels schriben dem buben
1718 1389 2608 1593 in der habheck in synerstuben uß einem
1719 1446 2590 1680 tog so nit verschloßen und niemandts
1726 1533 2514 1720 aubden wäg gsin by den 20a
1705 1620 2566 1784 genommen und daselb und ein tanen
1670 1696 2539 1847 vergeaben, es seyo aber dem Buren
1700 1785 2446 1911 alles wider worden und sy haben
1699 1857 2560 1986 nit gwüst das es so eien seye, sonst heten
1702 1932 2528 2058 sy es lassen blyben, dan sy habendt
1660 2012 2563 2131 nit mehr begert genemmen weder
1708 2072 2183 2213 etwan 15 oder 20 hz.
1630 2181 2586 2430 Abrig diebstelen wöllen sy nit gestendig
1679 2297 2500 2481 insund gegendt an habend sich mit
1688 2368 2007 2508 sitlen erhalten,
1561 2478 2590 2763 wie sy alß dem Schallenwerck gewißen
1678 2564 2545 2802 habe ein großer weltscher der
1689 2648 2475 2862 auch drmen war und sy darzu an
1673 2695 2507 2968 meg be nasen
1678 2756 2144 2957 der ig gschagen
1612 2815 2497 3205 en salhaen
1631 2952 2472 3286 e
1634 3021 2521 3396 en e
1627 3218 2224 3483 e
