3024 4032
725 321 788 420 6
397 421 1352 625 Cachuolgende fersone
407 531 1331 666 so dißeren Martin Maykt zu Stethler
403 596 1337 741 Argwonischerwyßenapt unnd gfengfliche
392 676 1333 789 hero gefürt, ouch ernstwörtlich examnniert.
384 745 1169 853 worden den 20. novebris 1644.
376 805 1180 955 abendt bekendt wie Volget,
377 958 1362 1112 Erstlich ketfbet Rameßtorffer, das sy zue
423 1055 1375 1182 bewuste thuch einem Kouffherren alhier
423 1123 1359 1256 dem Casten gnomen, vnnd das vß gheiß
469 1208 1388 1329 alten er aber sy habe es auch widerumb uff
433 1285 1394 1404 den asten gelegt, wylen ein gwußer ma
464 1357 1393 1512 selbiges gesechen, hat sunsten 3 kinders.
479 1447 1352 1605 gandt mit dem Vierben noch schwanger,
465 1617 1417 1759 Iht den 26. novembris mit ruten oßtgeschmeite,
481 1689 1420 1832 Bbeteihnet, vnnd vonn Statt, vnd Landt
462 1792 940 1941 verwißen worden.
697 1973 1368 2123 Madlena Rüttikoffer.
540 2137 1448 2288 Midlhna Burtiketfor vonn Jutzis
535 2207 1464 2412 hat keiner begangnen diebstelen bekantlich se
547 2294 1479 2455 wellen, wil auch von dem so disen meeit gesten
543 2368 1464 2547 len worden mit wußen, sunder seye vnge¬
555 2418 1480 2621 nerdt zu disen Argwonischen Mentschenke
560 2502 1482 2700 men, seye allso auch mit denselben alher ge¬
552 2567 1452 2797 bracht worden, wil aber mit wüßen vonn ze
544 2635 1475 2902 diebstelen, noch anderer boßten Gestelchoffen
560 2743 1498 3001 odem ist disere wispersan uff ein s
588 2880 1397 3132 She i es fae m
1977 300 2055 378 4
1732 337 1873 436 6
1511 358 2202 574 ot Mahle
1475 456 2153 676 Ven demergeet
1464 495 2490 774 Deste wybßperson ist ouch mit hiener vnd nach,
1491 596 2415 867 snngenden ats
1475 706 2427 924 gen hienon S. 40. allhie zun landt gsin.
1436 752 2479 986 Vnnd wegen domaligen bekenten Vntate
1505 835 2481 1048 mit dem eidtvwißen worden, wil aber
1498 922 2501 1130 nit gestendig syn, das sy zu den gerlagtenn
1492 1005 2459 1211 diebstalen geholfen, noch das sy darnonn
1521 1070 2473 1261 etwas wüße. Der jenige aber dem man auch
1529 1130 2487 1356 nachgeylt unnd doch entrinnen heiß Jost
1527 1242 2487 1430 seye ouch vß dem Lurernerpiet, vnnd Jra¬
1545 1345 2063 1485 anders sunst nit bekant.
1594 1827 2078 1994 Vre Egger.
1525 1958 2604 2122 Dißer ist abgeschribner Mania Meiller zief
1581 2043 2619 2181 bruder, vnnd vnder dem Cor erdappet worden,
1588 2114 2642 2274 gibt ann th abbemelte Elstbet Ramptzkoffer¬
1590 2204 2616 2329 ein Cuhme Kappen genomen, wie er denn
1600 2280 2603 2405 gestechen das sy eine gehapt, seye hienor ouch
1606 2350 2635 2454 Idtem zum bang geweßen, habe sich aber sicht
1584 2457 2690 2571 hero zu jeden syten erlich unnd wolgehalten,
1606 2498 2618 2647 unnd noch letstlich zu Rubißwyl gedient
1596 2703 2618 2850 Harobnermelte beide stieffgeschwüsterte sindt
1633 2795 2616 2946 vo hr g erkantnuß mit raten ußgeschmeitzt
1627 2882 2620 3011 B. bezeichnet, vnnd mit dem Eilt vonn zr g.
1630 2948 2631 3069 statt unnd kamlt verwißen worden. Den 26t
1622 3031 2129 3134 Meutermonat 162t.
2489 172 2578 253 10.
