3024 4032
528 578 813 706 Hans
876 581 1448 751 Hänni ab dem
799 682 1072 787 Bälp Berg.
465 748 1508 996 Nach dem gegenwirtiger Hannss
473 896 1486 1056 Hänni, synem fürgeben nach ein 23 jeriger
511 960 1504 1123 unnd böser buob, so uff dem Sädel inn der kilchöri
486 1051 1494 1203 Gerzensee erboren unnd teils daselbst, teils
517 1130 1493 1275 aber by synem vatter Marti Hänni uff dem
506 1204 1491 1346 Belp Berg erzogen worden uff yngelangten
488 1286 1478 1432 bricht unnd ungezwyffleten umbstentlichem
509 1384 1484 1510 argwohn hin, das er namlich den jenigen
498 1443 1478 1568 diser tagen alss den 23. aug. ussert dem
514 1522 1494 1634 Bolliger Berg inn einer holen und gassen,
518 1595 1492 1734 genant die Lusseren, ann offner strass ge¬
520 1666 1504 1798 fundtnen totnen metzgerknecht werde ermört,
525 1761 1495 1891 umbgebracht unnd spoliert haben, gestracks sel¬
516 1842 1497 1961 bigen morgens alhie inn der statt Bern inn
538 1913 1491 2037 eines burgers unnd schnyderss huss (alwo er
534 1997 1504 2112 sich als ein unbekanter anderfart bekleiden lassen
542 2066 1495 2208 wellen) erwitscht unnd gefencklich yngezogenn
540 2167 1510 2278 worden, habendt m. gen. hrn. und oberen inn ge¬
567 2242 1502 2371 sessnem raht guot befunden disen schandtlossen
550 2313 1521 2473 lychtfertigen buoben sowol diser mordttadt
562 2384 1499 2531 alls ouch sunsten synes veruebten ergerlichen
535 2464 1521 2609 lebens und wessenss halber alles ernsts exam¬
550 2555 1507 2694 minieren zelassen, welches den zuo fürder¬
537 2625 1526 2768 lichester erstattung dero beuelchs grad mornders
656 2699 1526 2838 den 24. unnd hernach den 26. aug. diss 44 jars
548 2788 1524 2951 inn bysyn unnd gegenwirtigkeit der wolgeachten
536 2860 1507 3015 ehrenuesten f. f. f. und wyssen herren Mar¬
564 2952 1523 3108 quart Zechenders dess kleinen, herren Jacob
561 3012 1536 3196 Gerbers dess grossen, gewessnen gubernatoren
551 3097 1514 3308 zuo Beaumont hrn. alten Andres Gottiers,
562 3162 1512 3373 alten vogts zuo Buchsee, beidt vom grossen
554 3250 1543 3429 raht, herren Abraham Sinners grossweibel
543 3330 1537 3525 und etlicher ir gn. dieneren der weiblen be¬
590 3453 1393 3635 schechen und inn volg gestelt worden.
1293 3549 1457 3628 da
2684 389 2777 487 2.
1691 550 2759 802 Da er maleficant dan neben angezogner schandtlichen
1713 619 2737 850 morden unnd einer abschüchlichen sodomitischen that (wie
1724 665 2770 877 man zu endt diser vergicht horen wirt) noch vill underschiden¬
1722 737 2741 926 liche diebställ unnd andere misshandlung mit unnd ohne
1733 775 2729 962 marter beckent, verjächen unnd mit der marter erhalten
1716 935 1993 1031 hat, wie volget.
1693 914 2678 1125 Namlichen so sye syn erster diebstal gsin, dass er zu
1738 975 2691 1159 Wattenwyll in ein obergaden gestigen daruss 12 eyer
1729 992 2786 1218 genommen unnd habe ihne dieselbigen alssbald kochen lassen
1718 1185 1936 1273 unnd gässen.
1677 1200 2747 1395 Denne habe er vor ungefahr 2 jahren bey Bälp in einer
1732 1250 2729 1423 weid einen stier entfrömbdet unnd denselben dem
1734 1309 2699 1466 underen ziegler alhier verkaufft, wie vill er aber
1727 1368 2592 1535 daruss erlöst sye ihme nit mehr in wüssen.
1705 1508 2789 1671 Glich hernach habe er synem eignen vatter einen grauw¬
1728 1562 2794 1714 wen mönch entfrömbdet unnd sye darmit nidtsich gfaren
1723 1638 2783 1766 unnd denselben einem schärer zu Liechstall verkaufft.
1712 1727 2762 1888 Zu Schwartzenburg bey dem alten schloss gut, mit
1720 1802 2809 1925 hilff eines synes gespanen so sich Hanss Etterich namset
1723 1848 2795 1965 bey Liechstall daheim unnd dissmahlen in kriegsdiensten
1731 1916 2800 2051 ist, sye er mit einem steckysen in dass huss zur thür
1715 1979 2812 2084 hinin gebrochen, uss einem trog so sy geöffnet 2 silberin
1720 2050 2780 2128 becher, ein sydenen unnd einen scharlatten rock endt¬
1727 2099 2788 2198 frombdet sampt 2 guldinen ringen, die becher unnd
1741 2172 2757 2229 ring habind sy dem wirt zum krütz zu Langenthall
1735 2216 2815 2291 umb 2 1/2 dublonen, die röck aber dem wirt zu Schwartzen¬
1735 2265 2536 2345 burg Hechler genambt, umb 3 cronen verkaufft.
1724 2389 2775 2570 Zu Erlenbach mit hilf synes gespanen dem statt¬
1702 2509 2811 2618 halter Regetz nachts in keller brochen, demselben daruss
1737 2570 2799 2693 4 käsen endtzuckt unnd uss jedem derselben 10 batzen erlöst
1700 2759 2798 2958 Abermahlen mit hilf synes gespanen Etterichs seye
1751 2855 2832 3058 er zu Wyll einem bauwren nachts in spicher gebrochen
1735 2921 2334 3058 habind aber nüt darin funden.
1732 3066 2767 3302 Zu nechst by Aarburg habind er unnd syn gespan
1742 3153 2803 3361 uss einem spicher in dem sy nechtlicher wyll gebrochen
1745 3231 2815 3429 2 bar hosen 5 lynlachen unnd 6 bar schuch genommen
1740 3264 2827 3492 so sy zu Aarauw einem buren umb 2 cronen 4 batzen verkaufft.
