3024 4032
401 2337 473 2459 6.
381 827 528 959 .
406 1266 480 1375 5.
619 282 1474 534 et a shale
645 361 1467 611 d  derenli
653 467 1473 696 orten zum trinkgäldt gäben habe etc. An
577 516 1444 741 Er habe keinen haller Vf dieserm außgete
634 618 1481 840 eß aber syn frouw gethan, seye es syne und
1451 702 1495 780 das
618 688 850 808 beshähen.
581 835 1487 1065 Deß gefangnes frouw hat zu frnting bekhende
602 940 1492 1165 Daß sy daß obbenalt dein egälllansgei
622 1041 767 1142 derbn,
624 1279 1498 1475 id nit zun Wallitz byeden heunckgend
582 1373 1483 1557 Er seye em man, habe sich gagen eines pesch
624 1470 1500 1603 müssen erwerren und dieselb indergemacdt
622 1554 1496 1682 sy Vf dem platz geblibet, Will dessen and it
618 1628 1488 1779 gestendig syn, sund Verswridt eß also lso aute
596 1729 1498 1832 uf ein zyt vor dem Homptman Stockhalbe
600 1803 1482 1907 zn Walliß, inne einer vbellen ancklagen, das
614 1884 1476 1987 er uber ihnne daß wedrzuckt habe, Wyl
610 1953 1473 2076 aber derselb weder orth noch endt oder einihe
610 2031 1497 2159 ursach konnen vermalden, habe derselbe sappten
599 2105 1368 2226 iren gelazet und nüth daruf gesetzt,
573 2301 1491 2447 Dat syn Wachselb frouw zu Gutig bet
594 2388 1491 2520 fr man habe dem Steffan Steiner zu Müne
1445 2450 1496 2530 ha
588 2459 1423 2589 etliche Hemli und krägen entragen und
589 2532 1479 2682 anfangs nüt daruon gulüst, wie man Imeais
581 2585 1480 2783 fürgehalten, hat er auch strackts glaugnet, mit
577 2670 1475 2844 vermällen syn frouw habe daselbst 2 krüh
580 2742 1483 2928 gnomen und sy beye und sy klage imne autten
547 2898 764 3007 unrächt.
655 3022 1492 3187 sy datbud deselbst bekhnndt, daß sy dem Verte¬
563 3068 1490 3268 maltes wirth zu Walliß byeden f l
551 3141 1469 3349 und wyn entragen, und noch nit bezadlt habend,
508 3263 1231 3457 Er aber wil mitdit hierchonwüssen.
1522 619 1587 726 1
1641 332 2615 648 alter e
1667 411 2633 712 gee vn sen
1666 492 2634 777 genttlelen e
1667 568 2650 842 im alpreisen, geschänzen worden syn, allwo acht
1641 661 2688 955 Aesen a e
1663 729 2700 999 nodt nochtliches Wyl mit 9 rossen durch ds
1634 822 2618 1089 Andtlibuch gereiset, Ist derselb hierüber auch
1632 908 2669 1180 eenstlich befragt worden, hat aber alleß glaugnet.
1621 1124 2648 1351 Snd den um der Caithel mit kenthaffes
1656 1216 2643 1408 worten und notwendiger marter die warzeit
1639 1295 2627 1510 zu bekhennen und syn hertz zurümen vermandt:
2256 1384 2623 1502 dreyen Steinen
1660 1413 2259 1570 und endtlich mit de
1646 1460 2673 1651 ufgezogen worden. Ist er doh uff synem vorgänden
1645 1556 2685 1724 Vernemen Hartnächiger wyß verharret. Actum
1763 1683 1876 1749 ac
1633 1669 2218 1817 Den 2. 1 jartii 1646.
1645 1965 2589 2131 ach dem hieuorgemalter, dietrich Trach,
1658 2098 2605 2217 fel durch synen verordneten herren exami,
1660 2157 2624 2289 natoren zum gegenwertichent hr schnlilt
1643 2234 2626 2351 Heiß Bachmanß und Herren Rudolff ine
1638 2323 2617 2442 stenbergers zum drittenmal, mit streng
1632 2390 2644 2498 Marter und ernsthafften worten exammert .
1643 2461 2410 2587 storten, hat derselb entlich bekent,
1595 2563 2581 2734 Erstlichen das er verschenen herrst zwey Roß
1640 2699 2569 2818 Uß Walliß mit imme gefärt, seh einte habe
1621 2773 2569 2883 Ime Marti Schmidt ann ein schulct zalung
1648 2836 2586 2960 wyß geben, das ander habe er von einem
1641 2919 2547 3039 Wollesentleüt dieselben gan Zürich
1653 2999 2401 3128 gfürt, vnnd einer gweßen Person
1810 3073 2269 3180 zuweiteren geben.
1535 3149 2452 3313 und hme die Berichschryben uß Wallis, zum
1568 3262 2003 3388 offteren fürgehalten
1936 3349 2467 3493 abmit wider geben
2641 83 2741 179 31
