3024 4032
570 285 1525 599 ee e en d
623 406 1434 629 röck und ein wulhembli gestolen, die
544 495 1506 717 Umb 30 b verkoufftn und deß gäldt thülen
614 587 1436 858 Vdt Auch ene Sansh
644 727 1507 930 syn 3 röck 3 pfundt flacht und lett
1438 770 1531 868 ab
652 799 1518 1006 entwandt und diesölk einer umb wüssen
629 872 1397 1049 Krameren umb fr b verkoufft.
575 1000 1523 1214 Zuo galnacht, einem buwren der sy deit
642 1079 1513 1287 beherberget, ein scwartzen rockt gnoge
645 1161 1307 1317 sy an irem lyb vershlißsen.
628 1254 1502 1482 un Walberzwyl auß eines hindersn stuben
592 1380 967 1520 paru
609 1523 1497 1666 zuo Mendammes uß eines tichtrucken
639 1591 1123 1712 ein leib broht tc
618 1688 1499 1833 Ib kurtzers uß einer stuben ein sypet
586 1782 1527 1910 und zuo gümmenen umb 11 batzen vrkorfte
596 1880 1510 2037 Jaco Mauß by 2 Husers 2 bembli die
622 1980 907 2087 sy behalten.
580 2055 1527 2210 uo riedt uß eines hinderen stuben ein sn
1472 2132 1503 2185 A
923 2154 987 2204 11
585 2147 1543 2287 unnd einer latterl frouw umb 11b uraten
580 2257 1537 2441 Vnder Solothurn habe sy ein tromlden Mad
594 2353 1518 2509 frsun zuo ahpaner ghane. Des man haben
614 2417 1528 2579 ein spycher ufbrochen 2 röck und 4 l
598 2503 1511 2663 daruß gnommen. Dieselben gan Solothue trae
611 2571 1530 2745 verkoufft und ire 9 f 1ubatzen und
616 2657 1525 2835 ein halben batzen. Brohd zuo irem theil zue
618 2795 857 2905 gebracht.
578 2879 1517 3074 Do müllere an einer kilbi sye sy zu zwy
608 2922 1532 3134 frömbden buben kommen, die derselbt zm get
597 2983 1520 3231 uß einem huß uß dem trog vor dem but
594 3079 1520 3281 daran der schlüßel ysin und daß gäldt ein m
589 3123 1525 3403 pue att elter bt e
602 3276 1238 3449 gäldt mit einanderen getheilt,
1619 294 2580 626 nen nde
1632 390 2588 693 een de
1588 424 2599 782 aae e
1619 673 1938 835 onder heit
1603 697 2561 987 sen ge
1625 762 2549 1058 een le mt
1621 822 2586 1103 ein kleinen buben als zu kindt mit sich führet und
1626 919 2557 1166 ur dieberen abrichtet, vnd meiten theils Inn die
1615 1016 2556 1276 schn schickt und zum fänstes hinein stast, uß einer
1631 1078 2586 1299 mnners stuben ein halben maß genommen und ein
1610 1119 2656 1378 �rbli voll eyns, die kyer habe die frauw verkaufft
1620 1219 2567 1452 de seldih at indes gesen
1615 1356 2620 1577 und daselbt nit dises hilh uß einem fälles ein käst
1621 1466 2604 1646 ertzuikt und dem kramer zuo Schwartzenburg
1618 1613 1816 1724 verkoufft.
1579 1660 2595 1836 Ws einem anderen källes ein Lnctenballen, die
1616 1773 2060 1898 sy mit einanderen gesen.
1613 1856 2661 1997 Mithilt diser frouwen und Buben Im Sibental
1622 1985 2619 2110 ein gippen und ein zembli entragen, daruon
1609 2056 2011 2158 fra h batzen worden.
1603 2265 2569 2486 Beßes nnes haben sy 2 lynlichen gnommen,
1616 2384 2081 2520 und mit einanderen theilt,
1619 2586 2578 2779 Aber habe disere frouw ein halben faß gnomen,
1614 2657 2163 2822 dach nitennder gesoßlen.
1605 2729 2684 3050 ersfae e nder
1611 2863 2602 3101 verkoufft umb 6 batzen und dargagen brodt
1625 2960 2002 3094 umb gebauft habe.
1606 3010 2687 3360 aene aen
1626 3201 1958 3340 diß galt shelt
1616 3117 2638 3455 verne
2616 45 2685 145 4
