3024 4032
854 583 1695 884 dien ettent s een
859 710 1671 941 neyner Wolgeehrten Loneern Rahltheren
756 756 1708 1038 din nteg
832 845 1688 1089 veete ren
831 899 1591 1157 en nd eee
1034 1068 1286 1210 Rrtlis
954 1313 1563 1491 Fristen Käsenman.
814 1453 1697 1650 Cristen Tlösenman, ubein schwarlan
817 1554 1671 1713 so erst diser tagen von Münsigen alderge
799 1614 1695 1772 bracht worden. Wil keine unthadten bekhennen
817 1690 1666 1834 sagt habe sich nacher gennath begeben wöllen.
786 1763 1678 1915 syn aber dorten gefencklich angenomen und
800 1843 1692 2011 mit synem wyb mit deren er den kiedhgeg
782 1920 1684 2061 zur Fryburge in schtlandt verzüget, alder
784 2009 1676 2119 gefürdt worden. Vnndt, wolen man zur
779 2079 1672 2205 daß er ein boser bub und verdächtige persch
790 2152 1679 2287 syn, ouch schon zuo Solothuen gefangen genten
776 2233 1663 2363 fürgehalten, will er doch deßen nit getendig
775 2317 1656 2440 syz. ußgenommen, daß er von den Bädelli
778 2392 1669 2530 daselbsten syn gefunden, aber alßbaldt wideunb
754 2465 1671 2608 ledig gelaßen worden. Rey gleideß bekend
771 2564 1537 2712 syn wyb. Maria Fasera genant,
732 2642 1648 2817 Den 14. augusti ao 1647 ist erkendsen
742 2720 1639 2892 Ehefryb mit deben Lid. von Statt vnd lans
1290 2787 1674 2898 It erisege
1043 2838 1497 2966 Cihel N19ß
891 2902 1376 3049 soll unß heiser Schmid.
709 3000 1690 3185 is jumger dorh gantz verdächtiges ler bus
739 3072 1697 3279 von Riechtenegg uem Brydgönnt, dise
755 3140 1688 3368 ist eid mitsampt synem wyb Catryna Hugen
732 3198 1670 3421 und den binden ebgesagter persohnen uorkunhen
754 3286 1609 3534 alhas gerencklich gebracht worden, und
2859 393 2971 475 92.
1928 507 2778 663 obwolen man ime ouch vorgedalten, daß
1928 573 2932 740 böser bub syn, wie auß dem beschinnen, daß da
1932 636 2920 786 man inne kontzen wöllen, er sich gantz unpärtige
1935 703 2932 863 gestelt sich wehren wöllen und fhröüwworte
1931 758 2944 925 außgegoßen, hat er doch deßen nit wellen bekhandt.
1937 834 2874 1004 hid syn, allein hat er gesagt, die jenigen die
1918 907 2873 1046 znnn gefang, habind sehr große seilig gedapt,
1931 978 2938 1091 mit denen sy inne binden wöllen, dahab er sich
1916 1025 2935 1192 etlichermaßen gewerdt und gebätten, daß sy klein
1917 1118 2859 1233 nere nemen söllind, dan die großen zuen die
1918 1190 2970 1323 hutth zerscheyde etc. Diser ist vershinnen meyens
1926 1253 2954 1380 auch dan altier gefangen gewesen, aber mit einen
1931 1324 2879 1433 tarken und guotten mahnung zurarbeidt
2551 1386 2875 1517 sagt zwahr
1922 1401 2545 1541 in syn heimath gewisen worden.
1924 1481 2916 1613 ye dorten gsein, habe aber syn frouw nit by sich
1912 1557 2907 1669 gezapt, darumb er sich widerumb in diß landt
1915 1628 2881 1738 begeben und dieselbe abholen wellen. Syn
1916 1696 2911 1812 aber wie obanzogen ergriffen und alzar gefündt
1908 1771 2905 1873 worden. und als man ire krätzen geöfnet
1891 1847 2863 1971 und ein gwüßen schyn auf den ersid brrüffte
1925 1921 2845 2042 anden wollen. Hau man by ohngefahr 2.
1901 1986 2892 2107 Allen kinz von zweyenstücken gefunden, so
1892 2056 2981 2174 Peter küpfer un färber vor wenig zeits ab synes
1894 2126 2952 2247 Bleicken verlohren, wie dan auf dem eintenstückli
1910 2211 2912 2340 nod syn namen getanden, beellend sich, alß syn
1906 2273 2963 2392 frouw und er außreden, habind solcheß zuo Birge
1919 2351 2972 2494 dorff erkhaufft die fromw sagt, daß kleiner stückli
1918 2431 2897 2577 o by ohngefahr Ell ist syn fra von gwüßer
1909 2494 2963 2642 persohn, hrem kindli zur einem hembdli verhadt
1904 2590 2940 2735 worden, daß ander habind sy wie vor anzogen, zuo
1887 2658 2928 2828 Burgdorff erkhonfft Den 14 ausstan 1647
1912 2730 2986 2883 auht seiner fr Cathrin zugerin mit dem
1894 2784 2941 2960 yd von staff und land vegise worden.
2042 2897 2797 3039 Sorss2ei2 ditirey
1871 2993 2976 3205 Cristeo Fierren, von Magnenat Meylandes
1905 3107 2970 3286 gebietß, so von Bolohonen altar gebracht worden,
1912 3178 2929 3390 sagt syn shon hiewor zuo thun gefangen gewesen,
1898 3260 2896 3442 auch gemactenet worden und daß nur wegen
