3024 4032
631 302 1491 613 dus gelae
743 440 1466 690 lleae
750 507 1463 740 hend echalg de s
719 687 1522 963 de ze endes
672 809 1504 1009 Matyß von Mempelgartz zuen tarte
718 887 1509 1084 wachsene buben von ohngefahr 0
730 946 1531 1154 undt vhon beidt einmal alsie gefangen gs
724 1021 1341 1172 aber keine Vntatte bekhennen,
666 1133 1525 1334 Bierin Ciliar ein wolbekleit be
769 1257 1520 1406 maldet, syn Brid so zur Leitingen ui
712 1309 1510 1474 furner wirt diene hab ihne also befliden
656 1378 1515 1539 Jaguess Grenin von Behort G
658 1473 1529 1623 Sprerre Nening, von Brunnerkeu
668 1557 1514 1701 Zür sylygendt dem almusen nachgangen
689 1645 1517 1784 huben so alters halb nit beschriben word hee
695 1727 1531 1854 gmeintlich 14 15 biß im 160 jahr ause
683 1801 1528 1944 der klennste und lette so etwas jang sn
683 1881 1522 2014 zeigen aun, daß leidige griegswasen, hab
660 1943 1523 2051 W ihrem vatterlandt verragt, und wele
689 2013 1535 2152 gantz nit geständig syn, daß sy de Buren
686 2098 1247 2235 habindt fendr ynzuleggen.
673 2249 1528 2421 Alßbeth Braches von Manßmunsen
679 2358 1518 2481 maldet, man habe syn uff der fürs cneltsch
681 2424 1521 2571 gefangen gnot, sy habe sich wor dreyen joh
637 2477 1517 2646 verehelichet ir Irrann sye aber vor ohngfü
644 2525 1538 2730 wochen zkrieg zogl, und sy dem Allenschanen
638 2689 1520 2853 vo Viso von Brunkrut Vermnalt
658 2761 1524 2948 habe sy zuo Goppingen, als sy dem tlausen
680 2822 1523 3026 lange, gegangen genomen, dise is shon mie
662 2892 1514 3068 aldie ii bandt gyt, uff die Grantzogf
641 2978 1516 3144 und mit einer schur nach hennat genß
623 3079 1502 3286 Adum D. t. Mag. ao 16 t
1677 225 2514 543 aer hen
1686 332 2680 654 eehte
1606 430 2621 772 e
1640 472 2655 823 en ne
1636 650 2367 879 een de shere
2636 36 2738 159 39.
