3024 4032
630 308 1498 608 dn en sha
619 446 1450 663 Christen zu Mulenen 4 krägen
653 564 1480 757 vnnd dem Steffen pteiner daßelbt
609 627 1507 854 mannß unnd 3 wyberheili entfrinde
577 768 1481 979 dem wirt zu Niderwangen, habe er ein
601 859 1495 1044 Wallen Lymoß luch gestolen und dasels
622 945 1202 1109 nach unnd nach verbrucht.
607 1106 1494 1345 droben zu dießbach, vß einem Buen
613 1261 1491 1439 huß by er Sagi habe er ein Sigel
629 1395 802 1454 nomen,
634 1547 1485 1746 for Ungnar 2 haren habe er dem sti
618 1695 1479 1822 halter zu Kalnach, nachts einen wysen
629 1780 1496 1910 Ahmmel vß dem Stall genomen, vnnd
623 1860 1498 2001 deaselben mit einem Müller zu Wädih
640 1935 1342 2074 Wyl im Zürich ziet verhandlet,
615 2163 1497 2319 Vernerst zabindt er gefangne und sehn
605 2271 1500 2423 denn Er wider alle gepür darzu Angeisen
592 2364 1500 2481 Vor etwas jaren im angedgn, ab einer
646 2448 1493 2573 1. Roß gestolen, alß sy aber darmit und
585 2499 1509 2642 Über den Bärg zum ettschlanckt kommen sc
615 2588 1478 2729 man sy darob erdappet, Inen die Roh
601 2657 1497 2827 wider abgeragt, vnnd seye der Zun darten
611 2717 1495 2931 hinergriffen, vnd hingerichtet worden,
559 2838 1444 2998 Vatter aber habe sich daruon gemacht,
1003 3032 1136 3122 aber.
767 3046 904 3161 d
534 3026 1443 3239 tlichen Albman, mit allem Ernst
590 3122 1441 3332 wüßen wellen, wo er doch mit feül
584 3203 1427 3450 gelt ach er jederwylen by sich ghart
1608 216 2592 571 ae
1601 331 2568 654 nden eenen
1622 483 2518 795 e
1607 514 2629 874 n
1604 622 2648 948 gnshenad
1622 697 2624 1040 elasend
1608 806 2595 1097 e den schand
1613 882 2613 1200 eeben
1618 980 2624 1264 oner widerkanfft ein gwüste frauw Nach Fraß
1616 1093 2558 1343 geschikt, das sy solle zu ime hun dz
1580 1170 2624 1425 Hotzhinußkommen, habe sy ime by den 400 ge
1601 1293 2567 1510 Ien guten sannen zr vnd Silbert vberant,
1606 1376 2587 1604 wortet, vnnd vemelet sy habe solches dem Am¬
1607 1482 2568 1658 man genomen, das seye nun dißgelt, so er
1602 1559 2557 1777 fi und wider können spieglen, und darmit
1607 1727 1927 1868 gut gschirmachlen.
1571 1957 2550 2128 eitlichen bekent eouch, das fr zun syner zu
1620 2071 2577 2217 gendt, sowol ledigerwyß, alß das er hun der
1614 2170 2575 2321 she geweßen mit dureren und ehe¬
1623 2257 2556 2382 beuch, wie ouch fluchen vnnd schwegen, wider
1544 2311 2506 2472 die doche Maestet sich leider vilmalen
1619 2417 2579 2592 dnerlich votiefft vnnd Ggeben, diß, vnd
1612 2492 2496 2665 anders, ß vnnd anders seye zum aber
1609 2603 2541 2793 alleß vonn grundt synes derhenß leidt.
2251 2849 2384 3013 ff
2575 6 2685 107 34
