3024 4032
568 379 1538 608 Leüni gleger, dem sy ein zubfarfe darsbann sene
586 463 1520 652 3 bg muntz auß den nasentnawen großen
542 581 1533 834 Will samt keines anderen unthadten und desi
593 707 1534 888 erkhandtlich syn, sunder habe sid sidt dem das
550 771 1527 951 vonn deß Kriegß wegen zu Belinat verlasten
605 829 1514 1001 mußen, oderwylen mit dienen und arbenten
606 915 815 1009 erhalten.
606 996 1505 1161 I Ertlid kär, darnach mit dem keinen
599 1077 1153 1204 stein aufzogen worden.
704 1813 1431 2031 ii aise
2705 192 2774 282 53
