3024 4032
545 2680 640 2804 X
894 673 1523 858 Pleter Schmids.
747 931 1647 1136 Den 21. und 22. julii 1647 in by
740 980 1664 1204 und gegenwürtigkeit, der ehermnsen
738 1051 1646 1249 Herren Crodor Morlot, deß Rathe
749 1128 1647 1320 Ha Uerich Kunzinß und hr. Hanß
729 1204 1672 1353 Rodolpb Leebers, der Burgeren, auch
735 1266 1669 1427 Hen Großweibel Wurstenberger
744 1347 1668 1491 Hatt vorgemelber Pleter schmid von
760 1417 1678 1574 und nach der Marter, Nachvolgens
738 1488 1683 1641 Wybere diebstäl, Vßert deß Nachriche
769 1563 1677 1730 entfürten pferds, bekent und stähen
745 1679 1681 1840 amlichen daß vor ohngfahr 4 er
797 1787 1675 1899 ein schwacher der schmid zur Ueih
767 1861 1678 1953 ime ein chwartzen münch und ein
761 1923 1681 2044 Rev: Kote stuchen Zeuerkauffen Vbr¬
760 1997 1656 2093 geben habe, mit welchen er in daß
757 2057 1666 2178 Weltschland gefahren und zuo Cosone
755 2135 1696 2269 Den mund mit einem gewüßen
789 2207 1689 2328 man, gegen einem ander rotenshalb
763 2285 1686 2400 olinden münch verthuschet, der zur
776 2358 1683 2516 240 Aldiern nachgelt versprochen, das
774 2435 1672 2608 sye also die ursach, daß er ein keiß
754 2508 1698 2657 In daß Weltschland imme fürgewnen
744 2557 1685 2729 Und wider ein gespgnen antreffen
776 2623 1692 2803 der sich Hanß Namsen heingeser
718 2703 1691 2902 rothbrynen Bart dreyburgerischl
749 2775 1706 2976 gkleit, habe hiende zur Pstätterlingensm
726 2835 1699 3075 Itarthuß alß einstalknecht gedient
738 2938 1706 3164 konne thütsch und weltsch mit dese
751 3002 1691 3234 Bilff er die zwey zur Brünen anfe
767 3056 1707 3322 bundene und im gstrüp verborgentch
791 3158 1674 3409 entführt, sy daselbsten angebunden
736 3229 1661 3488 und sy in daß weltschland füßren
736 3301 1680 3577 und verkauffen wollen, die ihnen
765 3383 1615 3652 aber dies lt hanten ehel
700 3450 1631 3773 bendt se e e
735 3504 1659 3845 be e
919 3775 1260 3956 1. Schmell
2824 579 2939 686 76.
1813 735 2851 914 küffenacht, uß einer weidgenommen
1807 798 2871 981 Daß füle aber teige sein gsoan, by nider
1824 841 2888 1024 Lindach uß einer weidentführt, welches
1832 912 2927 1074 Hanß Bruntman widerum zuo Brünnen
1824 1044 2064 1156 abgeholt.
1770 1051 2789 1230 Drnne habe er vor ohngfahr zweyen
1827 1114 2792 1289 jahren eint hilff gemelten ghpandff
1783 1158 2921 1359 Dem nberg uß einer weid ein fühli
1799 1228 2821 1390 vndentfreundet, welches er allhar
1793 1281 2848 1444 An die gtatt geführt und in deß vand
1804 1331 2849 1511 fürers stall gestelt. Worderiht sye imme
1809 1401 2887 1591 solches uß dem stall, in synem abwaßen
1821 1470 2874 1620 entrunnen und wie man imme gesagt
1789 1529 2833 1688 widerum zuo Ruck nacher Arbera
1807 1592 2867 1776 geloffen, vmb welche gegne eshinge¬
1817 1727 2080 1839 hört habe.
1803 1783 2832 1936 Werners habe er in derzeit alß er inn
1805 1856 2841 1999 wunten in kriagswesen gedient, mit
1813 1926 2932 2058 Peter Wolffen von Banen, zwey feiße
1814 1987 2944 2118 Schaff ab einem Berg entwenden helffen
1805 2066 2923 2204 welche sy dem margitenter zugebracht
1809 2140 2529 2271 und by imme wergert haben.
1799 2249 2902 2368 Item verndrigen krrpsts bym brauwen
1801 2339 2848 2454 Holtz habe er ein Rred feitbes eschwyn
1802 2398 2955 2526 welches deß hrn vogts zuo frauwenbenne
1821 2463 2958 2586 oder synes Hußmanß gewoßen, entfrändet
1819 2524 2886 2651 in syner hußhaltung gemehzget und
1832 2623 2134 2723 verbrucht.
1820 2679 2934 2819 In der zeit alß er uff deß Herren schützen
1834 2754 2915 2880 meister Wytenbachs Bërg gewont, habe
1840 2809 2923 2902 er ein bock, der alzeit füo synen khüyen
1832 2872 2898 2997 kommen, in den staffel geführt, gmetzget
1844 2962 2184 3056 und gnoßen.
1848 3045 2917 3169 zuo Yfferten, alß er daselbsten vff ein
1831 3115 2959 3238 zeit gedienet, sye er morgens in der tchür
1858 3189 2890 3291 unß thein kommen und einviel gehalten
1848 3253 2920 3360 Indem er ain clschwyn gefunden
1861 3327 2999 3408 welches er mit dem viel er thod geworffen
1850 3393 2479 3504 und im mist vergrabt.
1880 3509 2866 3665 Ist Inn das Schallenwerk erkent, biß man
1880 3617 2924 3735 jnne mit anderen des11. diß ist er mit
1881 3691 2930 3765 Rutag ußgeschmeist bezeichnet und mit dem eydt von
1870 3746 2739 3822 statt und landt verwißen worden.
