3024 4032
463 374 1503 632 Quo Meßen 2 Hunes unnd umb 5. hat
559 425 1199 637 Vnd 3. Ruutes Verkuigt
594 575 1486 795 Anenhis zur Balm vor einem buß, ein
600 677 1510 894 alte kägissen genommen und umb 3 batth
567 748 829 868 Verkoufft.
617 835 1489 1088 Oso habe sy undenthalb Bipp, etliche uß
591 959 1466 1141 ländishe meitlin antroffen, dene sy zre
587 1031 1452 1187 getolne sachen gan Balstal holffte tragen,
592 1101 1461 1285 alwo sy es verkoufft und imme d batzen
573 1193 853 1289 zelon gäben.
531 1331 1515 1490 Zuo Balstall uß einem huß ein füßlpfanre
564 1401 1511 1576 entzuckt und umb 5 batzen widrumb wagen
583 1509 711 1581 geben.
539 1570 1498 1726 Zus Adißwyl zum Lönngen im Gwartzen
542 1669 1177 1805 oct, dan sy selbes getragen.
514 1819 1499 1947 6 Adtißwyl abes ein fürßlipfanne, Vnd zu
554 1904 1387 2021 Oerdorif umb 5 battzen verkouffte
551 2002 1515 2153 Zuo. Oberdorff ein Breidten hundt enthwat
535 2115 1500 2231 und daheim umb 10 batzen widrumb wegge
583 2202 732 2287 gäben.
531 2259 1514 2415 zur uß uß einem Bunrenhuß ein mahe
556 2346 1498 2502 zumme ranthn, darumb ira dr wirth zu
559 2425 1515 2569 Treidten ein halben leib Broth ein haltent
524 2510 1172 2650 wyn und 3 batzen gäben.
518 2616 1516 2822 Zno fräßeltz ein zimine Blate entfräet
521 2687 1504 2857 und dem Pfister zuo Bersertz verkoufft, des
537 2757 1523 2967 Grafunf batzen und umb i botten grodt den
559 2942 712 3027 gabe.
478 2925 1497 3159 Zur Murte, habesyn, vnd das vorgeteibe
544 2996 1497 3228 mitlin, so zuo Sollthur gerichtet worden, en
553 3045 1497 3334 a e
562 3124 1496 3366 frouwen widrumb verkaufft umb 15 bab
513 3284 1067 3470 und daß gältcheil
1634 284 2673 578 Nawenburg selb dridt widrumb ein aappen nemen
1575 330 2650 676 enggen
1570 470 2654 811 ten e e
1623 766 1770 848 geou.
1654 669 2721 909 Schünfen eintbig auß einem hauß, so imn eines watten.
1616 756 2597 1017 uinderstänte uß dr näbenttuber ein schwartzen
1604 896 2116 1109 gste ede
1594 1015 2569 1285 Im remnthal zur Bürenolt mit bilheineß
1605 1117 2659 1348 manß und frouwen 2 leib groß auß einem käller
1613 1329 1753 1419 gnomen.
1602 1293 2611 1490 Suetst auß dem Wirthshuß eintzig ein Rynlachen
1600 1373 2626 1564 u den böten ein biel und ein zun entfrömbdet.
1588 1445 2652 1632 daß zun umb 2 batzen, daß Biel umb 10 reütz.
1614 1586 1793 1687 verkoufft.
1595 1677 2604 1845 Im Schweickhas, selb ander, einem Bunoren Aß dr
1608 1764 2646 1898 näbenttuben, 2. Hußkuchin röck und ein sembl
1615 1851 2688 1958 getohen, die Rock zuo Burgdorff umb 30 batten.
1600 1937 1808 2045 verkoufft.
1591 2056 1892 2156 im Brauwen,
1574 2163 2599 2319 Er Wendoce in der ambleten, selbs fünfft ein
1598 2256 2596 2378 Wyß par Wullzok mit köntsvon strumpfen
1608 2325 2684 2478 us eines nabentstuben entzuckt, zuo Vfendorff umb
1614 2398 2428 2530 ein conr verkoufft und daß gäldt theilt
1595 2533 2621 2695 vo Wölenrnti selbs dridt uß einem obergaden
1618 2611 2609 2780 12. Röct, vnd i. Gippen sie abes dem Bunorer
1619 2677 2040 2802 wider umb worden.
1607 2748 2632 2979 zu Betzenwyl uß deß sattlerß huß, habe sy selb
1620 2886 2613 3048 ander ein violbruner rock gnommen und umb
1605 2916 2042 3086 36 baten verkauffn.
1614 3043 2675 3333 Im almenthal inn d Bibnith mit hilf deß zuo
1624 3148 2606 3422 Sclosfurg hingerichten meitlinß 2 schwartz röck
1637 3205 2739 3514 Hd Stuben genomen und die mit einanderen getribt,
1620 3265 2671 3623 venen entie
2642 64 2738 159 48
