3024 4032
901 346 1124 502 sin it
690 416 1487 675 ie enesihe
581 478 1467 762 n den ie echbn
558 580 1498 837 Zuo Auhse, gefenckich aher geschrkt, vndtßhege¬
590 650 1500 911 des en igen slhe e
586 727 1488 961 s sercen schaybers oerrknat und zr Großet
602 862 1502 1061 o wohl peglich, also ersteertig exammet word
708 976 1505 1234 vaß Re dn Schtlse
788 1076 1103 1211 Wie volget.
541 1187 1487 1361 Erstlich habe er uff wyber Jarhoßle lndver
554 1281 1506 1473 eraachteg ein ehreneg hefag entfröndet, dase
552 1367 1485 1567 zu Brintz sm wittshel tab shahen
557 1497 1496 1677 Daselbst habe er noch 3 alt eegeßen und rs
572 1562 1482 1716 genhmen, seye aber barob ergriffen worden.
557 1647 1501 1832 und der Golderen am haßle berg aberi ern
529 1738 1485 1883 efer genommen unnd denselben zu wnderseiten
535 1821 1495 1967 dsem Ereiner Niggli verkauffte umb 3 lb midi die
562 1929 1505 2093 erschinen Martin zuo Hochflur ein buchser entste
580 2033 1472 2189 sigselbe zu Lsche umb 3 f diesen ekaffen
532 2138 1499 2267 Dem weibel zue Asche auch ein buchsen genommen, waß
584 2218 1488 2346 umb schaff vrtüschet, die buhsen aber seye deren
567 2307 1486 2416 Weibel unnd dem anderen die schaaff umen worden
538 2395 1498 2555 Syttzers jyne dem weibell 3 oder 4 Elene Klaten
559 2495 1493 2641 uns ein kanltlig genommen, darus geleßt 16 bspe
574 2583 1347 2724 ein kei darußamh geloßt 15 bz.
558 2672 1476 2829 Zuo Wyßenburg abe er i ehrenen hefen ehl
537 2773 1502 2947 Jung bltt den und in klßin entfraubdet, syen
558 2847 1486 2993 darob ergriffen worden und gan wanns gefürt
576 2935 1483 3073 seye aber uß der gefangenschafft gerißen, wylen
575 3045 1042 3168 sie thur offen stunde,
572 3050 1514 3277 dr ungeferd 2 jannn zu Rebingi ysin keteli gne
569 3167 1501 3368 habe es aber nit können vkanffen, weye uff den kih
566 3243 1500 3429 alhie ergriffen unnd stracks ins Schallenwer
569 3382 940 3509 gesört worden.
330 3361 1491 3625 Diser ist erstlich lar unnd demnach mit dem kleinnstein
559 3399 1499 3659 ordin Der febri 646 und vo mh
532 3526 1242 3754 geh
352 3618 516 3741 uf
1787 204 2442 439 i i r achl
1749 296 2488 544 d ih eseletauh
1609 484 2666 746 Er hele beacheitel im helb zuo Seewyl unamorvermun zer
1665 574 2579 783 ankerlalen uß seinem huß genommen und ein weingorfel.
1628 685 2680 934 Duß Jager Zuo Wurtzwyl seye wrachts in deß kich
1645 827 2252 1008 eendeu g lab beh gete
1626 906 2658 1098 Vmn daßer Bedicht Stänpfli nachs in sinhus
1633 1019 2569 1209 gestigen, seye aber geschend daruns eagt worden.
1640 1134 2730 1315 E. Dapuos Lehoman habe er ein ysene zingen unnd zims kong
1648 1220 2695 1381 gnomme, seye imme aber In syrentz im hofs mül ander
1680 1326 2461 1437 dig das korg, widerum abgenommen worden.
1588 1415 2626 1595 darkkent er mit und ohne marter, er habe bendicht
1592 1535 2207 1680 Bermag ein alt par schno genommen,
1626 1642 2284 1831 Vm Mihal hofer einklein kesel.
1642 1787 2726 1925 Benicht weibel zuo Seewyl abe er ein anechen ballen
1648 1885 2104 1995 unnd 2 leib broht genommen,
1644 1978 2608 2143 Item deß anns simuß hem hosen sack, haber
1654 2080 1919 2198 b grsomen
1630 2201 2746 2366 Ic habe er auch dem Stampfli 3 mes forn entzeockt wie
1663 2301 2466 2433 auch dem prredicantan einpflegel uß dem tenn.
1603 2337 2543 2535 Desgleichen sein gefangnen bruder ein ysin gebeln,
1613 2498 2411 2639 Dem darß Augg 4 leib brot genommen,
1647 2594 2717 2753 Zuo Dießbach uß der muli ein weig mahl so nur 45 lb
1665 2678 1899 2810 broht gebran.
1638 2747 2679 2904 Zuo Bachsi des weibels rehenmag im reiti zeil
1671 2844 2686 2972 enteent, vnnd zuo Iegestorff vmb 10 b. verkanfft,
1675 2932 2661 3050 Au Sariswyl im Bergn dem schmd sichel z leib
1692 2988 2702 3122 dracht unnd dem Petne Vielans von Schupfen auch 2 vil
1685 3087 1985 3197 broht genommen,
1640 3131 2531 3291 Dem kuffer von affoltren 2 mis konm
2602 48 2731 160 29.
