3024 4032
648 376 1392 618 Wichgrt s
714 499 1419 740 v erach  e
751 730 1503 1054 Dans Bicsl
623 1089 1529 1343 Llesdann gegenwirtige
583 1224 1507 1419 na Karthi sunst genampt das groß leßler
593 1329 1518 1479 Henneli voan Lomißwyl uß der Lateren
587 1400 1522 1563 Vogtey Solloturner Gebiet, welche der
584 1491 1517 1654 Weibel Lucher vonn Limpach, Vnlangestg
577 1543 1539 1704 Attingen, als ein Malesizische Perpn, von
583 1628 1522 1761 fendtlichen vorhafftung Ain Buchegkschueden
583 1716 1542 1857 Hochengrichten undg zwüschen beiden steie
583 1796 1529 1927 dern und solloturn holtend vtragen ut
593 1879 1541 2012 urteil und recht hinweg gezogen und
589 1954 1532 2083 fencklich alhar gebract . Vff mah vndter
602 2035 1511 2139 egaugnen beueld, durch den wolgeachten
586 2103 1516 2228 ehrennesten f f f und n herren fr
596 2172 1538 2270 muek Jenner, des Keinen Rachts, mirt
578 2234 1527 2360 welten landtvogt gann Lentzburg ons
574 2297 1526 2440 Mol Edlen vnsten, Ir Pabviel von d
569 2379 1525 2525 bach, deß kein geßen Rehts, zum gegen¬
568 2456 1524 2605 wirtigseit Herren Abraham Simers
1073 2525 1320 2593 und schelzigen
357 2527 1521 2707 Domalixen Großweibelß, nuwerwolten Lantt
516 2587 1516 2789 Vogtsnach Romamotier, unnd etlicher
564 2653 1528 2856 len Ir g Dieneren, schiner tager hu
568 2735 1534 2915 Strebi man alleß ernsts exammert
564 2783 1529 3019 hat dieselb mit und ohne Warter v
511 2880 1453 3136 räche und erhalten wie volgete
485 2968 1517 3232 Erstlichen wie sy befragt worden, sl
563 3069 1506 3290 Dato Ire begangenschafft gsin, Mort
594 3130 1498 3427 eee en bebn d
570 3204 1518 3468 Vor Vngnat 9. haren, sich anfangt
1693 169 2602 509 gete
1611 295 2647 666 e
1633 405 2636 716 h ehee
1613 553 2639 849 gaggel t
1618 609 2682 929 gennhe en e
1643 678 2660 971 stann, welcher aber hin7 wuchln hernach¬
1611 859 2293 1076 ege ich end
1668 898 2660 1151 mie so habe der Zeige bmanhettlich zu
1603 993 2679 1233 Zun hingerichtet, Ina vor Vnguar E harenshen
1605 1065 2681 1311 dschnuten huß zu eren rechten, ouch die ehr
1592 1175 2623 1398 Versprochen, woruf sy sich mit demselben¬
1618 1236 2710 1474 fleischlich vergang, Er habe sye aber alsbault
1639 1325 2732 1526 nder vlaßen, vnd wie sy mit bederen ver¬
1617 1423 2735 1578 nomen, siderhar ann Ire Schwester Barbli ge¬
1619 1532 2701 1685 henkt und sich mit derselben fleischlichen v
1614 1611 2681 1755 vertrapt, ob ira aber domalen sölches bekantohie,
1626 1713 2060 1847 mogt sy nit wüsen
1611 1862 2606 2024 Wybers vor Vngenar 4 haren, habe sy
1594 1978 2630 2102 Ulli Falber denn glaßer vonn Langnouw
1606 2055 2671 2190 der letstlichen alhie am Zulßyßen gestandenn
1627 2127 2706 2277 angetroffen, zu demselben kundtame gmacht,
1630 2217 2682 2360 ge aber nit vil by hme gewönt, biß erst sicht
1613 2290 2645 2436 verschinen Martins tag ein jar, da sy dann
1629 2363 2663 2530 silswar statts zun  n Hurswyß mmnt hir
1618 2441 2665 2615 leider Vmbher gezogen, Vngeacht das sy wol
1624 2513 2667 2708 gwüßt, das er verehlichet sye und syner frn
1611 2579 2727 2816 Almaten abtretten unden. Jedoch seye der
1643 2702 2672 2890 elb nachgeschribner, durch sya begangner dieb¬
1634 2751 2671 2994 talen nit teilhafftig worden,sinder sy habe
1618 2824 2530 3072 dieselben schon zuvuor verbracht ghan¬
2607 19 2730 127 45.
