3024 4032
593 274 1496 543 Hars Larhnen Caile
585 408 1454 602 genmater uß alem Elstaß und
586 487 1488 690 Hanß Hug us dem Beysgöüw.
608 572 1500 831 Bbauelh hr gf. sind durch mynen sogen
598 704 1496 909 ten h rahtheeren Bitinn s d
593 796 1497 1004 Ihm koff und sr Großweibel Sinm
601 885 1470 1050 Dise 3 bubenso man von Münsingen
600 961 1481 1129 nacher gefencklich alhar gfurt, vber dem
585 1059 1510 1236 diebstal so zu sütling beschehen, frnst
590 1151 1442 1297 und mit einfalter examiniert worden,
592 1219 1479 1373 Abend aber nitzit bekennen wollen, das
610 1318 1472 1464 sy weder darzu geholten, noch darby Ihm
620 1401 1475 1541 sy kemmnlt ouch die Jeing so den dic¬
640 1517 1207 1644 val begangen, gantz nit.
519 1643 1472 1808 Allein hat Langenmatter bekent, das
608 1762 1503 1899 er zienor im Buggesperg, ein halben lih
620 1837 1513 1985 vnnd vff dem Lengenberg 2 Leibende
609 1932 1287 2064 vß einem Offen gnomen.
549 2094 1488 2241 Den 29. octobris 1645 ist der landtman
575 2171 1477 2304 und ug, mit einer guten Censur led¬
637 2249 1486 2428 gelaßen, vnd durch die Proffoßen vff di
622 2351 1205 2503 Grentzen gefürt worden.
1508 1048 1619 1124 worden.
1506 1150 1653 1260 uff besche¬
1512 1228 1636 1304 en anzi
1516 2288 1671 2377 so hah hi
1515 2339 1680 2430 Gallenwerd
1523 2403 1621 2476 jusol.
2638 212 2744 296 20.
1657 298 2577 523 Hauß Langenmatter.
1644 428 2644 641 Nach dem derselb, mit Hieuorgeschrib¬
1684 486 2722 707 nen synen zweyen gespanen, vber beschechne
1672 591 2704 773 examination, hat sollen ledig gelaßen werden,
1674 657 2661 848 hat der Schallen Proffos Inne gekent, das
1688 758 2746 939 Sr schonn zieuor einmal vonn Schwarzenburg,
1672 844 2625 1013 ca andermal von Chuu Nacher, hun da
1702 941 2679 1086 Sehallenwerk geschickt und letstlichen da-
1713 1021 2743 1186 selbst ußgebrochen, Deßwegen in g zuf
1678 1108 2648 1250 mynem hocheren in herren rahtsherren
1697 1196 2709 1360 hellenberg beuolchen, Inne Vner Zeepam¬
1692 1269 2674 1419 mineren, das den znn bysyn hr. Nielauß
1686 1372 2708 1507 Willadings hr Groweibel Sinners etc.
1684 1448 2676 1596 Den 29. octombris beppechen und hat der selb mit
1685 1537 2645 1675 und ann der Marter bekent, wie volget.
1674 1676 2647 1837 Erstlichen bekent Er wie hieuor) das er vff
1709 1773 2667 1896 ein zyb zmn Buggisrerg, zum fenster uß
1701 1857 2682 1982 einhalben käßi vnnd vff dem rengen,
1701 1922 2639 2059 barg vß einem offen, 2. teiben Brot
1687 2050 1942 2143 genomen
1674 2116 2663 2238 denne vor vngenar 2 Jaren, seye Er mit
1703 2200 2653 2331 hilf zweyer syner Gespanen deren der
1714 2274 2664 2394 einte sich Hanßli geder ander Fridli gnamstet
1708 2347 2641 2484 zu Ringlißwryl nit nüt sonn sigriß
1717 2416 2634 2532 wyl, Nachtß Iun ein Keller brochen, vnnd
1711 2493 2278 2630 darus ein Käß entwent,
1693 2590 2647 2721 by Vnderserwen, mit hilf obstadt, haben
1712 2687 2646 2824 sy mit einem Meßer, ein koch hnn die sin
1701 2759 2608 2905 Spycer Cüren ghouwen, und daruß
1700 2845 2295 2999 Iman keßen gnomen,
1704 2944 2580 3097 aber im Guggisperg, haben er und syn
1699 3041 2580 3156 Ehrspan Hanßli mit hilf eines mannß
1693 3091 2640 3249 uß dem Niderland dem anfange ein rot
1705 3180 2522 3320 Bäntli Wachsten nachtß mit einem
