3024 4032
534 327 1550 604 Underthalb Aarauw syend sy in 2 spicher gebrochen, in dem
568 411 1472 616 einten nüt, im anderen aber ein roth bar
566 457 1566 725 5 bar schuch gefunden, daruss habind sy bey einem wirt
550 522 1128 664 zu Liechstall 3 cronen erlöst.
1416 585 1529 652 hosen unnd
545 609 1565 888 Zu Brattelen syend er unnd syn gespan abermahlen
557 681 1561 924 nachts in 2 spicher gebrochen, habind in dem einten
557 772 1569 985 auch nüt funden, uss dem anderen aber 3 wyberrock
543 816 1562 1013 8 lynlachen unnd 7 hembder entzuckt, diss alles sye
561 861 1558 1088 dem wirt zum schnabell zu Basell umb 4 cronen 18 batzen
554 938 915 1028 verkaufft worden.
522 1037 1559 1258 Von Basell sye er mit synem gesellen uff Rynfelden
540 1130 1557 1306 zugangen unnd underwägs ein ross uff der weid ange¬
519 1200 1560 1375 troffen, mit gefüert unnd dasselbig einem burger zu
539 1243 1294 1363 Lauffenburg umb 18 cronen verkaufft.
530 1395 1559 1564 Uff ein ander mahl unnd schon hievor mit hilff synes
514 1484 1558 1625 gespanen habe er zu oder by Iferdon 2 ross ab der weid
534 1525 1549 1670 entfrombdet, davon dass einte einem man zu Bleichenbach
532 1584 1560 1738 dass ander aber by Liechstall verkaufft unnd uss jederen
550 1646 1083 1756 sonderbar 36 cronen erlöst.
473 1871 1549 1977 Item dohmahlen habind sy obendthalb Liechstall
522 1965 1535 2047 ein kalben uss der weid genommen unnd dieselbe
518 2010 1507 2121 einem metzger von Basell umb 14 cronen hingeben.
472 2223 1528 2366 Im Sibendthall habind sy beid gespanen auch ein
426 2313 1529 2434 kalben uss einer weid entfüert unnd by dem wirt
501 2362 1279 2498 am Canderstäg daruss erlöst 12 cronen.
505 2593 1528 2763 Da dannen syend sy mit einanderen in Walliss gezogen
488 2696 1537 2809 daselbsten einem wirt bey den bederen 2 silberin becher
489 2750 1527 2878 endtwändt unnd den einten hn. predicanten zu Richenbach
479 2845 1518 2955 umb 5 cronen den anderen aber dem wirt zu mülinen
466 2932 900 3048 umb 4 cronen verkaufft.
1739 441 2810 653 So habe er mit hilff synes vorgedachten gspanen
1762 503 2810 696 unnd noch eines anderen, so ein pündtner, der aber
1748 592 2821 763 hernach zu Solothurn widerumb von ihme gangen, im
1771 632 2774 826 Zürich gepiet 2 ross ein stier unnd ein kalben uss
1761 699 2796 861 einer weid entfrömbdet unnd uss disen 4 stucken
1752 810 2171 936 zu Chur erlöst 50 cronen.
1730 914 2797 1100 Zu Meyenfeld habind er unnd syne gespanen uss
1754 1005 2844 1150 einem huss 8 gut thuchene röck endtzuckt, dieselben
1765 1080 2747 1198 in einem anderen stettlin ungefahr umb 20 gulden
1762 1178 1967 1266 verkaufft.
1670 1347 2837 1505 Daselbst dannen habind sy 3 sich gegen dass Tiroll
1750 1431 2765 1537 gekhert, underwegs uss einem spicher ein bar hosen
1748 1484 2812 1579 unnd 3 wyberröck endtzuck, die hosen zu Inssbruck
1740 1553 2764 1644 umb 3 cronen unnd die röck yeden umb 2 gulden wegg geben
1742 1676 2761 1808 Unfehr von Inssbruck abermahlen ein feisse kalben
1740 1772 2839 1871 endtfrömbdet unnd oberthalb Stein am Rein 15 thaler
1738 1829 1988 1918 daruss erlöst.
1714 1983 2828 2134 Abermahlen bey Stein in einem dorff oder fläcken habind
1750 2089 2807 2182 sy 3 oder 4 rüter so in Italiam gereiset angetroffen
1732 2140 2787 2245 denselben ein gesattlet pferd by nacht unnd nebell
1735 2194 2808 2321 uss dem stall genommen unnd in einem umbekandten
1736 2274 2826 2398 stettlin dem wirt zur sonnen umb 34 cronen verkaufft.
1675 2451 2771 2638 Da dannen syend sy uff Zürich, Baden unnd Brugg
1738 2550 2801 2693 mit ein anderen gangen, zwüschen Baden unnd Brugg
1731 2601 2790 2746 nachts einen spicher geöffnet uss demselben 3 bar
1735 2640 2790 2804 schuch 2 hembder und 10 lynlachen endtfrömbdet
1722 2736 2771 2886 welches sy zu Mandach dem wirt unnd sonst umb
1732 2791 2072 2901 5 1/2 cronen verkaufft.
1701 2978 2829 3250 Da wegg habind sy sich uff Aarauw unnd Soloturn
1697 3069 2773 3302 zu gemacht, underwegs im Soloturner gepiet, da
1709 3157 2712 3381 ihme dess orts namen nit bekhandt 2 feiss
1713 3216 2802 3438 kalben uss einer weid genommen unnd in burs
1712 3262 2741 3500 kleideren gan Soloturn getriben, daselbsten by
1721 3338 2487 3526 dem sternen wirt 47 cronen daruss erlöst.
2774 224 2861 332 3.
