3024 4032
336 409 1402 674 wüesten verübten thaten unnd misshandlungen
363 522 1389 740 noch mehr ins werck zusetzen, er dancke
364 591 1395 793 aber Gott, dass er einmahl hierzu kommen
351 662 1393 861 unnd bette Gott synen schöpfer erlöser
376 740 1372 923 unnd tröster, wie auch syn gnedige hoche
358 814 1394 987 oberkeit unnd demnach synen nebentmenschen
376 889 1354 1036 unnd jedermengklich, den er durch diss
1360 961 1427 1068 syn
383 948 1346 1114 schandtlich verübte böse unnd epicurische
1366 1056 1404 1113 leb¬
385 1037 1422 1191 wesen möchte beleidiget unnd geergeret haben
381 1123 1004 1235 umb gnädige verzichung.
382 1417 1424 1549 Uff sölliche syn dess vorgedachten Hanss han
385 1512 1414 1634 Hänniss begangnen hochen schweren unnd
404 1583 1399 1695 abschüwlichen misshandlungen habend
389 1662 1429 1777 hochgenambt mghrn. unnd oberen schultheiss,
388 1747 1428 1829 rhät unnd burger diser loplichen stat Bern
404 1810 1431 1911 uff ihrem eid zu recht erkent unnd gsprochen.
410 2050 1446 2169 Dass man inne dem nachrichter bevelchen
337 2116 1438 2223 der inne obenuss uff gewohnliche richstatt
415 2181 1443 2303 uff einen laden gebunden alss einen mörder
421 2239 1446 2374 unnd sonst übelthätige persohn schleyffen, syne
421 2311 1456 2482 glider mit einem rhaat zerstossen, vollends
436 2377 1444 2528 töden, den cörpell ins rhat flechten in
429 2454 1455 2603 ein brönnend für werfen, zu bulver und
418 2524 1454 2699 äschen verbrönnen unnd also synem woll
435 2595 1466 2785 verdienen nach mit dem rhat unnd für
441 2677 1473 2865 vom läben zum todt nach dem keiserlichen
439 2767 1482 2948 unnd diser freyen loplichen statt Bern rechten
425 2895 873 3053 hinrichten sölle.
447 3014 1489 3244 Disere urtheil ist den 27. aug. 1644 ann
451 3116 1187 3313 imme erstattet worden.
