3024 4032
749 314 1076 426 as Christen
762 415 1499 591 Christen Blaßers halber vnd H
771 497 1520 676 Pfellers, deren sy durch da schy
787 572 1517 743 von Aütheltli anclagt wird, gibt
782 636 1520 827 sy fur sy habe selbiges, dan hieneh
774 727 1494 881 Burgdorff angeben vnd bekent,
765 804 1490 1011 sy ist auch gestendig esshiener
755 936 1497 1100 haren deß dem Bergdorff S
773 1003 1488 1152 mit dem Eidt vewißen werge
766 1081 1491 1221 habe aber denselben niemaln
758 1171 1095 1291 Abertrett.
762 1335 1513 1518 Siberhar aber, das sy alhie Isgehen
752 1457 1514 1590 und eultlich verwißen worden, habe
782 1529 1518 1673 sich merenteils zu Aschlißen
788 1597 1514 1725 ferner Gepiets, by einem alten
750 1678 1513 1799 und frouwen ufgehalten, bis ers
785 1759 1519 1896 etwas zyts, das sy ire muter besucht
786 1841 1509 1972 wider uß dem Landt wellen sey
784 1930 1513 2050 sy ergriffen worden, es seye i
779 2010 1511 2127 aber ouch von hertzen Leult, vnd
788 2093 1516 2214 nit gsinet, das es so übel gefeltsi
1734 262 2576 549 genngr e
1809 443 2305 597 crmination
1717 515 2529 727 Alß dan hieuorgemelte Patrgna
1720 654 2088 800 Sengerfeschis
1645 727 2678 947 Alß dann yschines samstags mynen gl h¬
1751 813 2635 1007 gliept und genallen, herren Gleitßhir
1732 882 2729 1082 Kirchenangefeuelchn, die draben srhaffte
1745 961 2690 1156 Zatryna Wenger, beclagter Blnkhandt
1728 1058 2681 1260 halber, mit Zimlicher Marter zuexam¬
1739 1140 2631 1299 mnieren, Ist solches nochselbigen tags
2064 1213 2375 1304 formaliter
1719 1252 2485 1404 Den 14 junii brichtet worden,
1656 1336 2643 1512 Vnnd hat somelte person vmb sauil an der
1732 1433 2721 1591 Marter erhalten, das sy der angerlagten blut
1751 1500 2686 1661 schandt gantz unschuldig, dann sich mit denen
1728 1582 2733 1764 Graßnamseten zweyen bruderen zuma¬
1734 1674 2667 1802 mens Christen, weder mit dem einen noch
1728 1743 2656 1886 anderen Ir lebenlang namalen fleischln
1711 1877 2010 1972 sotrapt habe.
1740 1956 2624 2084 Is habe ouch filt dem das sy letstlich alhie
1712 2027 2636 2151 mit der Ruten gehüchtiget, vnd mit
1709 2102 2667 2227 dem fult serwißen worden, niemalen nüt
1707 2185 2701 2322 bößes getan, denn das sy hehunder den fültf
1704 2261 2674 2421 Vbersechen, ih seye zra aber von Berchen
1722 2348 1993 2476 leidt etc.
1703 2432 2280 2561 alß sy ire muter besucht
1670 2609 2675 2759 Vestere Tirnen ist nochmalen, von hie¬
1734 2692 2726 2841 vorbekanten Fäleren und eidtßüberseche
1728 2778 2664 2898 wegen vff verhoffende beßerung, mit
1718 2847 2748 2981 Ruten Vßgeschmeitzt, dem B. bezeichnet, vnd
1725 2936 2649 3046 Vff ein gute starke Censur hin, vonn
1732 3001 2640 3132 ir 9tn statt und land eidtlich swißenn
1721 3068 2543 3199 worden Den 17. junii 1645.
2662 192 2764 290 20.
