3024 4032
784 325 1694 648 dst eten d der
809 467 1699 721 erköenne daß ein Borde Oberkheidt, gunssen
774 531 1688 783 Wosach hette, inne bottlicd zestraffen, ander
801 618 1694 859 wortet er er khönne sich selbst wol straffel
807 705 1675 920 erkennen, syn lyb und lebenstande e
796 799 1712 1021 in eind s hochen oberkbeidt zwallen
786 866 1720 1110 bun dero gnadt und willen er sich auh egele
745 955 1725 1182 Vnd bidtet daruf mit gebogenen khneyen de
808 1049 1724 1258 müttig umb gnad, sye syn läbtag minnge
791 1125 1661 1294 mit vorsatz willenß gsein, dieselbe bin
805 1195 1398 1357 minsten zuo beleidigen etc.
2883 422 2984 515 84.
2385 597 2713 723 vnd peeliche
1870 669 2849 805 underwertige ernstliche examination
1924 705 2964 891 nachgeschribner Persohnen. Des 11. Angust
2084 829 2832 981 Nadenna Bübigekoffer
1900 934 2887 1074 Bekenndt, sy habe vor Vngfahr dreyen
1916 1007 2889 1151 jahren zu Hoffen by dem Müller
1913 1080 2857 1232 gedient, da ira der Müllerknecht
1918 1134 2916 1283 Caschi Krieß von Marbach, die ehever
1909 1203 2854 1340 sprochen, sya geschwengeret, sye aber
1919 1273 2882 1395 drüberhin von fra zu Frieggezogen,
1889 1335 2860 1464 und sye iro hernach daß kindt gestorben
1889 1402 2980 1526 vor ungefahr 4 jahren habe damel Geyßer
1913 1467 2936 1593 deß wysen von Langnomnß bruder oder
1905 1534 2855 1667 bruderß sohn ira versprochen er welle
1914 1611 2908 1740 sy mit imme inn den kriegführen, daß
1916 1678 2910 1795 er ira aber nit gehallten, sonder nach dem
1907 1753 2838 1868 er Sy zum anderen mahl beschlaffen
1910 1821 2403 1945 sye er focht gezogen.
1891 1946 2966 2125 Geörg Bischoffshalber von Allten pfird,
1908 2066 2848 2164 mit dem sy jetz by anderthalb jahrer
1913 2103 2954 2243 allso in (reverenter hurß wyß umbgezogen
1898 2167 2860 2291 vermeldet sy, er habe ira jederwylen
1901 2233 2864 2363 fürgeben, wan sy mi imme heimzüsche
1897 2306 2914 2430 welle er sy ehelichen will allso nit gestendig
1904 2377 2953 2515 syn daß sy imme irmalen die ehe versprochen,
1917 2445 2895 2581 noch daß sy gewüßt, daß er schon wyb und
1900 2519 2142 2632 kindtgabe,
1908 2639 2724 2793 isere ist zweymahl lähr ufzogen.
2097 2853 2777 3012 Eßbeht Butigehoffer
2128 2939 2839 3096 ire schwöster ein meitlin
2106 2979 2785 3140 von ungefahr 10 jahren.
1876 3075 2946 3300 ungesagt man sy mit dem dannysen ge¬
1900 3193 2986 3370 feckt und den diebstahl uff der Bleicki Glatt
1906 3276 2599 3444 eso unlangest uff dor
2686 3351 2956 3471 alhie bsched.
