3024 4032
387 534 611 651 pelche
805 264 1353 493 1
579 299 1417 596 ds i gtang
1429 436 1493 534 1
600 429 1500 691 Ulli Bidreyes ab dem Langenberg grns
1407 550 1502 625 10
621 534 1495 761 so vos ohngefahr zweyen jahres von synen v
621 566 1361 763 jetzundes im Siberlibard khonende,
626 640 1492 839 siderdas dem bättel nont und in dan
1356 708 1430 780 sid
613 711 1468 923 her gezogen, Ist es vor ihngefahl sehre
1434 826 1487 875 gan
593 788 1473 997 tagen daß an Hanser Wul von Runkinge
614 848 1486 1056 ganznen Gädtdiebstals sampt zelegen syn
610 932 1496 1129 hoanen so noch zun Verhafftung, Im neching
613 995 1519 1196 gefäncklich angenommen und allbar gefirdt und
534 1103 1502 1293 Wornt dann myr 9l herrn unnd ober
604 1171 1506 1358 uunderscheidenlich berbhides, disere buben ud
644 1245 1523 1434 underlich gemälten schreyes als den getten
611 1314 1520 1501 ernstlichen zuoexaminieren, Wie eß mit diser
585 1383 1507 1551 Biebstal zuogangen, vnd wo er doch darmit
613 1464 1500 1613 hinkommen s möchte, weliches aber wnge
610 1526 1492 1691 acht man ihnne jederzeit, so wolfründtlich, alß
610 1607 1513 1752 ouch ernstwörtig vermandt, die runde weche
616 1681 1527 1824 anzuozeigen.) an imme sonil nit getruchtet, da
608 1785 1533 1908 es jederwylen einß für daß ander angeben, hin
607 1832 1511 1964 go gnedige Oberkheidt, nit villerley under
607 1906 1500 2031 heitten forsetzliches wyß gesyßt und von
602 1980 1510 2103 eines zeit zur anderen faltedliche (reverentus
591 2053 1528 2176 Augenen fürgaben, darnäben zwey underschiden
609 2137 1503 2234 redliche mennes, nit imme ius Pil zuhe ail
535 2212 1511 2339 und sy sachenhalbes angeclagt, deren sy leiden
607 2280 1492 2420 im groß undeil ond wand und sodt ja zun
582 2355 1507 2481 lyb und läbensgefahr kommes söllen, worde
614 2430 1522 2575 selben hernach nit freywilligklih widrumb ent
608 2509 1512 2659 shlagen hette, Vnd bekhendt daß es denselbe
589 2582 1469 2722 boßhafft und schandlich ueracht gethan habe.
573 2669 1483 2828 Jedoch Verschinnen Sambtags, hadt es Im
600 2728 1517 2898 gägenwürtigknidt, deß wolgeachten, ehrenesle
597 2802 1505 2936 tromen fürnemmen, fürsichtigen und wysen herr
578 2847 1515 3013 herrn Damuel Frizings deß kleinen rass
607 2924 1511 3083 ynes geordneten herren examinatoris. wie ei
580 2972 1517 3174 des ehrenvese fürsichtigen und wyr err lat
573 3044 1504 3255 Bardmand gewäßne schuldheißozus Gin
589 3130 1507 3327 fr Hanß Rudolpf Würtenbergers bent daß g
561 3218 1498 3420 rachts sampt etlichen weybler zu gb diene
572 3262 1523 3487 zun dem gewonten streckithurs mit und ohme m
2620 27 2741 125 40
1634 271 2554 600 en
1739 321 2617 624 en
1623 458 2665 787 geen de
1633 581 1719 666 myne
1620 519 2723 857 en
1614 634 2507 948 eat
1577 815 2726 1073 Ketlichen ist es nochmalen getändig, daß als erphumen
1610 907 2688 1146 Siets Hannß Wül des sattzußmäßes zuo Lum-
1617 948 2609 1198 legen mit synem gesindt zuenachst by dem buß an de
1617 1033 2719 1265 breit gsy, sye er zum Bußhinpe in die stuben gangen,
1820 1201 1870 1236 1
1608 1108 2643 1331 doselbst mit einem schrottpsen einen Thanmngen trog
1624 1196 2679 1406 göffnet darubr ein nanthaffte nnna Gäldts so inn
1603 1241 2659 1468 vnderdindenlichen Secken, vnnd einem Deckteo Kracten
1616 1333 2609 1549 ölig entwendt, etlichs synem gesoanen dem Kleyneren
1621 1419 2593 1616 zum fenter hinoß gereckt darnach alles zuosamen.
1632 1504 2682 1663 in ein sont genomen, Vnd selbes minttzig im des heidtegen
1614 1575 2623 1720 gauli ihn Obergaden Vff der hinderen Stuben um
1619 1653 2573 1789 eintebee Inn ein ouffen Speichter verborgen,
1619 1717 2662 1852 Nid das er Ioneme das solch Galt, vber ernsti¬
1623 1804 2641 1949 geb ersuchen, nit mer gefinden gsin seye Ime
1618 1894 2696 2005 hleult, dann er habe es alda laßen verbleben,
1605 1971 2392 2098 und megents anderßwo verußetet.
1600 2100 2681 2285 Desun bekendtes, habe vor einem Jahs zuben Starcke
1615 2218 2695 2374 gehaner ghan (des einte nambse sich Rulaus Vetes¬
1589 2300 2584 2423 Aß dem Obersibentdal, des ander Clauß Hanns
1606 2368 2749 2561 von Feütingen habindt fürgaben, sy syen getwütertkinder
1636 2435 2672 2597 nit deren hilf habe er im nideren sibenthal uß einem
1617 2505 2649 2696 Källes so sein gespane mit seringwürtzen gnößent,
1632 2568 2727 2800 wen rösen genommen, die habindt mit einanderen genoßen,
1623 2679 2611 2922 Ir uberen Sibenthal habe es mit hilff dises synes
1638 2790 2649 2974 Gepane, uß einem spycher, ein par Wulthosen am
1629 2837 2705 3078 eidopen und einpar schwo helffen entwerden, darfen
1636 2910 2508 3103 dan, daß par schuo zuo synem teil worden.
1595 3011 2571 3262 Zno fruting Am dorkf habind sy uß einem
1611 3067 2622 3342 gaben käse, ancken und brodtgenommen, unnd
1635 3146 2672 3420 daselb eines frauwen alsbaldt verkoufft, Woruon
1627 3204 2388 3432 he e
