3024 4032
395 341 1316 565 ß D Sontag den 35. martii ward lic
406 486 1305 595 abgangnen raths befelch hievorgeden
414 534 1312 665 Margertthubet ingegechwürdig
401 579 1312 722 vorbemelter ingnethocherenden herren
353 645 1319 773 und persohnen, mit zimlicher matter
416 701 1300 823 fetigers examiniert und mit allem
410 763 1340 905 ernst befragt, wie sy ibberbe wüßtes schefften
398 822 1251 930 seye komen und wer ira darzu
416 884 1308 1009 geholffen habe, Ist aber gantz standthafft
482 956 1344 1081 verbleiben, daß sy ob die steffli neinal
476 1014 1302 1124 ghm, sonder habe den schlüßel andem
465 1077 1314 1190 trag funden und das gotbemelet gelten
453 1145 1348 1260 uff einmahl erwiticht, es seye aber noch
423 1202 1324 1316 domselben gelt das nug alls  strickl
447 1269 1356 1371 dicken und das ander zu mäntz und e
431 1330 1310 1437 dem allem nit anders, daruf wolle sy
461 1401 655 1484 Stet
475 1468 1365 1639 die bekennte auch, das sy die bewüste
507 1572 1386 1673 12. Bloben werch wso zugleich die sarh
475 1622 1380 1747 nit rauff, sonder der frauben von Esffen
487 1705 847 1811 entwenthabe.
1483 149 2461 632 en
1501 320 2451 736 a
1536 381 2466 802 ee
1530 538 2450 973 gee
1531 623 2489 994 e
1522 728 2410 1088 geen
1544 770 2490 1142 ae
1553 865 2438 1192 ven sle
1553 1062 2072 1275 etali
1558 1154 2553 1473 Stenn ter en
1570 1272 2519 1534 Amnen und andere persandt ime das jynigen
1598 1343 2466 1585 ab und alls er befradt worden werde.
1610 1417 2496 1650 anderen seyen, er müt v dachten worten,
1594 1518 2511 1708 zuuerstan gäben, das eryn gnädige aber
1619 1582 2524 1775 keit und die erbagkeit, dartoben auch
1619 1664 2425 1826 nyne und verstandt, daß er auch diße
1587 1694 2537 1907 worth vsbrochen, er wüßte es denen jriigen.
1611 1772 2557 1953 des lüffels danck die in uß dem shallen
1615 1895 2088 2014 werde eebethenhelffen.
1584 2008 2587 2200 Ist bekantlich des eosten punckens nämlichen
1649 2091 2454 2243 grort gehaben der landtamen unnd
1673 2161 2565 2298 sonsorten freßindt ihme das ynig ab
1633 2229 2491 2360 Wylf syn vatter jnech 13  erlogen
1657 2309 2575 2431 mußen, er habe aber syn gnädigs aber
1670 2363 2581 2498 leik gar nit gmeint, auch nit gret das
1662 2452 2656 2563 er es den janigen die ihne uß dem schallen,
1637 2515 2575 2627 Worck erbedten holfen des tüffels danck
1597 2591 1798 2672 Wüße,
1586 2687 2616 2877 Denne alls eo verschinnen bummers befragt
1568 2791 2594 2940 worden, wie es eino zu Rörg ergangen
1665 2856 2601 3019 und daruff zur beserung vermant worden.
1677 2925 2653 3071 er mit lachendem mundt in dise wordt
1683 2969 2657 3162 Ußbrolen, es were sonst gut das man inen
1672 3056 2606 3218 de statt anzündere, er wil diser
2181 3279 2540 3434 Borthen.
