3024 4032
681 535 1594 831 lien g
702 703 1643 941 das einte kändli vast geschenten und das
723 801 1666 1065 Armli Blaur gewesenn, es habe sl
723 858 1670 1114 kints übel gederet, es hiemit wderm
733 955 1677 1206 zugedeckt, vnd sye heiigang, anorndeshe
712 1044 1576 1248 sy vnommmen dh keit sy gestorben.
721 1274 1679 1548 Verena Trißman die vorgengeren zug
736 1426 1668 1589 an, es habe am abent diß kandlt diß kehen
730 1497 1657 1678 daß keine Masen noch klecten nit ansein
715 1602 1632 1741 Lybighen, aber die Kindenwee, habe es
743 1681 1653 1846 ein tag oder zeren stanck ghan, wie syne
715 1778 1658 1927 das Knit versorget ghan, vnd Inn die Megen
733 1882 1645 2029 gelegt, gebe sy es der Muter zum At
708 1977 1659 2092 und gange darmit zum Nachteßen-Anster
725 2048 1666 2204 gen alß sy zu dem kmit gelegt, habes
724 2161 1657 2280 daßelb noch gantz ubel ghan, demselben sin
723 2222 1660 2353 bride Armli Blauer und das einte Bendli uo
722 2317 1658 2476 geschunten gsin, deßglychen habe es onhen
702 2410 1651 2576 Dem Hälßli uff dem Büchli und ann dem
720 2473 1654 2663 sytlonen ufgesechen, wie sy nun die si
708 2564 1654 2723 darüber bescholten und befragt weey mit
704 2676 1653 2836 Dem keit habe gemacht, gebe zro dieses
686 2743 1656 2964 Ine antwort, das kint habe die ga
696 2839 1657 3056 Nacht ger betterlich geweinet, Also das sy es
723 2921 1661 3135 einmal uß der wiegen gnom ufgefeschet
722 3023 1676 3240 ein wyl zu hre ann das bett, und dema
720 3096 1669 3337 wider In die Wiegen gelegt ha, ebs
721 3214 1657 3457 Zura lendel das Kmit also beschaffen se
735 3332 1646 3581 sy möge nit wüßen mohar da komen
707 3403 1653 3653 dann sy erinnene sich nit, das sy etwan ge
745 3499 1652 3794 at e a sch d
678 3695 1415 3963 at hisen
1795 557 2723 874 e den schle i
1802 644 2757 923 cerieren, syn aber mornderst gestorben.
1754 986 2860 1289 Hr Doctor Aerrend Züget, fesye mit: vnd
1788 1110 2832 1333 nebent dem Balbierer erst nach deß Kints
1802 1227 2842 1421 sot dahir kommen unnd wender solches ann
1793 1343 2805 1536 senem lybli funden, wie hieuor vonn der
1777 1420 2830 1605 gebamen grett worden und noch soul mer
1780 1519 2866 1719 Es habe das Jungki vmb etwas fur den sundte
1787 1601 2810 1810 gestreckt, vnd syen die lefften vnd Jungli
1797 1689 2840 1897 schwartz gsin, das sye ein zeichen, das diß kint
1797 1807 2798 1961 ein gwalttätig todt gelitten, Ob aber
1760 1900 2908 2043 daßelb mit vorsatz, oder sunst durch sundba¬
1780 2005 2934 2175 ren zufal zugang, müße er gott heimstelle.
1762 2294 2819 2446 Boder der Balbie vervmeldet, wie diß
1768 2414 2789 2556 dem kint Inn der Nacht widerfaren, sye er
1786 2493 2778 2620 grad am morgen dahin beschickt worden.
1791 2593 2816 2720 selbiges best muglich zu Currieren, es habe
1806 2684 2868 2829 aber domalen noch weder schwantz Aeffzen noch
1804 2759 2826 2901 das Rüngli und dem mundt ghan, aber
1797 2857 2881 2994 Im übrig sye es am lybli elemlt beschaffen
1817 2941 2896 3091 Jhin, wie die vorgengeren anzeigt habe.
1823 3030 2899 3141 nach synem todt aber, habe es unden an den
1840 3106 2916 3216 süßlenen und sunst hin und har mer blampff
1835 3183 2771 3329 vber dißem yngenomenen bricht ,
1825 3286 2767 3408 hat myn hochgeerter hHerr alt Augherr
1816 3319 2819 3487 zechendes ußbeuelch hr g disere wybse
1814 3432 2850 3590 Persen, gantz ernstwörtig exammiert, wie
1714 3514 2800 3680 S maßen ghan, weder aldiewel ad glebt
1779 3594 2796 3763 erachte also es sye von den Kinderwern
1816 3716 2094 3826 gestorben,
2791 398 2909 504 64
