3024 4032
679 357 1298 561 Haus Stucki
632 497 1522 769 Vn gshern desche wilen hlte
647 636 1525 838 Stuk vonn Ddermißwyl ouch Anfat
649 726 1540 945 andere gestolne sachen, solchen bösend
647 795 1525 980 sölle abgetoufft faren, ost hat man ire
649 882 1540 1068 ouch gefencklich yngezogen, wyler er
647 963 1539 1139 deßen nit gestendig syn wellen, Ist e
652 1057 1536 1229 mit einer guten Censur weider le e
646 1135 1516 1324 laßen worden. Datur 14. aug 1646
902 1480 1508 1672 Larbli Zuriche
582 1617 1543 1812 Deßgleihen ist Barbara Züricher, kaufsich
628 1750 1528 1883 erebsenen gent vonn Mulbach ouch
657 1840 1525 1957 sy bekantlich worden, etwas wenig der
657 1913 1525 2050 glychen begang gehaben, uff eingute
640 1997 1527 2120 nhur mit abtrag eostenß widerum
628 2066 1444 2215 ledig gelaßen. Act ut super
655 2278 1479 2480 Bendicht Contz sunst
663 2406 1473 2579 fanst genampt Conte Bäntz, der
728 2479 1428 2665 Keßlese vonn Zolligkofen¬
564 2635 1537 2823 Ist ebenmeßig, mit einer guten Consur
637 2723 1544 2915 das er derglychen ynzügen sich müßigen s
608 2819 1536 3021 uff abtrag Postenß, vnd getane glech
619 2914 1545 3107 das vff erstes so man synen begeren were
651 2983 1533 3197 er sich widerumb gustellen wolle. leich
628 3124 1321 3347 gelehen, Dan estub
1834 378 2507 565 Barbli Buler
1688 539 2737 754 Wyl dißere Bulerin vonn Sumißwallt,
1688 627 2777 829 Herren halfer Escheren geweßen Dienstmagt,
1699 705 2753 902 hun höchstem verdacht, das sy dißerem hrem
1689 784 2725 962 Herren Vntruw worden, vnd Ime uß einem
1698 872 2760 1044 gwußen Scheffli ein namhaffte Summa galte
1700 947 2754 1122 gestolen haben solle, dieselb aber, vngeacht
1759 1024 2739 1182 vonn deßwegen, droben zu Zweisunlen
1703 1109 1732 1190 s
1689 1119 2727 1282 getümlet, vnd alhie Vnderschidenliche mal¬
1667 1185 2764 1362 gantz ernstwörtig exammert worden, untit
1679 1275 2716 1409 bekennen wellen, habend ingh beuolchen,
1685 1355 2724 1508 sya mit einer starken vermanung, sich hun das
1677 1436 2698 1569 künfftig bes froncklich zehalten, widerumb
1643 1520 2629 1677 uff feren lußzestellen. Datum Harß
1614 1613 2109 1756 Und tags vorstact.
1717 1872 2537 2038 doßbit iessteren.
1723 1983 2440 2117 Von Walldusen by Rynselden.
1660 2085 2647 2296 Dise Ebath Wiechsteren brkhendt, daß sy
1672 2206 2616 2334 auß antifftung eieß anderen meitlinß gn
1649 2266 2626 2402 Elsi auß dem solothurnes guriet, verschüneß
1673 2340 2735 2473 Semanß dem seter sekläffli von Freyburg drußen
1674 2410 2741 2566 zuo Cappelen, die hosen unnd dem bouptfüssi hin-
1671 2489 2714 2635 wegn unndt zuvo zwifand, ein einfache deplonen
1689 2557 2760 2693 ampt einem ang li daruß genommen. Die halbe
1630 2621 2667 2804 Buplonen sampt vinemn Angi Cl Habe eß henes
1671 2718 2692 2858 Geselen geben, die einte zwifache zuo Murten laßen
1644 2791 2675 2976 wechlen, aber nur für ein einfache, die andere son
1664 2847 2708 3016 hind den herren vott vonn Lonpen komen. Daß
1668 2939 2747 3117 Angi Cli aber dem schläffli widrunrt worden.
1665 3104 2675 3353 Denne so syn by auch der hunses by einem gutt¬
1662 3181 2699 3441 Schnerli auß dem Freyburger gewieth uf des
2452 3415 2623 3553 Deni
2707 214 2813 316 52
