3024 4032
648 356 1503 612 ahe de a d g
628 422 1489 683 Derit en ehehenen
625 501 1499 730 hilf, einer bunorenfrauwen, fünf ellen
590 580 1529 809 Wellinkuch und ein stücklit nasenlung
639 647 1504 856 antzwackt, so syn ghpitlen drußen bim s
628 717 1522 946 huß widrumb verkoufft und ira darin
623 791 1200 949 by den 11. batze gäben.
615 989 1499 1175 Allbie by des Anckenwag, habe sy mit
619 1071 1528 1262 einer frouwenhilf, ein s pfündige lnte
617 1149 992 1255 ballen genomen.
535 1267 1475 1440 Zuo Ansingen, mit hilf eineß meitlinß,
563 1347 1489 1513 2. Hünes ufgeriben, so ire gespilen zu
586 1426 1066 1557 Solothurn verkoufft.
528 1563 1514 1731 Auo Bräntzighofen mit einer frouwen hiten
569 1660 1491 1798 uß einer hinderen stuben im ein kuß
595 1735 1432 1865 und einhalben leib Brotz enthuckt.
577 1842 1500 2002 Hers Heimberg ab eines stangen ein gölle
580 1963 976 2064 und ein suben.
584 2051 1501 2178 Den Nideren sibenthal, habe sy ein zöuß
604 2165 1508 2277 frouw und meitlin uß einem källes un
592 2240 1216 2368 Röß und milch genommen.
503 2330 1476 2489 Auo Freiburgr an einem märit mit eines
535 2416 1501 2554 anderen frouwen und irer thochter hilf ein
524 2490 1528 2629 Wallelin wülligs hußfueh und ein kuatr-
578 2563 1520 2698 guodt entzückt, darvon ira 12 batzen werden
523 2687 1523 2854 Zus Murten mit hilf ires Gseilen ein vil
542 2779 1528 2942 kappen genommen, die sy aber müßen widerg
533 2874 1531 3069 Zuo Wilisauw mit habinds dee h
564 2945 1507 3120 fund ellen violbrunr Schürletz ein buceli
574 3021 1515 3247 eestel ein huodt ein par glißent strühen
547 3097 1518 3303 unnd ein kappen einem kränmer enthuckt und
560 3180 1490 3379 tra von d beüt ein halbe cronen gäben.
1628 367 2595 717 ere
1617 505 2567 882 an en a
1616 581 2580 911 aneran gt
1628 680 2575 979 ule
1602 790 2566 1052 Weselbst 3 Buener gnomen, Welche Ire Gspilen
1647 856 2616 1108 Wbie im dr stadt verkaufft und Jra E. batzen.
1643 1018 2098 1208 hibe dann gube.
1619 1093 2698 1362 E. hab sy mintitz zu pflingen uß einem Brunentrog
1725 1293 1960 1410 dyberhembl
1584 1317 1704 1441 a
1607 1374 2550 1578 und zu Bedtingen 2 büenes entzwackt, die
1628 1501 2372 1640 vnn der stadt umb 6 batzen verkoufft.
1599 1613 2601 1761 z Runtigen uud ein zum gnomen sih darmit
2297 1709 2633 1808 Weer umb
1610 1721 2298 1841 ber die Alren gmacht, vnd dem
1616 1804 1992 1918 2. batzen verkouffen.
1610 1880 2635 2031 zo Eynzwyl, aber 2 bünner entlrömbdet,
1601 1998 2319 2123 umb 6 bätzen wider verkoufften.
1604 2131 2681 2314 zuo Murtzelen, eines frouwes em pfänneli entzuckt,
1617 2235 2707 2397 und umb 2 batzen eines bättlesfrauwen verkoufft.
1609 2356 2602 2584 Wart Murtzele widrumb selb dritt uß einer
1618 2480 2609 2670 Danwners falles m leib broßh enthwackt,
1629 2555 2305 2685 en aber darob erwücket worden.
1591 2642 2545 2878 zur Zollickhoffer habe sy mützige ein klein
1620 2766 2558 2989 pfänneli erwülßt unnd umb 11 aüütz.
1622 2829 1840 2955 Verkoufft.
1609 2909 2577 3227 d er n she de
1637 3046 2715 3373 n
1624 3144 2703 3426 und ein nasenlimpen uß der stuben entfrömbdet.
1617 3197 2672 3542 Selen sede
2611 -1 2711 98 41
