3024 4032
755 359 1528 582 Christen Ruffenacht
771 459 1307 587 vonn Rüffenacht
738 534 1519 734 Nach dem derselb eine Zyt le¬
734 640 1533 810 von Geltschuld weg inn der
783 712 1519 875 fangenschafft enthalten worden
768 797 1532 975 Ist er mit dem filt vong
773 861 1463 1007 Statt vnd Landt Serwißen.
749 952 1355 1091 Den 6. juni 1645.
747 1264 1531 1441 ans Cunradt Dinc
752 1385 1311 1504 von Munpelgirt,
736 1500 1525 1671 Allß derstelbig uß ir g beueth
804 1640 1515 1746 mynen Hochgeerten Sr Rombach
786 1704 1522 1817 bywesen zu vogt Gleitschern
791 1777 1536 1897 shin Hoffs, Zr Großweibel Sin
774 1852 1521 1958 und etlicher Ir g. dieneren, de
814 1933 1533 2064 13. Auni 1645. Inn dem Stef
829 1997 1528 2123 dern mit und ohne Marter gant
829 2089 1537 2207 ernsthafft examiniert worden.
793 2161 1068 2316 Erbekent.
771 2327 1534 2498 Das voretwas tag by Buchster t
827 2408 1531 2594 syne hwren bestellen und anty
813 2512 1540 2653 Betelbuben, dero d einte sich o¬
805 2589 1526 2748 der ander Cuilliome namstent
823 2657 1538 2834 ein gwuß Buren hußgangen und
836 2732 1536 2948 sd nement al die lid
826 2786 1543 3008 gehend, habe genelter bi
820 2888 1543 3102 en hr keen rteit as
826 2961 1553 3199 geengelich en syn den
828 3148 1138 3281 von gangl
823 3149 1544 3411 geberlich atend i
826 3227 1559 3501 aen u eee
812 3303 1552 3617 eten
1372 3482 1519 3572 worden
842 3464 1265 3645 umnb nit wühl
831 3520 1394 3750 r nt
1658 397 2608 653 Diser bubist zun dh Schallenwerck er¬
1719 603 2012 702 kent worden.
1727 1006 2635 1231 Catryna Wanger, so sich setz
1744 1116 2667 1319 zum gnnamen Karthanen Namstet
1756 1194 2618 1369 uß dem krauchtalt sunst genampt
1753 1333 2029 1440 Luderbüchli.
1659 1507 2663 1694 Benüeßig ist dieselb durch mynen koch-
1746 1590 2699 1750 gerrten hu Rahlscherr Rintzen, zu gegen¬
1743 1685 2706 1820 würtigkeit vorstaclt, ernstwortig exam
1752 1778 2123 1890 minert worden,
1741 1914 2633 2055 Nach dem mann nun derselben vmb¬
1760 2017 2687 2114 stentlich fürgehalten, ob sy nit an ort und
1759 2080 2691 2210 kudt ußgelaßen, sy habe sich mit zweyen
1741 2165 2699 2284 brüderen alß Christen Christen, unnd
1757 2240 2726 2370 Bernhart Christenfleishlichen vertragt,
1742 2326 2694 2411 Hat sy diser worten noch vil weniger der
1758 2402 2688 2520 hat nit wellen gestendig syn, mit ver
1760 2479 2707 2593 melden, das sy zu lebenlang niemalen mit
1733 2561 2673 2688 zwegen Bruderen Zethan ghan habe.
1724 2691 2698 2799 Denne ist wraouch fürgehalten wordenn.
1753 2751 2647 2880 sy habe uff ein gyt grett, sy welte das
1743 2840 2720 2915 wann sya sunst nemants nemen wolle
1750 2900 2745 3022 das sy gott behüt vnß) der Tuffelneme
1753 2995 2715 3110 Aber dißzeigt sy an sy möchte villicht et
1757 3070 2714 3177 ws vß vngedult grett haben, seye Ira aber
1766 3143 2699 3237 nit mer Inwüßen, wan es aber beschechen,
1772 3204 2631 3324 so seye irn solches vonn kerzen leidt.
2674 215 2777 316 19.
