3024 4032
704 612 1638 860 es mit dem einten andere und 3ten ki
681 707 1621 923 hergang zupröchte, mit betrouwung
683 822 1652 1037 Marter, wo sy warheit hinderhalten werden
721 1080 1616 1275 Die hat sich nun nachvolgendmaßln ver¬
696 1168 1627 1342 sprochen, Sy habe erstlich ein Mann gham
688 1260 1648 1437 uß dem Elstaß, Namens Matys die
697 1363 1654 1527 trich, by dem sye sy zweyer kinden soffennen
718 1439 1616 1560 genäsen, die frabeide im Bosellpredt
671 1510 1633 1657 gestorbten, mit dem dritten aber syr eßsh
727 1593 1628 1720 diße norm hergangen, wie si var Ungfahr
717 1667 1648 1784 acht furem, deßelbigen kindts allhie im ober
716 1741 1642 1876 spibal genäßen und die jetzige Hebanmen
667 1809 1655 1925 daß midt versorget ghan, habe sy serr deßebg
703 1873 1660 1996 uns küßen geben, Demnach habe die Borgegern
699 1947 1627 2058 daß kindt genommen von dem bett dannen
709 2017 1640 2154 zum ffengestellt und der gebammen zimb
713 2089 1632 2235 gezündt, wie sy nu wider kommen, habe sy daß
702 2144 1626 2271 kindt im bleic funden ligen und daß des
709 2219 1657 2375 knopf am Bläbali vombetwaß ufgangen yehen
712 2283 1617 2437 dauon söllchen kindt gestorben, sy beruffe schabet
702 2355 1639 2508 deßenthalb uff die dömglige vorgangeren
707 2419 1652 2578 wellche sich Margredt namset und bißwylen
730 2473 1632 2659 noch daß allmusen allhie im spital kleicht.
702 2568 1645 2743 Item noch uf ein andere wybsperson, wellche
721 2630 1656 2780 danalem mit ira allda kindtsgelegen und
712 2688 1635 2869 deß Hanß Bom Waldts jezige frouw syn
732 2838 863 2962 soher.
679 3227 1655 3471 Do lac absterben ires gorgenden mann
738 3308 1616 3579 eateschen e e
738 3389 1585 3621 thal sßterehlichet der gerschmer ung
727 3448 1618 3690 Bon Jrasen franckenrych gnosrggen
676 3493 1648 3778 Vson dem habe sy vor vongsahr 4 jahrer
1686 2047 1765 2141 salso sin
1691 2134 1750 2208 erlich
1866 525 2758 797 de ee
1789 574 2786 906 e
1767 676 2707 969 en er ande
1765 748 1849 841 hn
1777 893 2027 1062 bei sige.
1769 901 2728 1213 dech ar talhe l e en
1769 1008 2791 1264 Ursach syn sölle, andeße eß nachgeschribner gstallt
1773 1097 2678 1332 zugangen syn, diemlich, wie daß kindt
1762 1152 2792 1416 zweentag und nächt, die kindenwer starck
1780 1246 2795 1468 han, also daß sy nüt gor imme ruwen können
1773 1308 2711 1520 habe sy es in der drinsen nacht ohne liecht
1775 1396 2789 1583 sonder allso finster uß der Wyegen gnommen
1762 1448 2805 1676 offgefäschet und ind wro aun daß bedt gelegt,
1768 1538 2736 1738 da sy dann ger nit vermeindt zuschlaffen,
1774 1569 2906 1778 alß sy aber umb etwaß endtnuckt und widerumb
1775 1666 2873 1859 erwachet, seye daß kunkt Jra woll snder der sythen
1771 1769 2875 1939 glegen unnd habe mächtig gfochtes und gehablet
1777 1840 2879 1989 darob sy sehr erschrocken, habe daß kindt widerumb
1774 1900 2849 2052 in die Wyegen glegt und gegen der wandt,
1779 1964 2873 2130 oder muren zwüschen dem bet gestellt
1760 2028 2762 2202 daselbst möchte eß sein händelin vorgeschribneit
1785 2117 2894 2273 maßen gschendt haben, und eß sye ira vonherzen
1785 2208 2838 2350 leit, daß sy daß kindt gemales vor gfäschet
1786 2294 2793 2413 sy wüße, woll daß sy  vor der weldt nie
1775 2358 2788 2476 könne versprechen hoffe aber by gott dem
1790 2425 2797 2549 allmechtigen ere gnschuldt gnugsamlich an
1790 2509 2884 2621 tag zugeben, daß sy dißem furen abgestorbnen
1791 2574 2802 2645 kundt weder mit wüßennoch mit willen
1780 2635 2829 2750 kein leidts tomolen nit zubgefugt habe, Sätte
1795 2712 2834 2830 Also gott und ein gnädige oberkeit umb
1770 2779 2099 2900 verzeichung.
1745 2892 2881 3062 zr üöberigeß käbwäsen betorffende, habe sy sich
1806 2968 2903 3103 sommer zeits mit stimnen und anderer arbeit
1813 3068 2782 3196 enerdt Winderst zeits aber sye sy dem
1816 3117 2371 3249 allmußen nachgezogen.
1825 3235 2853 3388 sy hat auch nit wellen gestendig sein, daß sy sich
1822 3313 2801 3446 mit reverenter ynver oertrabet habet
1756 3381 2333 3567 En zuhen genemen
1804 3549 2648 3694 Ist mit dem tilt von hr 9
1839 3662 2732 3804 statt und landt dewisen warden
2771 354 2897 453 65.
