3024 4032
898 222 1332 403 und dedersten
569 341 1500 589 amlichen vor ungefahr sechsz
589 430 1506 670 habe sy daß reste mal mit hilf zweyer Ulin
934 525 1046 581 irer
374 468 1507 716 uff dem meitlenes als gespilen, dasy gefangen
364 559 577 661 enhen
579 570 1473 758 daß nur die wacht yhers gholfft, im einem
349 612 482 737 berg
575 635 1524 851 Buwrenhuß auß einer gappensack fünf h
603 727 1438 896 nemmen, welches sy under sein ander getheilt.
555 795 1524 1030 daselbst mit hilf eineß anderes meitlißt w einer
561 907 1508 1102 Käller ein anbenballen genommen, die  sheiten
545 991 1434 1141 verkonfft und ira 4 batzen daruon gäben,
593 1079 1508 1303 Denne habe sy mit hilf einer frauwen, so zu
588 1202 1527 1360 knnder by ira ghan uß einer stubes l deye
562 1275 1512 1438 broth entzwackt und daß mit einanderen gäßen
548 1361 1521 1568 Dm Ammenthaal aber mit einer frauw eins
589 1488 1473 1626 Hußkäß und einhalben reib broth genommen,
529 1607 1503 1773 Fy Ballstal sy unnd ein ußländish meitlin
566 1721 1496 1851 Uß der Färbi Gedeß ein fürthunt entzwalt,
540 1843 1509 2008 Und gleich obenthalb 2 Bümmer, die sy verkoufet
580 1942 1201 2056 und fünf batzen daruß erlösten.
493 2015 1527 2162 Auo Kartarte habe sy mit hilt eines buben seß ni
546 2108 1498 2237 Nabentstuben Gipper entwändt, die umb
584 2179 1519 2323 15. batren verkoufft und daß gäldt mitema
561 2274 778 2406 getheilt.
474 2344 1489 2515 Zuo anß uß eines stuben 2 leib groß
510 2445 792 2580 etut
690 2544 782 2623 g
582 2508 1505 2684 no hun, habe sy an einem m�riks 1n v
602 2639 646 2691 o
554 2637 919 2746 ghatt genommen.
564 2720 1514 2911 Aber mit hilf eineß ußländigzen meitlinß an eine
554 2815 1472 2985 Ia arit zuo Ehine ein kleiner kuß genommen.
535 2905 1243 3080 denselben mit einanderen gäßen.
506 2976 1490 3160 no Langnauw an einem märdt habe sy nit
513 3072 1493 3276 Wilf einer frouwer 2 wider Hüedt genomen
534 3130 1493 3335 dieselben umb 8 batzen Widr verkoufft und
547 3259 1007 3441 daß gäldt geteilt.
1759 267 2428 618 get
1596 386 2472 756 gad
1620 544 1788 657 do
1715 437 2551 772 a e
1572 732 1715 827 Senen
1622 608 2583 949 ee n
1626 680 2628 1028 e
1613 910 1946 1090 gentchle
1614 948 2462 1206 tt as aen
1595 1038 1765 1160 ider
1757 1002 2589 1236 Haten ab der fenerblatten genommen, denselbst
1608 1098 2512 1383 gee  d
1581 1176 1767 1292 Sin
1624 1268 1879 1423 alt getdeibe
1612 1341 2497 1534 Drnad zus Stedtlin, Vß einem Spyches, vor
1618 1422 2552 1601 einem groben buß att im dorf, ein zilingen
1616 1489 2536 1672 kormer hoten, 2. schübel garo, 3 rynlachen,
1605 1576 2571 1732 und 2. hembli mit hilf einß ira umbbekanten
1606 1636 2608 1802 Buben und teitlinß entwandt zuo Gettißwyl
1587 1726 2470 1882 verkoufft, daruon ira v Cronen worden.
1590 1855 2631 2005 zuo Vtzingen habe sy ing bysyo irer schwister, dem
1589 1963 2641 2093 Wrth ein füßinpfannen entzwackt und zuo Baßle
1595 2036 2063 2159 umb 6 hotten verkoufft.
1581 2134 2544 2310 zur diso, habe sy mit ditt eines hönezfrouwen,
1595 2237 2559 2394 unnd meitlich dem Pfister b batzenwärtige
1605 2332 2509 2477 grofs entrag und die mit ein anderen gnoßen.
1600 2421 2591 2663 zur züchwyl znächst unds der stadt solo tur,
1556 2539 2596 2745 mit bilf zweyes gsellen unnd eineß daselbst hinge-
1622 2616 2544 2850 nichten meitliß 2 bußdelen garn 2. Röck
1591 2691 2693 2960 und 2 wyberlembli uß einem spycher genommen,
1583 2762 2612 3033 welcheß im ehrane zuo Solothilen verkoufft,
1597 2821 2575 3093 und ire zub irem theil 1 lb 2 batzen gaben.
1593 2896 2506 3211 elen rt le
1615 3009 2563 3330 r sendenehe
2558 -78 2669 67 4
