3024 4032
836 446 1584 684 Den o tuonti Ano e
835 565 1674 824 Eend S Rlbeg
833 621 1690 895 d de gehener en
801 719 1660 931 von Burgeren. Die habendt
828 803 1645 1016 geschribne persohnen, so ab der landtzege
780 875 1711 1123 Vnderschidenlichen orthen, gefuncklich alhar vo
775 958 1707 1204 ernstlich geepamnniert, Welchesih dan nch
810 1062 1696 1267 geschribnermaßen aersoraden und bekhent
814 1147 1032 1248 habendt.
1043 1396 1683 1593 Desnaß Wchsage
1083 1497 1195 1569 von
688 1563 1692 1781 Von Randegg, dreystundt ob Sdaffi
764 1690 1679 1841 Ist ein gyger und ein zimlich alterge
771 1771 1686 1918 standnes mann, den man ohngeferterwyß
768 1838 1671 1993 von Bümplitz gefencklich alß argebracdt,
778 1942 1682 2080 badt zwey Fürdhe junge Knäblin bysite
773 2025 1694 2167 Deßen frönw Welche zuo Maldnomt dahin
754 2093 1689 2251 und nun by den fünf worden, in des frnsg
785 2206 1681 2315 alten von eineß lybßprästenß wegen lage
778 2283 1693 2411 worden, gibt für e habe hinvor in synem hen
772 2366 1672 2504 ehrlict gezusett. Siderdar aber, daß er uon
774 2439 1671 2576 dem ellenden kriegstwasen vertriben unrd
787 2532 1679 2673 ich alß ein spilman und übriger handar
772 2627 1681 2757 ehrlich ernerdt, wie den sy frauw desent
759 2686 1687 2861 mehrerem brichtet. Ist censuliert unßrt
760 2814 1277 2955 gewißen worden.
1076 2906 1642 3064 Geort Birdoff von
1072 3042 1442 3186 Actus efindt.
1211 3115 1443 3234 sige Euen
681 3115 1661 3325 Den man sampt der frauwen und einem junge
727 3217 1654 3407 halb hürigen kindt, von Münsinge alles
740 3273 1639 3518 gefürdt, gibt für syn ein eichmacher und
2887 235 2945 328 3
1866 463 2856 699 gloser, habe hievor by underschidenlichen
1848 494 2857 780 Meysteren uf dem Rängenbärg gedienet
1872 557 2958 845 disen Bommer daselbst geschnitten, syn jetz under
1894 635 2936 902 auf dem wag gsein, synen wärckzüg zur
1850 700 2962 987 Rytdigen abzuoholen und wylerst zuo erbeidten
1844 794 2998 1073 unnd bekhendt, daß er zwar vorgemälter syner
1859 872 2956 1163 fürnen die bhevegspreden. Sya aber noch biß
1871 983 2947 1214 dau nit zuo Kilchen gefürdt habe, ist dar über
1868 1001 2985 1251 amch gestendig, daß er vor 2 jahren jein ehe
1879 1102 2996 1316 ryb sampt 2 khinden uff dem Belperg ver
1862 1148 2983 1345 laßen und sich nüt obiger thirnen schid sa
1859 1208 2936 1395 uffgehalten, sy deren er sider har klaß kign
1858 1231 2985 1454 verzüget und zu Rörenbach ehlich tauffen laßen
1867 1300 2954 1497 Detreffend syn der ienen, so zuo Znotzwyl daheieen
1836 1397 2919 1582 Ist dieselbige Ruth ezuenbundß, wegen ge
1849 1453 2852 1658 zigter diebstäbes und anderer untvatter
1856 1516 2926 1742 von zuo undersdidenlichen mahlen alhin gefengk¬
1852 1610 2848 1792 biß yngezogen einmahl gedumlett
1840 1700 2940 1889 und darnach inß Schallenwärck erkhendt worden.
1838 1875 2860 1997 o 17. aun 1697 ist gesagt wischafft mit
1822 1965 2839 2081 Ruten ußgeschmeihen und mit dlem edt
1816 2036 2781 2154 von statf und hant verwisen worde
2083 2100 2802 2221 Jacob Fhürtzel vor
2080 2186 2831 2329 Kinderwyl dr landtvogtey
2193 2259 2550 2393 Rantzburg.
1840 2361 2886 2587 So mas sampt syner Stiefftochter von All¬
1863 2493 2890 2658 mendingen nacher alar bracht, gibt für es
1858 2565 2841 2754 syn ein härzler habe ein fromw auß dem
1854 2641 2980 2840 endtlibind sampt fünf kinden, sye vor N3 Jaren
1853 2724 2839 2933 zuo Rüßlingen ordenlich mit fra zuo kilchen
1874 2833 2928 3014 gangen, wie eß sich wurde erfinden, khommindt
1847 2880 2937 3142 jetz aller erst auß der krndt von Pßistorff
1857 2991 2866 3220 nacder, habe jederwylen mit fächlen unh
1868 3064 2906 3309 anderen arbeidt und allmusen höüßher sich und
1865 3136 2883 3382 die synem erlich durkbracht. ist mit einer
1862 3196 2956 3494 lehnr widerumb vortgewißen worden.
2381 3543 2643 3645 Amn
