3024 4032
532 363 1292 528 A Tschannen.
318 498 1309 688 Damstags den 7r debris 164 7 word
376 621 1325 764 Ufli Sschannen, so vonn übersehring wegen
390 680 1344 843 ufgeschwornen tuls widerumb geferen
390 770 1330 902 yngsetzt worden, biß das er syne glübigen
375 849 1341 976 ontentiert, unnd eynen in g. hr: und
427 927 1334 1061 oberen gnad erlanget haben werde, durch
415 1001 1318 1141 den hin Großwsibel Smmner und min
425 1083 1353 1231 wenige person uff ein baunstarke c
434 1162 1367 1296 mit einer filtßglept, widerumb vonete
419 1243 1354 1375 destatt landen und gepieten verwißen.
410 1331 1379 1479 doch Ist Ime, den flecken Gerumen, noch dis
444 1417 1377 1548 nechstkünfftigen zinstag den 10. obuermali
430 1491 1382 1641 monats zel und solatz vergünstiget werd
1366 1129 1432 1233 b
2438 52 2564 159 12
1506 219 2482 600 vitegentlche
1539 493 1790 655 Landt.
1406 451 2514 841 deabe
1427 551 2601 939 gernene
1455 613 2594 976 vneen
1408 671 2588 1032 eeegen
1422 817 2623 1176 nen e
1436 911 2511 1214 auchszweyer ihr oml dieneken der weiblen
1434 957 2442 1287 genen
1438 1056 2328 1352 lde
1403 1252 2600 1560 Daslichen häbte er in seines hr haus im sahl alß
1487 1315 2577 1586 einem kaßten ein beidenen mandtelhabb
1492 1406 2578 1661 guldig und halb silberin hutbandt, wie auch
1492 1477 2574 1714 in sänschen hal gestallen und hernach der
1487 1530 2548 1766 enantel umb, e das hurzbandt wmrb jg.
1485 1635 1563 1681 d
1467 1609 2554 1823 und die Geischen fähl umb i s einem
1468 1712 2143 1884 schind knächt verkaufftc.
1469 1844 2629 2028 Es senne habe er noch i Birtzenfahl erwitscht, alß einer
1468 1934 2634 2103 kammeren und ihme daruß i paar hoßen machen
1482 2051 1688 2146 Lasen
1475 2087 2665 2262 Item er habe auch gesechen, das die Eißgenger durch
1508 2155 2625 2293 den sal inn das hinderstübli gangen, welchen wäg
1451 2221 2637 2359 bli er dan erlickt und alß demselben ein großbuchsen
1517 2280 2606 2397 entwent, die er dem gemelten shinder knächt
1523 2354 2051 2454 umb 1 gb vorkaufft.
1510 2406 2619 2533 So bekant er frey willig, das er aß einem sack
1509 2498 2738 2593 darin vilgeltt war und inn der stuben in einem
1514 2571 2725 2676 Jögli gelegen us einmahl 4 lb jummnt erwistscht
1499 2632 2043 2737 und sonst nit mehre.
1505 2684 2690 2823 Et ist auch bekantlich gereth zu haben, wan etwan
1538 2778 2739 2897 einmußgurten verhanden ware, wurde mahn
1539 2834 2552 2948 hr kauff darum finden weder umb die
1564 2897 1795 3010 buslichsen.
1562 2983 2728 3141 dernes habe er Eingelli schlingen genommen
