3024 4032
831 884 869 958 1
991 521 1689 773 Berein Dotus
1037 657 1637 837 Din Reselbes uß de
1043 729 1626 917 Randlgly Lichuig
859 856 1720 1164 Ebendt s hit der vak
850 1006 1720 1194 by Scheitli dem wirts zu Mäldhwom
860 1089 1717 1264 ein wünhelich köindt erzüget und darin
842 1183 1681 1314 zuo arwangen abgebüst, wie sy aber
830 1257 1718 1406 versöines winterß widrumb schwank
861 1331 1705 1499 inß Amentzaal komen und zuo prach
866 1400 1733 1591 allwaldt gefencklih gezogen ween
842 1498 1721 1628 nndt daselbt dise zihen fähler und uach eine
855 1567 1705 1690 mit dem seeß vort Rorbach bekendt
846 1647 1692 1774 habe man sy daselbst mit rüten gezichtiget
843 1721 1711 1879 vnndt mit dem Rydt verusen, Dadann
851 1824 1709 1924 sy sich dan zun daß Encerner gebiedt gen
844 1896 1696 2027 knntwyl begeben und daß köindt en
843 1985 1692 2128 daselbst genant Birheini zugeeignet,
806 2071 1691 2239 Daß sy aber den rydt übersächen, sye zu
862 2177 1692 2298 auß von Hertzen leidt, habe vermend
848 2254 1709 2382 etwaß in  krudt zuoverdinnen und sind
849 2336 1481 2486 widrumb forth zubmanden.
1384 2620 1717 2813 Busti
931 2664 1288 2841 Anna
953 2774 1535 2935 gafl mit hrer schwester
787 2804 1717 3006 die sezwöster, vermaldet sy habe and wer
814 2897 1718 3097 hoffet ff etwaß um der kendt zuogewung
824 2955 1717 3171 Bakhendt aber hinaeben. Habe dos ihngefaßt
827 3044 1718 3296 zwey jahren ont by einem lucmes si
828 3130 1693 3384 chen kndtegt dach
829 3190 1728 3457 d en selth e
834 3258 1735 3593 lschen
838 3384 1688 3645 geenen a
801 3664 1192 3828 gezeihunge.
1772 1441 2717 1638 Ich dlasgletste kiilt dei Bunh. 1.
1823 1516 2765 1704 dra die ehevspröcht und ab nit
