3024 4032
626 323 1508 604 hen de eit gendtscheen
581 427 1470 653 rock senttrömbdet, welchen dise frouw vet
587 532 1430 716 und ira den drittentheil daruon gabe.
619 600 1517 880 ie ader sih elenls scheten
627 734 1434 909 anderen theilt und an irem lybtreit
582 809 1529 1069 Aus Wyßenburg, uß einem willes ein gante
594 923 1498 1099 Und eis halben küß entzuckt, denn umb
611 1011 1515 1191 15 batzen verkoufften und die losung im dem
604 1089 893 1205 theil theilt,
523 1153 1509 1358 Zuo Brunnen us der näbentlusen ein sipe
604 1278 1497 1419 gestolen, daran hro die frouw mit dem ruh
623 1346 1121 1484 8 botzen müßen gäben.
576 1472 1509 1651 Deinem hof by Hutwyl mit diser hi
610 1585 1499 1719 N eines stubet ein dr zwey gutuchin dich
608 1668 1528 1788 entfrombdet zur Hudtwyl umb 2 lb verhen
601 1747 1497 1851 Da dise frouw awagen. drey theil auß der
619 1804 1518 1916 galdt gemacht und den einten für ihren sohn
594 1877 903 1980 zunbehalten.
612 1990 1503 2137 her oberen sibenthal mit voriger hilf ein
619 2081 1507 2181 blauw bar bosen genommen, dieselben zuo zedige
636 2145 1506 2255 mulen umb 30 batzen verkoufft und in
609 2223 1014 2349 Frey theil theildt.
598 2317 1506 2507 Aber auß einem fälles ein nacheid unnd
620 2425 1522 2570 ein käß entzuckt, den naschend gëßen und
600 2517 1432 2667 Den käß umb 19 batzen verkonfft.
575 2649 1522 2852 Dann des Rängg ein kleinen angwunne
620 2779 1184 2932 auß einem källertc.
594 2823 1520 3057 zuo zeingl habindt sy eines frouw ude
606 2899 1494 3134 Suben 3 hembli 2 gölles entrage d
595 2943 1529 3251 genen des
528 3088 1504 3338 E uo Stocker abermalen mit diser filf Weir
573 3143 1513 3408 stuben 2 söck, die habe dise fronw zu e
573 3209 1501 3469 verkoufft und jre für den Grittenthel
602 3327 1347 3541 Den 20. satren zu ruck gebracht.
1931 227 2419 486 d
1840 428 1920 515 es
1741 459 1870 564 hen
1615 409 2462 751 dgee
1584 537 1656 624 3
1555 499 2597 887 ee
1607 687 2248 937 aeratt
1575 765 2630 1078 en ende
1614 833 2622 1146 dee lt
1620 924 2548 1246 geene ein en i
1621 1079 2525 1320 2. Wordenwyl mit hilf zweyes Bländigken
1620 1181 2567 1408 meitlen uß einer stuben ein rock und ein leib
1618 1275 2552 1485 groth genommen. Des Rocf abes syn dem Buwer
1605 1426 1869 1545 giesin worden.
1564 1453 2628 1689 Zu Vendorff mit dies hilt uß einer stuben ondh
1611 1557 2557 1739 in roct entzwackt, darumb habe ein krämerin
1604 1635 2560 1789 In einem dorff, iren jedem 6. batul vnd ein
1621 1764 1918 1863 farduus gäben.
1620 1858 2673 2004 u Thum zum Bären, syn sy by vorgenalte fraumen
1613 1952 2540 2048 guben und dener 2 frombden meitleren gsy
1618 2018 2666 2126 da habe die frouw tnn des hinderen stuber d jung
1624 2096 2611 2203 frauwen ein roct entfrombdet und zuo Bttendorff
1609 2163 2085 2289 umb 30 b. Verkonfft.
1613 2283 2643 2440 Anet der Rewhenbrüg habe sy minttige ein wyße
1607 2374 2598 2495 dackbedtzinchen, ab einer Stanfars vor dem huß
1632 2460 2720 2580 getolen, vnd dieselbe hie In d. Stadt vmb 1. botttl.
1621 2509 1803 2635 verkoufft.
1613 2601 2704 2820 zuo Pettloffen Vß dem Brunnenfrog 2 Eynlachen,
1620 2733 2740 2927 und eides Bättlerfrounen umb 10 b verkaufft
1601 2801 2626 3026 Do schypfen abes entzig zu Obert im Eort
1612 2922 2595 3093 vor einem huß em aippen ab des Stanzen,
1633 2988 2704 3183 entragen und dieselb zuo schwanden eines dauw
1633 3058 2627 3290 gerßfrouw umb ein halbe vons verkoufft
2530 3266 2644 3400 7
2747 117 2794 206 1.
