3024 4032
975 203 1164 305 16
1167 231 1317 343 49
664 289 1606 588 lils se een
663 402 1619 665 dablesung Hanß Rudolph Lonis umb
579 480 1616 733 Warig Klauwi seiner muter gethan
588 542 1614 800 vergicht vermeint und eß allen umbsten
649 635 1597 859 abnemmen mögen, daß weder dis ein
674 745 1618 963 nach andere psoz, ty herz nit volten
640 826 1613 1053 gerampt und sie warheit angezigetn
615 903 1618 1141 haben eerdint, Deßwegen beuolchen
614 995 1609 1220 Wylz sy is grostem verdacht ob solten
578 1103 1596 1288 y Barbel Wan sy lanns erster
637 1180 1599 1384 Esryb. So wol, als die letstesten
652 1276 1620 1455 hifftet unnd by nebens sy beide uit
617 1373 1588 1547 und sohn blutschand mit einanderen
653 1474 1590 1628 getriben habet, durch nothwendige
574 1553 1592 1719 Martern absunderlich examinieren.
624 1667 1587 1808 zelaßen. Weliches gesterihen tags¬
632 1761 1585 1936 des 2. novembris in by sein hieuorese
639 1866 1591 2035 gemelten Herr Lihenders 1 heidrch
622 1971 1602 2121 2 tharners und jrs Grißweibel schwe
649 2061 1590 2240 pf gewontem Strecki jurn verrrihrt
652 2180 1593 2303 worden, Da dan erstlichen
664 2270 1588 2405 ürter Rud Lan bekent und
603 2375 1594 2523 der marter erhalten, Namliche
615 2457 1603 2636 Dß als gesagte sein lrste frauws
649 2581 1581 2746 ein kindtfelter werden wollen.
618 2645 1589 2855 vnd sich Krankmutig vnd Schmersh
628 2750 1589 2999 beftundtn ouch hernach Jareyer Kindt
644 2855 1587 3063 dnsach dierhelf und gnad Gottes
666 2969 1579 3164 entbuuden worden, Habe innah
666 3061 1568 3262 ein muter under dem schys ut
646 3161 1576 3380 liches mit lydens und ablmeisc
1616 3098 1731 3234 u
2094 368 2399 492 1649.
2749 392 2863 497 49.
1850 489 2857 624 es ein Supten gekachet, selbige Ime vfer¬
1852 582 2839 691 antwortet und befolchen soliche seiner gr
1862 657 2827 762 ugebringen, weliches er gethan von keüsen
1848 727 2817 854 gifft aber nüt gewüsthibe unnd nach dem
1849 793 2820 917 sein fr s die supden genommen und gaßen,
1815 875 2842 1007 habe flie wuter erst hernach ime vermeldet
1821 945 2793 1073 das sy müßes züg Marg gethan hette,
1840 1018 2802 1171 leßen er sy befhalten, und daruf Hanß
1827 1102 2790 1260 Joßkuchi gangen und herzlich geweinet.
1846 1185 2802 1324 jedach aber, söliches verschwigen und der
1805 1266 2813 1406 muter umbsaul verschonen wollen
1828 1357 2848 1519 anders die sach sich y nethalben nit verlaßfen.
1818 1475 2047 1614 haben etc.
1729 1652 2853 1789 Alls Aber ouch Sy die muter dorüber
1829 1751 2832 1883 befragt und zugleich mit nothwendiger
1837 1819 2833 1935 arter eramennert worden Gott
2672 1913 2757 1968 leid
1860 1903 2801 2035 sy bekent und erhalten, da sy dan gn
1865 1978 2833 2100 öliche böse duffleschen gedanken de
1847 2067 2780 2217 geratheoß damit sr die jennigen irem
2717 2143 2855 2234 zzeitlichen
1789 2151 2820 2281 Soßwgeringen zeiltichen zugebrachte
1851 2240 2829 2364 itel an sich fuchen mochten die vmelte
1627 2271 1839 2383 gerin gen
1799 2317 2815 2463 Suppes gebothet, daß gifft one gemants
1847 2416 2808 2530 wüßenschafft darof gehhan und soliche
1834 2480 2780 2621 Irer Sohns frauwen durch Ires SSahn
1837 2570 2779 2719 zugeschlekten, weliche sy auch genoßen
1794 2660 2762 2782 und gegäßen habe, wrliche das, nach
1836 2747 2839 2880 er libs velagung frucht erledig ung
1848 2826 2746 2987 B Areing tag hernach gestorben syen.
1800 2950 2778 3124 Also sy aber auch befragt worden, war
1850 3062 2767 3215 rahs laß feinge tristli darin iter
1780 3142 2802 3301 annach lebenden Hans fr pulner gewesen
