3024 4032
841 267 1102 364 1649.
626 385 1383 572 Hadis Hattibergers
625 487 1388 686 Deß jungern criminatischs
773 587 1187 695 Diocoss.
513 705 1541 917 dach dem hehenmurtigen kn
519 764 1532 974 Battiberger, der junger uß der herlich
568 861 1528 1047 worb alß ein lychtfertiger böser
573 938 1522 1118 bub wegeß deß daselbstgu worb
574 1021 1539 1212 ß der kilchen senlangst entfräubt
567 1117 1550 1293 und theils, das seines vatters hußli
598 1195 1544 1384 umb gefundenen reißgelt, vor kich
601 1288 1546 1470 abgeloffner tagen sich genßeret
573 1381 1525 1530 In die flucht begeben, en 1. febr.
569 1476 1532 1623 Aeiner von Ballingen widerumb s
565 1586 1543 1745 In verhafftung genommen, durch hi
596 1662 1480 1839 Mitherr zu Worb neben seinem
1500 1710 1542 1802 sih
602 1769 1536 1919 lichen brucht, mynen gh und obere
586 1866 1535 2022 In dero sand gwarsamlich überhi
541 1962 1546 2110 Bucd Volgents des 14. febr 161 s
585 2060 1548 2222 vsschach gedacht J gdn beuelch dursi
571 2144 1549 2304 Ehrenuesten E. E. f. wolgeachten wse
568 2228 1547 2393 ers Christofffl Fëllenberg des
525 2339 1538 2501 H. Rud Lechender ) Abraham Mat
556 2419 1549 2599 unnd h Bernhart Tcharner Gete
543 2524 1538 2713 deßgroßen raths so by sein etich
556 2632 1534 2804 weblet mighl und oberts diene
550 2719 1544 2891 So wol über disen begangnen lands
558 2782 1532 2991 lichen diebstal, alß ouch seines se
548 2891 1529 3117 lichen gefüseten läbens unß andere
533 2974 1529 3207 verdächtiger, bößen stuben halb
559 3052 1526 3338 gweiten Stansen zhuer dosen
514 3188 1521 3417 maßen pynlich extaminiert, wror
2680 232 2784 301 21.
1992 314 2223 449 1649.
1667 442 2754 670 Hatt gedachten Hattiberger, seinen be¬
1734 552 2781 768 gaugnet faller und verrrubte unthrüw
1678 629 2779 863 Jedoch mac imme von seiner jugendwegen
1671 695 2767 890 gnedis seibe und verschonet welle)) mit
1674 783 2796 975 Ruwensein hertzen freywillig versachen,
1677 877 2782 1048 und bekent, ouch volgents mit der mart
1709 980 2433 1145 erhalten und bestättiget etc.
1708 1118 2772 1282 Demlicsen, wie daß uf ein glaüfsezeit
1701 1214 2746 1380 ein gwüße manßpersan seines handt
1704 1297 2735 1443 werks ein schnyder, welicher, hienor
1689 1369 2725 1540 zu Worb an sigerist dienst gestienet,
2206 1447 2324 1523 sahap
1644 1471 2703 1616 Ime gearbeittet, vnd seinen Lidlon ge¬
1651 1541 2721 1672 worderet, Hatte er Ime darfals zur
1713 1631 2703 1752 antwart werden laßen, Er wrüste
1666 1727 2730 1866 vnd habe für dißmaletz kein gelt Inne
1689 1804 2706 1968 zubefeidigen, Worüber ermelter
1676 1907 2766 2060 Schnyßder ime angezeigt, daß nit allem
1685 1990 2754 2116 us vilbs sonderkaren orten sondern
1687 2077 2767 2234 zugleich im gwelb der kilchen zu worb
1649 2171 2706 2294 vil gelt ligen thüye, weliches aber
1696 2262 2689 2377 fur mit Hullzigen und anderen gantz
1664 2338 2688 2480 schlechten schloßen verwärt, uff
1672 2436 2650 2586 welichen er Hättiberger( doch one¬
1672 2525 2697 2672 einiches anwysen gedachten schnyders
1671 2616 2686 2779 der sein intertibn nit gemerkt, nach
1687 2714 2722 2842 eines vorhabend bein wüßenschafft int
1677 2800 2673 2952 getragen) flyßige achtung gegebet,
1593 2883 2652 3011 und alles wsl so seine orez gefaßet,
1629 2971 2655 3124 habe er sich sonilstend wyth gelusten
1659 3050 2638 3215 laßen, daß ser sich leider dabise
1632 3143 2688 3289 grsagt, sich hiemit ungefart teg vor
1557 3216 2640 3390 Ai in die kilchen begebben, die glegenheit
