3024 4032
846 258 1098 400 1649.
540 307 1519 614 Imn den eit zu vrbelle
547 461 1508 708 kind verschnyden laßsen, entricht 3 fl
530 583 1532 838 Den h. predicanten zu Warb anschu,
577 716 1534 953 4u durch sein mutter ime überschiff
569 823 877 899 3 tronen.
566 929 1537 1132 Verners Marih Bigler, so woldig
595 1034 1527 1189 im muter, als erlelbsten zu zweyen
586 1103 1511 1299 malen entricht 4 f 121 thut 4
541 1244 1529 1466 umb ein vierzispfündiges käßg
553 1384 1442 1565 2 sob halt hu5r 4 ßl.
538 1553 1522 1730 Dem schumacher Hanßen zu Wort
562 1682 1485 1806 habe er ein dublouft und zwo
586 1751 1539 1884 frauen Ilnüz bezalten unnd de
569 1839 1539 1957 Gerber zu Rychis pl 5 bz daran ein
589 1920 1385 2044 müntz und nauwen par schu bekommen.
542 1979 1535 2155 Wyters Peter künbi zu Wyl
558 2098 1530 2250 ein halbes Leütner Fleisch 1 dullen
519 2249 1516 2440 Denn. dem h. predirantes zu wyl.
531 2358 1528 2532 habe er umb zuren nüt erkaufften
503 2456 1327 2610 Haber 2e a4 bz behalten
486 2585 1518 2799 So habe er auch einem främbden, sol
537 2674 1537 2912 geschwr feil gehalten umb ein kantz be
499 2845 752 2986 E. k.
445 2944 1520 3205 Zu Walckringen mit sagerhauß sa
473 3031 1527 3282 genampt Rachißman im Esrtb huß
460 3164 1006 3376 2 l verzert
2657 302 2753 377 20
1983 315 2196 408 1649
1663 448 2704 603 In der ankenwag alhie zalt er umb
1677 537 2740 733 bpfundt ansen etc. g erfizer zu 11bag
1708 664 1817 777 1 f
1656 722 2733 919 Im Sibenthal von dreyen Roßen, gab er
1703 830 2740 979 52 weiß loß, weliche sein Vatter der
1706 916 2704 1056 sonsten nüt wüste, das er by gelt ware)
1698 988 2737 1140 uentleüt, Darfür er aber seiner
1636 1067 2587 1228 muter s gald stuk werden laßen,
1656 1240 2724 1403 dm ysenkrämer Bucher, habe er auch
1610 1347 2698 1488 vos disem gelt ein diekat p 56 batzen.
1678 1436 2002 1588 gewechstlet,
1638 1572 2577 1749 Und als er uf ein zeit alhie un
1639 1685 2690 1826 Wüberen, wolbe tocht gemacht, habe
1690 1765 2684 1914 er by einem kaufhern so ind alhie
1654 1853 2758 2005 soame unbekant, hwo ellen roth tüth.
1653 1951 2743 2086 p 40 bz ein ell auder thuch umb 8 hz.
1632 2041 2741 2193 und anderthalb ellen grünen jug p 18 bbz
1650 2116 2737 2296 thüit 6 l 13 l uß dem rtothtuch habe
1643 2199 2750 2359 er seine ein tuslhembd, so nach vorhanden
2087 2300 2167 2372 wolle
1654 2315 2767 2440 anmachen laßen, die einsige ellen, oder
1648 2385 2740 2537 habe er, Schumacher Hausen, mit deme
1649 2478 2697 2630 er ein trink gethan, werden laßen,
2102 2579 2543 2709 Vmb in Cöcterkher
1606 2587 2715 2792 zu Burgdorf 35 bz item seiner fr umb
1612 2728 2720 2892 ein hat 7 fl 1 p und schnyder claus.
1648 2799 2735 2982 von Warb umb ein eoppen 19 bahl.
1635 2873 2412 3044 bezalt und verthab 65 lb 1 l
1600 2961 2692 3170 Endtlichen habe so sye ouch nit tremper,
1597 3080 2746 3246 dan das er zunghesten sich fey steilen, vndt
1628 3153 2744 3378 und anderer dergleicheübigkeit gebruchen
1639 3261 2703 3437 loß, weliches sine aber hertzlickleidt
1619 3310 2696 3493 Bette dergwes Gott den H. vndt
1625 3377 2777 3616 jedermeingklich umb gnad unb verzychung
2427 3682 2783 3866 da 61 f 20 f.
