3024 4032
911 157 1262 309 1650
636 193 1612 544 Und da er und Wolf dess handels dess
690 336 1590 615 einen worden, dass Michel Jm Hof er¬
672 409 1617 679 schossen und also umb gebracht wurde,
679 476 1640 771 habe er (wie er vermeine) 30 kronen die er
696 583 1639 840 am Stutz vermitlet eines gültbrieffs
657 652 1646 914 zegäben versprochen gepaten, er habe
692 739 1645 1001 aber nit vermeint, dass söliches durch
683 819 1654 1071 jnne Leeman, sonders durch Wolffen
681 887 1633 1140 anordnug geschechen werde, welle
676 1004 1635 1231 aber jnne Leeman alss der gantz
626 1079 1649 1314 nüchter zuo jnen getrunknen und wol¬
674 1163 1657 1398 bezächten kommen, hierüber sein erlüter¬
683 1258 1648 1464 ung thuon lassen und was er diss orts
648 1336 1640 1550 zügen werde, fhür wahr sein halten,
651 1420 1625 1609 drufhin er nacher heymet zogen unnd
675 1513 1618 1702 nach gethanem schlaff disen dingen
665 1623 1597 1766 nachgedenckt, sye er jn ein rüwen
670 1710 1602 1865 gefallen, desswegen alsbald mit
609 1793 1629 1964 Michel Williner gan Thun zuo jme Wolf
662 1886 1618 2018 gangen, demselben anzeigt er sölle mit
592 1966 1606 2110 der sach gegen jme Jm Hoof nit fort¬
645 2037 1625 2212 faren sonder dessen müssig ghan, dan
648 2150 1606 2292 er nüt darmit zethuon oder zeschaffen
634 2231 1622 2396 haben wölle, unnd er habe jnne Wolf
605 2314 1617 2463 umb gottes willen gebäten, dass er
652 2416 1621 2566 söliches underwegen lasse, welicher jm
648 2499 1600 2655 aber daruf nit vil geantwortet
633 2602 1616 2719 wie das Michel Williner söliches alles
614 2669 1598 2881 gehört und er sich hiemit uff jnne be¬
632 2809 1135 2941 rüffen thüyen etc.
583 2880 1586 3098 Hierüber dan volget wass Michel Wil¬
590 2957 1587 3155 liner vor dem jr. seh zuo Thun luth
581 3052 1583 3233 luth desselben von jr. gdn. überschickten missif
567 3118 1608 3333 diss orts züget hat, so jn volgenden worten
595 3298 827 3426 bestath.
2810 247 2953 346 66.
2134 324 2455 426 1650
1797 412 2888 620 Dess ersten, so hat Michel Williner von
1847 493 2942 658 Schwanden gezüget, dass gesagter Peter am
1856 562 2905 750 Stutz jnne gebäten habe mit jme nacher
1863 629 2968 826 Thun zum Anthoni Wolff zegahn und als er
1865 716 2938 873 der Peter am Stutz under dessen da er ge¬
1857 782 2941 940 züg sich umb etwas underwegen versumpt
1841 855 2893 1044 zui jme Wolffen gegangen und er gezüg
1862 950 2920 1108 gleich auch darzuo kommen und sy gegen ein¬
1875 1022 2938 1156 anderen zornig gesechen, da habe der Peter
1854 1100 2941 1239 am Stutz zuo jme Wolffen gesagt, weliches
1868 1184 2933 1331 er gezüg selbsten gehört, sy möchten etwz
1847 1265 2945 1419 jm trunk ein anderen versprochen haben,
1845 1355 2947 1469 er am Stutz aber sye dessen übel geruwen
1861 1423 2913 1543 und sy wellint dauon abstehen und sich
1825 1505 2865 1630 dessen müssigen, worüber ermelter
1810 1573 2942 1705 Wolf sich erzürnt und daruf vermeldet,
1856 1658 2887 1800 wan er am Stutz jme nit halte, so wölle
1854 1739 2620 1864 er jme den blätz wol machen etc.
1847 1810 2845 1945 Dass hat er solemiter mit dem eydt erhalten.
1850 1900 2918 2048 Demnach bezügeten auch obgedachter Michel
1747 1980 2928 2090 Williner, Uolli und Beath Müller vatter
1850 2043 2888 2173 und sohn beid zuo Wyler und samptlich
1836 2113 2900 2251 jm gricht Sigriswyl einmündig, wie
1798 2186 2927 2314 dass es zuo gegenden meyen ein jar g'sin,
1840 2252 2881 2419 dass sy dem Peter am Stutz ein spycher
1844 2341 2905 2479 gemacht und uffgerichtet, da sye Anthoni
1754 2423 2886 2571 Wolf zuo jme am Stutz kommen und nach
1861 2492 2905 2651 dem sy beid Wolff und am Stutz stark
1855 2578 2920 2717 mit einanderen gewortet, habind sy ge¬
1847 2652 2882 2835 zügen entlich gehört, das der am Stutz zuo
1829 2725 2885 2874 jme Wolffen gesagt, er sölle jnne mit
1783 2809 2919 2985 friden lassen, er wölle nützit mit jme
1835 2865 2893 3045 zuoschaffen haben, daruf Wolf vermeldet
1834 2949 2886 3136 wan er jme das, was er verheissen nit halten
1846 3027 2894 3186 werde, wölle er jme den blätz machen
1827 3099 2910 3281 worumb sy aber damalen mit einanderen ge¬
1824 3158 2893 3324 wortet habint sy gezüg söliches nit wüssen
1842 3240 2880 3421 mögen, endet hiemit jr usssagen, act. 20.
1806 3284 2138 3413 meyen 1650
