3024 4032
954 167 1276 289 1650
758 219 1584 526 Volget was Hanss Leeman
811 354 1555 595 alhie uf sein examen gezüget
594 375 1639 734 Namlichen, er habe Peter am Stutz jn An¬
705 533 1564 757 thoni Wolffen huss zum ersten mal gesechen
710 614 1670 875 und mit jme geredt, do sy beid Wolf
699 694 1658 949 und am Stutz, weibel Jm Hoof zeerschiessen
680 769 1639 1012 verdingen wöllen, sonst siderhar ein¬
708 855 1650 1088 malen, dan als er nach ussgestandner
694 941 1671 1188 hiesiger g'fangenscht von einem jme unk¬
659 1000 1638 1233 kanten mahan seinem fürgeben nach
668 1091 1655 1324 Peter am Stutz verwanten nach Sigriss¬
710 1174 1635 1408 wyl da er sonsten sein läbtag nie ge¬
694 1262 1616 1462 wesen zuo jme Stutz gefürt, von jme
697 1336 1623 1548 seiner härgangenheit dess wolffischen
688 1423 1616 1636 handels befragt, morndrigen tags
686 1521 1636 1738 aber früy mit einem alten wyssen mahn
669 1617 1637 1777 widerumb gan Thun gereiset, sonst sye
672 1700 1616 1861 jme Leeman diser Peter am Stutz
667 1788 1626 1966 ussert erzeltem gantz unbekant gewesen
647 1889 1634 2040 und habe er Leeman söliche that zeuer¬
674 1986 1610 2140 richten niemalen jm sinn ghan, auch jnen
637 2065 1608 2207 hieruf nit vil geantwortet, sonder
634 2162 1604 2300 söliches g'leich hernach Michel Jm Hofs
651 2241 1598 2380 fründ, Hanss Jm Hof genant angezeigt
647 2339 1580 2459 und dessen verwarnet, auch zuogleich
633 2414 1576 2576 jmme Michel Jm Hooff selbsten dessen
643 2507 1586 2659 andütung gethan sorg zuo jme zehalten
608 2577 1585 2730 dan er jme die sach nit ussfürlich ver¬
630 2674 1571 2801 melden dörffen, wyl er ein strenger
602 2747 1606 2943 mahn sye, anders sye es nit hergangen etc.
2806 329 2933 452 67
2130 370 2411 467 1650
1934 461 2728 631 Petter am Stutz ander¬
1982 555 2713 696 wertig examen und bekantnus
1876 705 2906 841 Nach dem myne hoch und wolge¬
1880 776 2873 935 ehrte herrn, hern Niclaus Lombach, herr
1874 844 2889 966 Dauidt von Büren beid dess kleinen raths
1860 901 2866 1019 jn by sein und gegenwürtigkeit herren
1819 970 2865 1124 grossweybel Tscharners uss beuelch
1888 1047 2881 1187 mghr. und obern der droben g'fencklich
1795 1110 2912 1269 verhaffte Peter am Stutz von Sigrisswyl
1819 1198 2868 1371 (hieuor den 7. Junii jm strecki thurn
1839 1274 2911 1402 nach dem er an dass seyl geknöpfft worden)
1838 1349 2905 1491 by betröüwung der anwendung strenger
1754 1439 2871 1571 marter wie auch uf hüt den 15. dito
1833 1517 2911 1635 diss jars jn der g'fangenschafft ganzt ernst¬
1852 1598 2875 1751 hafftig nochmalen examiniert worden, jm grund
1813 1680 2875 1809 der warheit anzuozeigen, wie es vor
1851 1762 2841 1902 etwas jares mit dem uff Michel
1848 1833 2844 1977 Jm Hoff den weibel zuo Stäuissburg
1864 1918 2818 2071 angestelten mörderischen complot
1846 2010 2850 2135 hergangen und ob er nit denselben
1811 2090 2847 2231 schantlicherwyss umb zebringen und
1850 2185 2812 2330 hindurch zerichten Peter Furer
1766 2254 2380 2399 verdingen wöllen?
1752 2380 2841 2533 Hatt er sich zwar vermeldet jedoch sich
2438 2493 2610 2547 als Peter Furer
1761 2475 2858 2607 uf die kundtschafften und jenigen (so mit
1666 2543 2853 2683 umbgangen die sach und andere alss und Michel Williner
1868 2627 2821 2759 und mithaffte berüfft), * das als er
1637 2638 1829 2745 * jedoch ver¬
1645 2720 1817 2779 meldet
1858 2699 2829 2851 vor etwass zeits sich zuo Thun uf der
1791 2785 2813 2918 gsellschafft zun schuomacheren by einem
1834 2861 2840 3000 trunk befunden, sye Peter Furer
1861 2944 2850 3068 sampt seinem vatter und anderen landt¬
1821 3034 2809 3165 lüthen mehr, daselbsten an einem tisch
