3024 4032
931 155 1174 272 1649.
636 235 1505 500 velten vn egehien
639 320 1594 613 ach landtge ene
1500 417 1602 542 ete
670 423 1492 629 uffgenommen und boßs das die 11 jan
663 487 1484 695 allters js der forcht gottes mit
1505 574 1600 664 auh
624 542 1471 758 rtath ernert und erhalten werden.
1489 642 1593 736 sah
670 651 1596 878 er nach sölicher helt by underschedenlich
563 709 1595 963 meisteres gedienelt und dazemmasen al
644 803 1610 1040 by pärifpacher im dienst gewassen
657 900 1594 1096 den enstwillss an kilhs und Bickun
643 997 1594 1174 gahn, sölicher gstaltes ubernammen unnd
648 1059 1603 1258 bemechtiget, daß er sich daselbsten he
660 1166 1594 1341 wyß mit Zereyes wybs vsontd
593 1239 1601 1427 Drynen und dir andere styni gent so si
415 1330 495 1399 2
582 1332 1485 1514 nd unluterkeit verganget,
576 1476 1594 1668 Dauethin, alß er in sölichem gottlos
649 1597 1585 1766 gppigen wesen furstgesartn, vnd sich li
605 1673 1586 1824 Ie lengeri ir mehr an soshne im janng
586 1754 1584 1899 herumb schweistende herreygebrokt
636 1849 1587 1990 von denselben vilmalen 3l un Bugteiste
643 1934 1570 2067 bereden vnd Löcken laßen, Habe
660 2012 1578 2143 seinem ehewyb kei ehelichertieken
656 2095 1574 2220 enangesechen sy inneste
1520 2186 1572 2289 sen
369 2169 1523 2341 kein ehliche sf vil guts anfnant saut mehr
380 2290 615 2407 und pflicht
657 2254 1579 2422 erglerliches läbens beschalten, inst
606 2347 1570 2470 leisten und bewysen kannen, sonderg
626 2434 1571 2587 dieselbige hampt frei annach käbent
588 2512 1570 2678 Kind gantz trüwloßer wyß sbid
630 2592 1562 2791 geschlagen und verlaßsen unnd hön
568 2690 1570 2888 mist Hrlf Uli Gräüfs seines gestant
628 2776 1557 2971 irem lunermeister Cristts Schuyer
568 2851 1557 3041 Dem herr Predicanten zusvorb alsshu
581 2937 1546 3138 Deß herr vogt von Tarberg umb gena
602 3013 1547 3230 arbeit diebischerwyß ungehoren,
612 3105 1524 3326 volgents sich mit sölchen gebt et
615 3164 1540 3411 melten seinem gehoomen, sacet einers
2723 203 2816 268 38
1986 253 2195 365 1649.
1685 310 2851 541 Wolkringen by sich gesepten kirnen Leii gute
1702 432 2818 605 dero er zwar wie ehe versprohen und sich
1707 495 2838 657 haruf vllfaltig nüt jrez versdrabt, abese doch
1681 570 2844 749 kein kilchenrecht getlag, neben nach 30 b
1695 644 2797 807 die er umb selbige zeit von einem haustmah
1718 728 2790 878 abhie in der statt zu deme er für eines sol
1717 804 2804 964 haten gedinget, aber nüt gehaltn uß die hans
1722 875 2819 1048 eifangkn, ius niderland getagn und silich
1738 956 2789 1117 eltkmt einanders hin und leider ver
1683 1043 2810 1197 vvelempt und verbraßet Wyl aber
1705 1120 2767 1259 selbige sein lirnen in zit abbeiten nach
1722 1194 2740 1344 müßen wellen, Habe er sy quttiert
1722 1297 2141 1417 vnnd verlaßen,
1675 1435 2780 1599 fene mit einer ander Tirneg Anna Kling
1731 1545 2787 1668 geat vos Haßli by Burgdorf gekürtig dero
1731 1614 2779 1736 er auch die ehe verpracht und hernach
1725 1679 2805 1829 one kilchenrecht sy niderlanden verlassen,
1700 1766 2788 1901 habe er sich gleichfals in fleischlicher
1711 1853 2752 1987 unzucht vilfaltig vergessen unnd
1719 1930 1966 2051 besudlet
1900 2030 2019 2124 1
1665 2083 2725 2210 So habe er im wider Ob sich Reisen. In
1675 2156 2778 2277 Walenburg Bäsel gebiets, ein andert sienen
1691 2228 2739 2355 Bläsi Barbli Hett angetraffen, weliche
1702 2307 2733 2435 er glaub Gebstbüleri nacher Oberburg
1690 2378 2730 2514 dem geweßnen wirt daselbsten zugefört,
1654 2460 2716 2599 Underwegs aber mit hilf fegesagter
1680 2534 2727 2649 cirnet neben fleisch laher mit Irs Trubten
1668 2618 2724 2760 vermüschuugen. Habe er im Bienbach ein
1663 2702 2738 2812 schaf entframbdet, daßelbig zu oberkuag
1711 2766 2718 2896 mit einanderen genoßen, und demnach die
1648 2851 2429 3002 Heire verschickt und verlaßen.
1667 2958 2717 3086 Dauethin habe er alß bald ein andere Tirnen
1663 3054 2716 3170 Barkli geat so uf einzeit alhier zur lranen
1676 3118 2714 3256 gedienet wegen, sy etwas gelth als by gei
1651 3181 2704 3347 by sich hatte, angenamen, sich mit dero In¬
