3024 4032
428 769 545 916 16
398 1272 522 1371 19
420 1792 548 1891 20.
419 2262 516 2354 21
412 2783 530 2853 a2.
938 160 1187 271 1649.
486 209 1529 537 Verenben tictigen
580 348 1605 610 by einem kilt faucht lehten, hate erlügt
641 421 1520 653 abermalen, mit seiner jurigen Vorni
542 508 1504 714 Nastili geat Gysten kusheit befleckt,
542 670 1567 930 Mit einer anderen Tirnen vor Rudert
661 789 1519 979 auch Vreni gent hab er äbenanßig
621 876 963 1016 vergangen,
1467 928 1582 1035 s
623 1006 1568 1215 zu Warb als er daselbsten uf einzeit
663 1130 1576 1295 einem zimermeist Jan deßs geyvogt unn
660 1186 1596 1392 Tarbergs spürts g holffen arbeiten, habe
667 1271 1578 1436 er sich auch trünkner wyls mit einer
643 1347 1579 1559 birgen zu Wikerswyl dasemmb sy¬
653 1433 1479 1592 A. In vnluterkeit Sedart
625 1617 1579 1793 Werners mit einer anderes umbhweiß
634 1722 1586 1850 Anreizend Hienen von Sumiswal
656 1790 1571 1948 er auch unküsche werk getriben und
653 1887 969 2016 begangen,
622 2063 1560 2222 sene mit karmesers dochter szu
627 2173 1566 2289 Goldbach hab ehr sich in unküsche that
629 2256 1558 2398 daselbstet vergriffen und die sundl
639 2350 946 2515 gefracht
651 2559 1575 2722 So habe er auch entlich sich mit einer
614 2647 1555 2804 kurtzen schwarzlechte wsybs psas vo
636 2718 1564 2884 Eristwyl anm entz zu Hufey und
632 2770 1569 2994 unrzecht befleckt unnd hiemit
640 2852 1566 3042 er anlässigen und umbserschwesen
626 2962 1564 3148 hirnen Is fhebruch Schwerlich wider
629 3020 1564 3248 Gotten und sein heylises wort
642 3154 1299 3350 hendiget und besidlete
2681 194 2810 277 40
1958 235 2189 334 1649.
1723 314 2822 513 dns zu Lanißwyl vor ungefar 9 joren
1725 419 2489 623 habeer ein hägisten entwent
1736 552 2820 726 verners mit hilf Clans Geißbulers synes
1743 627 2807 814 gespanen Hnd Blähi Barblis hievorgemelt,
1667 687 2840 915 Bohn Amas im Kranchtal ein alsagt entblöst
1701 783 2794 947 daß ysenekerkh kelttinen und dergleichen
1704 864 2768 1023 Dnrac geweßne bschlecht, darnan genamen
1743 941 2762 1089 söliches verkaufft und zu seinen antheil
1728 1030 2114 1165 0be bekamnen.
1717 1152 2785 1342 Huss zistorst, Linzig, vndt allein, wie zu
1729 1254 2782 1427 gleich zu Mötschwyl. habe er auch etwas
1730 1335 2770 1471 ysenwerks als by 26 lb entwent und
1736 1413 2773 1575 selbiges dem schmid zu Haßli das fundt
1715 1506 2331 1641 hl wrüzer verkaufft
1699 1743 2756 1874 anethin zu Hub und im krauchtlal an
1717 1834 2752 1964 jederem art eins und zu Wötschwyl
1732 1907 2775 2027 2. säch und hiemit an der zal 4 sach habe
1729 1965 2745 2095 er ab des pflügen entfrömkdet i zu
1738 2044 2746 2164 gleich dem her zu Tarberg by der Schuren
1709 2118 2701 2258 ein ketti entragen, söliches alles sein
1708 2209 2713 2340 Schmid zn Häßli Sohalles ungefar ein
1728 2275 2711 2421 halben Leutger gewrosen, d pfundt e 3.
1695 2363 2194 2478 wriher verkaufft.
1673 2509 2695 2662 Deüe mit hief abgemelten Geistbulers
1686 2603 2701 2733 Unner von Rüghouwr, item zu Burgderf
1703 2667 2739 2796 und Grüneanat zu wegen underschiden.
1691 2738 2701 2870 lichen malen, aller guttung Vsenwerkh
1717 2826 2698 2946 ab des Wägen gebrochen söliches durch
1648 2891 2718 3007 Heißbuler als by vngefar einem Centwer
1710 2963 2710 3094 dem sehmid zu rtattflu zugebracht und
1684 3033 2430 3209 daße pfund e 1 bz verkaufft.
