3024 4032
835 154 1153 279 1650
753 238 1477 473 Made cubar
886 374 1469 530 von Trub und Peter
887 434 1394 599 Scheyd er Ehmen
612 533 1629 818 Nach dem verschiner tagen, die doote
657 654 1605 883 verhaffte madl dubach bekent, das s
651 716 1616 934 Ramlichen Irer vßgewihnen dochseh
617 808 1644 1020 Stein ngvebt an lyß geben und frn sa
621 872 1639 1087 Comiilert, daß selbiche, Io diser hofli
663 940 1629 1158 zeit nit alles s enthandwig voh
640 1039 1606 1225 Müllenen sein blumwersch und llub
654 1118 1626 1336 by nächtlicher wyl uß seinem garten
678 1221 1628 1390 gegraben und enterenst, sonderr
655 1300 1608 1461 auch äbenmeßig h Margnart
676 1390 1613 1565 zechender altvogt zu Artrangen
693 1467 1624 1627 seinem altenberg uß etlich zuberg
678 1551 1622 1715 vor den pfensteren oben zerab, in
664 1649 1632 1823 blumenzugt afs Nageli Fürt wegri
671 1741 1608 1916 und alend dergleichen gestoken und
688 1849 1595 1989 entragen. selbiges zwar hernach
664 1938 1622 2084 Ime wrs sehender uf gethone betränen,
675 2038 1625 2178 mug, wie zugleich fahe j von Mülling
677 2127 1615 2246 seine sachen, etliche gstalt nach dem
686 2202 1609 2367 sy madle als jrer danffer besanh
694 2282 1594 2429 nen diebstäl abgenomen verkihten.
665 2368 1587 2501 wöllen, alls das jung erkent
633 2440 1595 2617 ostiteren müß alß s
676 2537 1600 2687 welte Madle dibach wyl sy e
638 2626 1591 2801 Lind vilmer zum stäken, das aher zu
668 2731 1594 2882 ehrlich handarbeit erzohen, zu wol
619 2787 1590 2971 vdienter gnediger straf l stund
623 2855 1597 3080 Ins Trylhüßli erkent, snder solget
601 2962 1580 3139 Den 22. aprisis von statt und landt
599 2996 1616 3262 zusampt demn eheman Petes Schuff
669 3139 1567 3376 esich auch sathiert und jerganzen
647 3224 1396 3474 gutrist verwesen were
2815 235 2927 329 62
2183 323 2463 403 1650.
1985 400 2538 581 Anna Marin
2032 521 2359 631 ai Heidin
1800 546 2964 776 Alß verschiner tagen selbige auch gefenlich
1856 649 2911 850 aher gestracht und fligbstäles lagbt
1879 668 2931 917 gauniert worden. Ist selbige wyle
1886 787 2923 987 v groß schwangere b end, daß
1818 861 2939 1082 ehreo keine begangen unhaben bekanstlich
1881 939 2946 1107 ein wolles ddurch dee pronoses uf die
1837 1011 2902 1201 Gaentzen gefürt und sigli gebüet, ei
1878 1091 2926 1250 mehr zu betrettn mit einer censur ver
1903 1177 2865 1360 wisen worden Actum 22. aprilis
1892 1566 2644 1728 Schan drotat uß
1937 1662 2622 1791 Franckryh jehund zu
1961 1726 2747 1877 Pätterlingen walhafftn.
1883 1942 2841 2105 wilden derselbig is verdacht.
1846 2045 2829 2152 kamen, ob solte er een faltscher
1773 2115 2839 2239 M�nzer sein Sonderliche kaber
1843 2197 2930 2336 umb sauil desto mehr wyl sonder
1822 2276 2948 2411 Ime etliche feltsche münz i viersache
1841 2357 2945 2504 1. eintache den bfonen und ein Rogal
1866 2437 2911 2578 so alhes unnnz gefunden worden, da
1864 2513 2936 2673 man vermeint wys er ein gwüßes
1795 2591 2941 2748 Wadel, so er seinem fürgeben nach zu
1797 2662 2893 2839 suorff gebauht, Dasemnhar es Ih
1847 2757 2909 2930 gsent dise behaffung genamen snnd
1802 2849 2936 3023 Deß 9 wuches unsil eßhalb von hauß
1791 2930 2925 3101 und frauerich nach verrhafft bricht
1645 3021 1843 3102 ynlangen
1843 2999 2874 3187 enthalten worden. Wylaber solich
1649 3082 1801 3150 wurde.
1837 3091 2904 3260 anflag uf imne nit gebracht werden.
1831 3159 2945 3374 kamnen alß ist er ut abtrag eos
1815 3229 2771 3454 widuub ledig gelaßen worden.
