3024 4032
858 265 1128 402 1649.
522 395 1533 655 Hatt derselbig seinen begangnen fallen
522 497 1524 725 geund verübte unthrüche, mit ungene
542 562 1518 768 hertzen Freywillig verzächen, vnnd
548 660 1520 862 bekent, auch volgents mit der warten
552 747 1342 916 erhalten und bestättiget.
505 849 1517 1101 Namlichen, daß nachdem ertt
567 1007 1532 1192 einzeit mit einer gwüßen manbges
564 1087 1510 1255 so leiners Handererks sein schnyder
550 1168 1541 1344 und hienar zu Worb am sichristn de
553 1251 1528 1412 gedienet, under anderen gespräch
488 1347 1528 1505 geltshalben, auch zu reden worden, hab
481 1431 1514 1591 gesazter Schnyder, doch uf kein bis
517 1538 1530 1683 Intention noch das er an disem dieb¬
574 1631 1524 1767 tal einihe schuild noch wüßenschafft
553 1712 1527 1853 getragen. daruf zur auftwert we
498 1803 1528 1918 laßen, wie daß nut mir an anderen
570 1877 1532 2021 orhten, sonders auch vilgelts z
494 1961 1529 2110 kilchen daselbst zu Worb im gwelt
551 2051 1522 2214 ligen tlüge. Unnd nachdem erstan
550 2149 1529 2287 ermeltem schnyder, die beschaffenhet
531 2242 1531 2381 der thüres unnd schloßen sondie
545 2324 1518 2486 und erkändiget, Habe er sich
514 2415 1525 2585 umb souil gelusten laßen, das er sich
509 2500 1525 2705 ungefer 6 tag vor Martini dem
548 2602 1524 2776 er aber nüt geschaffet und hernach
518 2683 1526 2868 widerumb uff Martini marithr
524 2792 1524 2976 licher wyß by heiterem tag jedi
529 2890 1519 3073 versterlt (ane daß seine elter
315 2978 1520 3238 nchiemandteras dauan getheüst nach andere
512 3047 1523 3291 darzu gehept) by heiterem tag
476 3137 1522 3388 kilchen versteckt und anfanselich
2679 144 2764 230 19.
1920 269 2192 387 1649.
1697 342 2738 596 mit einem pfenster Stängli, daran er
1693 407 2756 670 ein fälli gewacht, heryo griffen, daß
1669 496 2748 766 selzige schloße der parthures uffge
1687 578 2755 870 schloßsen unnd volgents die fsige gerelb
1674 683 2735 931 fhügen mit einem Buntzhaggeh uffge
1700 733 2752 1001 wägen, dieselb mit einem kleinen by sich
1703 849 2772 1098 schepten Sparli hinderlegt und hernach
1650 926 2783 1144 mit anderen Instrumenten alsfangen
1693 1014 2791 1214 als zangen tylen und sagen, eit gwalt
1681 1101 2758 1343 geösfnet und ein große Aina gelts an
1670 1220 2729 1372 gald und silbersorteß, weliches man
1638 1288 2764 1509 für 300 cronen strents geachtet, daruß
1694 1398 2807 1552 entfrödet, soliches alles verschlasgner
1683 1468 2719 1681 wyß hinderruks seiner eltereß g
1588 1592 2763 1747 sin derselbes huß und theimb getragen und
1675 1681 2746 1858 deßmehren heil deß felts i seines
1677 1778 2765 1918 Vatters Spychern In ein Standen ver¬
1693 1883 2716 2038 borfen, hernach aber uf beschechne
1660 1976 2777 2121 hußsuchen etliche barschafft uffess
1666 2075 2735 2231 Busis und (ren) im schwynstal alß
1678 2160 2663 2322 b ungefahren 806 lb wriderammb pf
1666 2258 2692 2409 faud unnd der gmeind zugestelt
1663 2344 2092 2470 worden sye etc.
1632 2477 2709 2633 So habe er ouch ußert obiger sei
1666 2589 2704 2742 noch ungefar by 160r von ermeltem
1611 2673 2664 2805 rei�gelt, aß nach volgende ort zube
1662 2760 2662 2911 zaflung seiner schuldes und sonsten
1673 2842 2413 3000 angetrenht und verbrucht,
1627 2963 2661 3137 Alß eostlichen Michel Hiesi zu Wark
1651 3067 2644 3217 6t gelischen gelt, weliche er dem sern fur
1673 3148 2598 3290 ein buß geben müßen Restifuiert.
