3024 4032
847 262 1108 382 1649.
558 371 1527 658 Een al er reisel ache uen
594 494 1522 711 sich wsol bezacht semacht, habbe er alhi
572 550 1528 823 by einem ime unbekaten kauffer
546 651 1503 856 zwo elles rothtuch pe 40 b aeh im
565 759 1506 937 ell ander gattung pet 38 bz und das
555 835 1486 1012 4. ellen gsonnen zug et. 10 kz. kaufft
563 930 1524 1105 und dasrumb beshalt 16 lb 13 b u des
514 1016 1491 1190 rothtuch, so nach vorhanden, habe sern
555 1102 1516 1277 Ime zn einem Wielhembd bruch wolle
529 1190 1508 1348 die einzige ell aber, mit demser ein
534 1267 1360 1427 trunk gethaten werden laßen.
527 1422 1528 1619 zu Burgdorf umb ein sytenwehr 3
576 1563 1523 1693 einer fronwrl umb ein hut  ke
559 1630 1522 1765 und daß schnyder Clauß zu Warbsanh
556 1720 1519 1882 ein tschapben 19 bz. vnd hirmit 271
555 1823 1286 1966 1 l bezalt und verthan,
531 1943 1504 2116 entlichen sye auch nit wenig, das das er
554 2054 1509 2167 sich zunseiten zum spilen und derseg
530 2132 1511 2280 Vorbikenten, gebruch laßen, weliches
522 2200 1484 2355 Ime aber hertzlich leid und deseren
492 2290 1502 2439 Gottden Herrn und jeder mehnselch
499 2360 1495 2533 umb gnad und verzychung gebätt,
545 2464 1104 2605 haben wolle etc.
506 2743 1510 2975 dff soliche sein, deß gedachten
485 2836 1497 3057 Gott bergers, schwere. grichtige, vndt
514 2908 1502 3130 vatterlland, schädlich und unrfintlich
531 3020 1507 3240 diebstal und mißhandlunges
537 3079 1508 3303 myn g hers und oberese h schuth
501 3155 1499 3402 Räll und burger, diser Freyen gelt
273 3231 1499 3538 stattseageff Jar Lydt zu recht erkent und ges
2625 203 2728 286 24
1904 286 2146 393 1649.
1597 382 2715 688 Des man Inne dem Nachrichter befelchen,
1620 457 2771 730 bejunel uß uf die gewante richtstatt.
1614 570 2450 801 ghieren und daselbbst mind dem
1599 620 2766 857 vom läben zans tögt nach keiserlichem rechten
1615 751 2124 963 gneichts soll s
1619 936 2751 1178 Den 20. fembris ist ime hatt beager wegen
1663 1047 2775 1221 seiner zugetwerkhanet und daß er sich hienac
1640 1119 2747 1293 und bßert diselh diebstal zuf Welhihem er
1645 1212 2668 1390 durch hienargfmelten schnyder gegebne,
1641 1264 2743 1476 adrecte geredtz worden, sich ehrliche bhalten
1620 1375 2749 1583 ußgnaden das läben uf verhoffende leßer
1624 1470 2680 1652 ung geschenkt und schwey jar lang
1615 1558 2674 1713 de ins schallenefferkt uf einge
1619 1639 2699 1831 schwaren erfech erkent und gescheidet
1624 1777 1864 1886 worden.
1805 1845 2171 1978 Urtech
1659 1931 2709 2104 und de Beege Lodem volgender gstalten
1656 2035 2573 2185 sein bekantnuß von sich gegeben
1612 2205 2663 2370 Ich Hans Hattiberger der jünger
1617 2318 2700 2448 hievorgemelten bekennen offentlich mit disem
1593 2380 2701 2495 brieff. Demnach Ich mich wider Gott
1628 2470 2673 2622 und mys hoche oberbeit, schwerlich und
1626 2555 2662 2695 hochlichen, mit nechst beschabnem landt
1586 2660 2647 2796 Nädlichen diebstaf Verdrach, vnndt
1576 2726 2629 2860 Verpeßen Daßenhar und von deßwegen
1598 2811 2622 2966 Ich jo hachgedacht  gi banden unnd ge
1659 2899 2630 3064 ancenshasstn komez vnd gerathen, vnd
1627 2964 2656 3122 Pinnt  Examen. vnd daruf erfolgte
1599 3065 2635 3221 marter ußgestanden, alles nach wyt
1623 3138 2659 3305 löüffigtmn inhalt myner bekantnus
2356 3207 2598 3362 halben,
1585 3251 2212 3415 Dunu Thien 6lchs.
