3024 4032
930 225 1210 347 1649
764 343 1430 531 Maria Haas von
696 401 1411 605 Rimisperg ussen ampt Bipp
498 486 1508 789 Nachdem die droben verschiner tagen
574 655 1533 864 ussem ampt Bipp alher gebrachte verhaffte
539 712 1495 905 Maria Haass den 9. May 1649 uss jr gdn.
568 786 1516 1016 beuelch durch dero geliebten mitrath
519 867 1505 1069 hern Abraham Amport, by sein heren
523 948 1525 1147 spitalmeister Lerbers hrn. grossweibel
546 1040 1524 1243 Tscharners und hrn. Lupichii des helffers
552 1122 1501 1292 alhier, mit fründtlichen und gelinden
546 1199 1515 1389 worten über die mit jrem bruodern
513 1281 1506 1454 Peter Haas grüwenlichen verübten
517 1359 1513 1527 schantthat halben examiniert worden,
513 1434 1530 1629 hatt sy uf nach beschribne interrogata
528 1554 1367 1695 geantwortet wie volgett.
397 1741 1518 1909 1. Alss sy befragt worden, wo sy jr kind
347 1854 1434 2017 gelassen habe, und wess dasselbige sye?
484 1941 1511 2117 Hat sy jn aller einfalt die sonsten mehr
550 2070 1514 2195 einem tohren alss einem verstendigen möntschen
514 2139 1468 2272 zuovergleichen, anzeigt dass kind sye
505 2215 1504 2365 daheim by vatter und muoter, und ghöre
522 2299 1260 2430 dem Peter, jrem bruoder.
531 2461 1502 2624 2. Gefragt wie dis dan zuogangen und wie
535 2559 1493 2713 sy es gemacht habind, ouch an welichen orten
530 2639 951 2794 es geschechen?
483 2685 1501 2856 Antwort, in einem holtz ungefar ein
517 2781 1492 2980 halb viertel stundt vom dorf, alwo sy
532 2846 1487 3014 mit einanderen holtzöpffel uffgeläsen,
485 2943 1492 3133 da habe jr bruoder sy als der da sterker
525 3037 1488 3218 als sy ware nider geworffen, unge¬
521 3090 1486 3319 acht sy geschruwen, uf sy gelegen unnd
504 3184 1477 3395 die leidige that mit jren verbracht, sy habe
502 3275 1478 3475 es aber nit gern gethan und sye nur ein
506 3422 971 3574 mal geschechen.
2714 254 2784 332 27
1950 296 2236 401 1649
1699 391 2783 580 3. Ob niemandts mehr darby g'sin? Ant. das
1706 489 2725 627 damals sye Müller Hanssli auch by jnen
1703 558 2752 733 gewessen, derselbig aber seinen böglinen
1638 632 2698 792 so er den vöglen gesteckt, nach gangen
1691 700 2753 842 und sye disere that erst nach dem er Hanssli
1622 783 2777 920 vor jnen hinweg komen, verbracht worden
1585 841 2687 1016 und zwar habe Hänssli syen by einem tischli
1552 933 2633 1139 gesechen mit den holtzöpffel fhür passieren.
1597 1122 2720 1296 4. G'fragt, worumb sy es jrem vatter nit
1638 1212 2701 1357 anzeigt? Ant. darumb und von dess¬
1681 1292 2704 1429 wegen dass Peter jren stetz getröüwet,
1626 1359 2691 1506 doch habe sy es hernach nüt destoweniger
1674 1451 2697 1566 jme gesagt, Peter habe aber dem vatter
1599 1527 2749 1662 söliches nit wellen bekantlich sein, darufhin
1640 1602 2486 1753 der bruoder sich fort gemacht habe.
1666 1742 2674 1907 5. G'fragt, wo die so guots thuond hin komind?
1635 1858 2679 1984 Darüber sy geantwortet jns himmelrych.
1549 2043 2695 2217 6. Wo dan die so bösses thuond hin komind und
1661 2153 2725 2281 wie es denselben ergange? Darüber sy sich
1630 2225 2653 2351 lang besint, doch endtlich nach dem jra das
1648 2298 2718 2439 gemerk gegeben worden, geantwortet jn die
1615 2394 1820 2506 heele.
1631 2565 2675 2705 7. Gfragt, ob sy gewüst, dass sy man jn der
1654 2648 2677 2795 g'leichen sachen sünd theye oder ein sünd
1657 2720 2691 2876 sye? Gab sy zur antwort ja, sy habe es
1648 2824 2220 2955 aber nit gern gethan.
1620 2919 2672 3083 8. G'fragt, ob sy bäten könne und wz fürgebät sy
1637 3019 2667 3170 gelernt? Ant. sy habe das vatterunser, den
1532 3075 2665 3225 glauben und die zächengebotten gelert, dieselben
1625 3134 2656 3294 gebät sy auch verstentlich genuog gebättet
1527 3216 2647 3359 und recitiert u. sy habe auch die kinder¬
1647 3304 2081 3457 lehren besuocht.
