3024 4032
871 236 1226 355 1650
734 309 1524 591 alde se lesen
734 420 1512 647 Aerteei be ten en
756 495 1499 703 anelegt walben. ist des yltan.
754 573 1479 751 volgende kundtschafft durch
757 625 1482 823 H Großweibel Nharnet und
772 710 1444 880 Grichtschryber verhört.
953 809 1295 909 worde.
534 882 1527 1157 nnd erstlichen, So vmeldet
565 1011 1538 1219 Andreß fh der schmid, wie das er
590 1102 1553 1314 Seuchen nechst nach dem Nawen Jar¬
625 1191 1522 1370 ein alt rossysen, weliches er einem
592 1260 1544 1459 Pfert zugeryst uffgeschlachen, nekent.
616 1363 1533 1540 sich geworffen, Vnd alls er Eemeint
594 1437 1560 1645 daßelbig widerumb gesinden, sye solche
605 1520 1526 1708 niht noch andere after Roßysen,
582 1616 1552 1759 einweg kommen, er fgeentworket
574 1706 1527 1878 daßer sy gegen schunagler vertushet
575 1783 1516 1957 hasen dach dem dinselbe Bigler
542 1868 1534 2073 Dem schmid köüfflich angetragen worden.
527 1964 1487 2124 Habe er gezüg dieselbben, by seinem
553 2066 1477 2196 zeichen Erkent, unnd daruf heß
562 2157 1513 2293 befragt, woher, er soöliche bekansen,
529 2239 1491 2388 er site geantwortet, das er sy gese
543 2335 1521 2464 Schnnaglen, vrtuschet habe arki
543 2427 1545 2552 es bewenden laßen, unnd söliches nit
547 2516 1498 2658 Ime heß sonders seinem knsat od
434 2595 1147 2748 meitli zugethruwettc.
520 2773 1497 2923 Hanis Han zeigt ab sein de s heßw
517 2869 1480 3006 Goßament, sy nit also beschaffen, daß
513 2916 1477 3118 wan sy uf den kilschof sey dr nydert
495 2998 1494 3249 hinuß gan wellent, sy von beiden hüt
485 3088 1497 3298 ein Brnggli bruchen müßeit unnd
2748 427 2862 517 58
2047 412 2301 525 1650.
1802 531 2827 666 wag sein gezügen gsind, bißwyler daselbst
1811 620 2832 751 hinu s gangen dy aldart by nächtlichen
1790 669 2810 786 Wryl Cofftermalen sein heßber wyb
1792 761 2828 907 gefunden liges und alher schier uf sy trelte
1785 809 2853 949 müßen, Worüber er ihne hesstmeldet
1785 894 2845 1027 Daß ses kein wunder weren by sy lichen dingen
1798 963 2808 1082 einer den glust ankammen machte, derß
1793 1032 2838 1186 daruf zum bscheid geben, daß er darnach
1796 1118 2820 1260 nichts fragen hüfe und daßby gesagt
1789 1198 2796 1344 wan eslgeschelhe, einem gern eintaler
1785 1285 2388 1430 darumb geben wolten
1756 1394 2828 1550 Was das der fre steigeren ysin ghelt belanget
1786 1503 2825 1614 habe er Haan seines bedinkens dergleichen
1773 1574 2766 1674 losen, Is seiner jherchstath gesechen, allein
1786 1630 2750 1758 wie sonsten das ghältyseh rund, sye
1771 1715 2815 1861 daßelbig breit gschlagen und gschandts sin,
1759 1910 2795 2085 Samel Wathli d Urimach meldet
1766 2025 2771 2123 Daß Snna Rößeli sein dochterman, var
1782 2100 2753 2227 etwaszeits by heß gfarbeittet, In
1793 2170 2797 2306 selbige geit sye, er zu ime komen und
1787 2245 2810 2389 angezeigt, er müe seine erösfnen
1763 2342 2779 2469 was heß ime als seinem dochterman
1768 2415 2811 2580 angemuttet, unnd nach dem er gefragt
1756 2503 2807 2623 was es weren habe er vermeldet heß
1751 2582 2756 2726 seige begert, das er sein thyb felle
1732 2673 2780 2832 sollen und wad ers thüye, wylte er
1750 2759 2788 2913 ime ein schön trinkgelt geben, Wdaruf
1725 2833 2797 3018 Bathli feür seinem tochterman angezeigt
1755 2931 2724 3074 daß er ein schönen gsellteren, was er
1755 3013 2772 3167 söliches begiengen wurde eine soliches auch
1742 3112 2751 3268 übel ußschleitzen, solle sein erstanndt
