3024 4032
674 254 884 368 1649.
324 320 1308 575 neben anderem Banungrath vnnerthug
302 414 1304 636 Ias gemein beseßen, zwey dür ehtin
314 502 1311 705 gehauwen, Nach dem aber Hans das¬
341 602 1304 823 wahr unnd innen worden, habesen
340 682 1321 864 einem sohn zn eine veli geschickt und
310 775 1318 960 gmelden laßsen, er das holz so gradag
320 861 1317 1038 der Churen, Ime verblyben, Jnßer sen¬
337 954 1314 1111 ungeacht deßen aber, sye er stäben
323 1042 1314 1219 honwes fürsgefaret da uff solche
345 1140 1316 1297 gesagter Hans seinem bruder unb
300 1230 1321 1378 zum anderes mal sein frauw gschee
290 1309 1333 1462 und ime durch soliche abermahen gesigen
310 1389 1331 1553 laßsen, er sölle das holz laßen be
323 1493 1336 1622 Syslie frouer, habe sane auch dahit
309 1573 1321 1731 zuvermydung unzlegenheiten, umb
292 1673 1331 1799 Gottes willlen gebüten, das er vil
357 1752 1321 1889 es belyben laßen solte, Das hu
359 1856 1337 2026 wölle söliches weder wüßen, nach s
315 1941 1335 2143 er solle. Is sein hoffstath gaß und
358 2044 1334 2245 hin hanwreg, daselbsten Hanß fmeli
361 2124 1347 2289 e�hit weren wolle, das er bri
338 2232 1336 2409 daß synige selbsten wol und si fahl
374 2333 1343 2499 ilht abstag, wellen habe Hanß ges
383 2437 1343 2589 er wolle mit dem pflegel kame
364 2513 1339 2744 jedach habe sy die frfuwen nambih
264 2612 1347 2863 Hansen Ehecryb jine vam salz l
385 2744 1335 2926 nachmalen vmb Gottes willer
380 2846 1339 3040 bater vom holzhauwes abzustha
320 2949 1348 3161 Alß er aber soliches eitthus e
397 3040 1339 3281 anders fürgsfaren, die sy die
385 3099 1356 3376 widerumbsehren gangen, dada
362 3235 1337 3490 bemeltel halhs sein ehewyb bi
2350 216 2458 324 13
1762 304 1951 405 1649
1394 336 2442 559 os Nieli abgestanden holtz zusauwen,
1391 406 2428 646 hatte, daß wi6 nachden sy gesechen,
1391 472 2519 723 des Hanß hr eheman Zaring ware)nnt
1400 578 2530 794 sagen wellen, das werli noch dort uff dem
1404 649 2494 863 lort weren Sy bäte jene namlich sc
1392 745 2498 950 mahn, er solle doch nit also ein Beygen sein,
1404 840 2520 1041 daruf Hhanß von allen trösche), mit dem
1397 941 2536 1162 Pfegel uß dem ihren gangen mit vmelden
1404 1015 2540 1257 das er sechen wellen ob nit wieli noch aldort
1438 1117 2536 1344 geh vnß hiemit dahn geloffen, doch alß
1419 1200 2552 1401 bald wwerumb anes uffhin geloffen geben
1409 1298 2564 1525 huß sy das ihrenn komen, Iaruwen grfollen
1380 1408 2543 1587 uuß gott umb verzychung gebätten, sonsten
1429 1506 2494 1709 sye er gezüg und sein Hanßen beid söhn
1430 1611 2492 1782 so gholften ströschen, ime. Hansen nach ge¬
1428 1702 2544 1885 volgett der streich sye aber schob geschehen.
1440 1809 2562 1980 ohm und sy jnne Rieli uff vo uneren
1477 1908 2556 2068 efunden und wol gesechen, das ime etwas
1446 1995 2524 2159 blihts herab gekrouffet. Im vbrigen
1440 2090 2533 2237 zuget er, das er weder von dem eiten
1429 2190 2505 2341 nach anderen bruder ünzit gesechet, nach
1446 2289 2504 2434 gehört, dan allein, das Weli zu Ime ge
1429 2375 2506 2512 jug gesagt, sein bruder Hauß habe fine
1433 2459 2561 2595 demn Spreich geben, der Inne gekuwen werde,
1444 2558 2520 2704 wolle soliches dem herr Schultheißen, zn
1416 2628 2470 2786 ders kclagen, uff das er darsub
1443 2738 2492 2869 abgestrafft werden, Verners ye eine
1426 2838 2131 2972 diß orts nüt sy wüßen,
1517 2977 2312 3160 H Doctor LangHauß
1573 3075 2329 3220 und üebrige irnigi der insel
1464 3147 2445 3330 gend, daß als Wieli Binßzenriedt
1395 3247 2470 3421 o 16. ovembris diß fars von seinem bruder
