3024 4032
821 243 1127 357 1649
546 306 1504 599 frommen oberkeit wol hargebrachter
571 408 1486 650 ordnungen etc. verpotene misshandlung
562 510 1526 747 und abschüchlichen verbrachten bluotschandt
487 556 1519 808 habendt hochgenant myn gnedig herren
509 645 1497 868 und oberen, hern schultheiss, räth
521 723 1479 916 und burger diser freyen lopplichen
527 804 1519 1015 statt Bern uff jren eyd zuo recht er¬
563 874 1166 1021 kent und gesprochen etc.
552 979 1523 1197 Dass man sya dem nachrichter be¬
516 1080 1498 1255 uelchen, der sy obenuss uff gewonliche
517 1127 1506 1314 richtstath füren, jra daselbst jr haupt
568 1199 1515 1395 abschlachen und also mit dem schwert
508 1267 1483 1456 vom läben zum, nach keyserlichem
517 1378 1286 1522 rechten hinrichten sölle etc.
499 1513 1475 1720 Den 5. Junii ist disere urtheil an jra
545 1634 1130 1796 erstattet worden.
2657 247 2774 329 30
