3024 4032
1141 193 1386 338 1650
859 306 1538 558 Petter am Stutz
967 433 1518 618 criminalis proces
669 498 1692 790 Obwol Gott der allmechtig
730 602 1673 841 unser aller himlischer vatter unnd
734 696 1679 915 erhalter hin unnd wider jn seinem
728 764 1696 1000 göttlichen wort: jnsonderheit aber
746 853 1675 1074 jn synem 6. gebott gantz dütlich
736 941 1676 1173 heiter unnd elar vermeldet undt
725 1046 1668 1229 anzeigt, dass alle und jede find
691 1145 1688 1348 schafft nyd zorn, hass und rachgy¬
714 1225 1698 1443 rigkeit, ja auch fürnemlichen der
495 1325 718 1473 volgende
713 1340 1670 1509 totschlag selbsten by jme ein gantz
719 1442 1688 1604 hoches unnd schwäres laster und ja aber
588 1536 1675 1707 ein grüwel vor seinen ougen schwäbet,
645 1619 1658 1807 massen wir desswegen derselbigen
742 1729 1655 1889 von gantzem hertzen zum höchsten
748 1843 1658 2003 find und abhold sein, und also
752 1957 1676 2122 einanderen nach dem usstrukenlichen
735 2048 1666 2176 willen und beuelch Gottes alle
740 2149 1668 2308 uffrichtigkeit thrüw und cristenliche
719 2248 1659 2379 bewysen erzeigen und söliche under
665 2360 1531 2505 unss wonen lassen söllint.
761 2452 1662 2621 So ist doch söliches alles by vilen
701 2565 1654 2709 möntschen nit umb souil bedenklich
708 2652 1663 2813 dan dass dieselbigen leider nur xxx
717 2710 1661 2923 dan aber guot sich harwider grob
704 2824 1665 3039 und schwärlich vergryffent wie
736 2927 1638 3124 dan (gegenwürtiger) Peter am
706 3009 1644 3234 Stutz von Sigrisswyl von seines
721 3110 1658 3352 uff Michel Jm Hoof den weibel
2789 218 2953 364 76
2124 317 2433 465 1650
1865 430 2924 636 zuo Stäuissburg für sch genomnen mörd¬
1858 514 2935 713 erischen complots wegen verschiner tagen
1908 566 2950 782 nach dem er sich widerumb ins landt
1903 638 2961 847 gelassen vor ur. gdn. amptsman zuo Thun
1878 709 2981 947 yngezogen und volgents mit dem schrifft¬
1822 792 2876 1005 lichen desselbigen gantz verloufft
1898 886 2971 1097 gfencklich alhar gebracht: ouch dess¬
1810 975 2961 1186 halben den 7. und 15. junii diss louffenden
1875 1042 2958 1242 1650 jars jn bywesen anhören und
1902 1126 2965 1335 gegenwürtigkeit der ehrenuesten f. f. f.
1822 1232 2964 1402 wolgeachten wysen hern hrn. Niclaus
1860 1333 2940 1487 Lombachs und hern Dauid von Bürens
1867 1406 2960 1566 beid dess kleinen raths hrn. Ruodolph
1867 1501 2865 1666 Lerbers gewessnen spitalmeisters
1863 1602 2936 1757 Bernhart Tscharners grossweibel,
1885 1693 2947 1856 sampt etlicher weiblen . g. h. und
1874 1778 2905 1940 oberen dieneren, alhie jn gewontem
1856 1871 2968 2011 strecki thurm, erforderlicher massen
1855 1946 2919 2122 examiniert worden: welicher dan
1848 2060 2928 2204 hernach geschriben höche und schwäre
1831 2150 2966 2316 schant that understanden zuo begechen,
1851 2221 2957 2400 daselbsten (usserst und neben dess¬
1856 2313 2941 2508 halben verhärtern unuerwerffenlicher
1842 2401 2950 2568 gezygen) freywillig und mit ruowen¬
1762 2495 2814 2691 dem hertzen verjächen und bekent.
1806 2610 2905 2808 Namlichen wie nit weniger dsn das
1869 2725 2888 2888 er vor ung`far zweyer jaren jn
1858 2811 2883 2966 ein söliche schantliche begird unnd
1844 2875 2964 3096 vermessenheit gerathen, dass nachdem
1852 2976 2865 3160 er jn zwytracht und strytigkeit
1835 3062 2882 3300 gegen hieuor gesagtem weibel Jm
