3024 4032
917 296 1243 428 650
666 378 1595 648 selt ndte sten ente
644 454 1615 719 I herren Stagorph seligen huß ebwüe
639 542 1046 678 eeganges
646 655 1617 913 antwort, daß als sy von gesagten
639 737 1616 982 Hoes irem emnahs ganz sürb ich geschlagen.
671 827 1601 1050 unind tractiert worden und er s
679 912 1598 1112 mit dem bloßen weehr ungestüngen
668 975 1619 1217 wyß uagt sale be faen
640 1074 1613 1276 vermeldet, das sy nit widerumb im
659 1155 1624 1377 huß komen holhen dy bringe das
675 1226 1582 1420 oder geltswart mit ires henb
625 1330 1602 1511 Worüber sy sich gantz bekünberet sin
643 1427 1597 1583 zum hußsamff by der wyderlh
634 1488 1575 1669 den kilchoff und dadanen ins ehr
614 1618 1594 1784 Ragores huß begeben, Alwolsy
655 1692 1596 1875 der Kinzi zwen sis becher ersechen,
661 1778 1575 1943 ouch dieselben entzehrackt und nach
643 1879 1576 2038 huß getragen, gedoch aber wysen
638 1974 1576 2126 der hr und der frauwen irey von blutt
653 2086 1578 2238 verwantschafft wegen, vil gut hätig.
651 2175 1569 2306 keit bewisen, Sye sy Ih Ruwen,
652 2273 1594 2380 gefallen, vnd die Restituioren vl
610 2349 1584 2499 Alls aber ir Eeman, under deßsen
627 2435 1588 2606 dieselben In irem Petersackh, ersehen,
621 2527 1570 2682 habe er, wa soliche mit gwaltge
613 2611 1559 2767 nammen und volgents zu Fryburg
594 2708 1573 2905 verhandlet, gleichwol gedachter s
575 2796 1584 2993 ager nach dem ime söliches kundter
615 2913 1570 3064 worden von frundeschafft wegen sid
631 3001 1541 3157 vershönt und darußaut machen
624 3140 927 3276 wöllen.
2731 388 2865 484 56
2081 410 2367 527 1650
1781 541 2841 659 Denne, alß ir mahan sy uf ein andere zeit
1832 616 2862 719 abermahen von huß gezagt, habe sy an
1828 696 2838 795 der herrengaßen ind anderen huß, wrau
1835 750 2843 887 man in die lauben hing komme einer fr
1837 823 2850 952 alwo sy fr retraicte und nachtherbris
1828 896 2826 1032 genammen uß einem offnen trögli un erns
1755 973 2779 1104 dicken entwent, jedoch aber denselben
1809 1048 2845 1172 damit er vermelter wybs pfaz widerumb
1816 1125 2861 1271 werde aldortes uf dem peth zur fußeten
1807 1205 2451 1344 ligen und verblyben faßer,
1817 1333 2838 1512 So habe ir eheman, auch by nächtlig wyl
1839 1446 2857 1583 Vilerley altyses als spath lagel Roßysen
1809 1513 2864 1639 Schinnagel Lüfg Klein und groder ketti
1804 1590 2822 1730 zn huß gebracht, weliches sy fae müßen,
1778 1668 2829 1797 eachts verschunden helffen, morgens san,
1833 1747 2829 1859 er mit grarbeit hinweg gangen unnd
1838 1820 2839 1949 abens wolbehächt wider heimb komen,
1822 1910 2805 2047 sy gestoßen und gschlagen, wo er aber
1847 1995 2791 2134 oliches sysenzug genomen, sy es nit
1842 2080 2199 2193 w�ßen möge,
1828 2194 2802 2355 dernerd uf einzeit habe gedacht ihr
1842 2311 2817 2443 Eheman. Hehrs Ragbren. Irem Vetteren
1838 2383 2828 2508 auch etwas gelts, so is schulhes seckel
1823 2458 2820 2597 ghört uß einem seckli genamen, welchs
1754 2559 2829 2671 Danan ehr hernach senarres 3 eronen
1824 2610 2229 2751 verseill habe
1785 2722 2831 2878 Ime hr Ragoren, habe er auch uf ein zeis
1848 2811 2813 2934 2. Hanes erwetscht, und volgfats die¬
1843 2881 2820 3019 elben mit suß anna Starbach gecallazet
1833 2968 2208 3102 unnd geaoßet.
