3024 4032
154 2905 276 3061 8
700 284 907 395 1649.
290 342 1289 556 diebstallen nit gebruchen laßen sein
280 456 1321 650 zwag sye er ufrndeng Jars zu Selae
307 518 1329 738 ouch yngefagen gemantket und d
316 613 1300 770 lühe ursachen ledig gelaßen werde
299 699 1315 884 sein ehefryb aber, sye zu Reingen
317 775 1326 947 Sumpaner daheim 6 weliche ersonsen
323 862 1327 1047 end mit jras zu Lüßlig kilchenseht
341 937 795 1102 gethan haben etc.
294 1092 1314 1271 daß er aber sich mit wyters unthalt
359 1202 1337 1345 oder die bstalen ußert obigen, so jag
329 1269 1330 1420 gerzen leid versundiget und s
329 1358 1314 1500 haben werde sich seins wegser befünde,
287 1443 1317 1592 Gätted al so Gott den Herrn vnnd
375 1536 1320 1688 ein hache oberkeit ganzdemtig
349 1624 1350 1758 rik gnad und veryhei da
407 1712 1341 1876 Ir labwesen endersch und beßert wellen
390 1811 1344 1994 Diser Geörg Schnyder ist auch
382 1922 1344 2065 2jm Lär und sn mit dem klege
316 2013 939 2193 uffgezohen worden.
306 2281 1355 2450 Nite beid namlich Georg Schnider
364 2358 1347 2593 Aanar Stab sinde neben einer futez
376 2438 1347 2627 ensur mit dem lydt von Statt
1366 2544 1472 2609 alß de
1374 2583 1464 2650 96
373 2523 1346 2701 land verwißen worden actum 27t
696 2616 1443 2806 Cecilii Schiltenhelm vne
387 2700 592 2837 1649
780 2735 1233 2856 Urstlich wieler
371 2775 1348 2951 odem ist auch hecrin schiltensel
398 2845 1345 3048 ußem Wisetenberger landt snd
337 2914 1338 3165 Kameler von Brambach ußem els
378 3003 1350 3240 wegen sy schon hienor einanderen
378 3081 1351 3318 Hanß Scothaper zur ehegehabt
398 3155 1363 3454 gehe vnd aliche  m
395 3283 1345 3538 beganden, daher sy vor 3 monat
380 3335 1325 3592 worden un dem seyde von stattl
348 3452 1217 3697 verwisen worden dt sihras.
429 3509 1370 3791 ahen geng nt anß
2034 393 2200 519 1649
2419 429 2515 487 12
1608 384 1992 532 Landtag
1431 502 2154 691 Hauffterl Wintenrieh
1469 617 2467 768 o 25 januaen 1649 sind wegen durch
1477 696 2479 828 Hanß Win Henriedt uf Egg im stattgrost
1498 771 2490 901 sehe sege abgelybeten sleli wit wiedes
1481 831 2425 985 neies brubers, alhie zwez Landtage
1490 914 2475 1089 gehalten worden, uff welches er gethaten
1485 1006 1864 1132 nit erschinen
1502 1208 2442 1366 Its Ir Gdi beuelch ist durch nyne
1445 1314 2477 1449 Hochehrenden herrn h Grörg liebaket
1436 1390 2499 1540 und h Abraham annant beid desen kleinen
1447 1466 2423 1595 raths Desen 29. Novembris di sten
1453 1541 2472 1674 fließenden 1648 jars wolgende kundt
1484 1626 2433 1751 schafft, farmelicher wyß angehört unnd
1466 1708 1987 1880 uffgesomen worden.
1547 2013 2337 2160 Hans Burgener
1641 2133 2341 2295 Iß der Herrschafft Belon
1478 2277 2491 2460 Saget by seinem End. daß nach dem
1473 2389 2505 2524 der leidige, vnd Geurige untal an einem
1501 2472 2508 2625 gwrüßes frytag sich zugetragen, habind
1492 2563 2472 2688 am donstag zunom beide bruder ein
1500 2642 2500 2790 anderes gholssen dröschen, Alß aber
1489 2746 2533 2893 ad gemeltem frytag ehr gezüg und der
1450 2833 2538 2965 gewihne hauß Win zeurierten, samt deß
1445 2919 2526 3063 selben zwegen Sönes, im Tren getroschen
1469 3007 2521 3147 sye unbfar zwüchen 8 und 9 vre
1459 3105 2520 3243 Vorgens gedachfer Mieli, so sein bruder
1468 3197 2515 3364 Hansen Haffstätle gangen und daselbsten
1489 3298 2529 3466 ab seinem sannt, so so beid mit und
