3024 4032
1047 187 1357 325 1650
779 274 1618 553 Hoff gestanden dass er leider ja uss
775 399 1686 664 rachgyrigem und nydhessigem gunst
795 490 1682 734 und findschafft nit allein vermitlest
811 565 1693 844 einer uf jnne Jm Hof schantlichen
779 639 1698 925 und mörderischen conspiration durch
809 731 1710 1001 andere personen denen er zuo under¬
788 822 1702 1060 schidenlichen malen erstlich 100 gulden
729 922 1726 1157 und hernach biss jn die 500 th geboten
795 1013 1722 1227 jnne heimblicherwyss zuo erschiessen,
669 1087 1705 1311 sonders ouch alss sich zuo sölcher ver¬
807 1195 1708 1396 richtung niemants gebruchen lassen
802 1296 1685 1472 wöllen, er am Stutz selbs souer
814 1380 1706 1590 die jenigen so er bestellen wöllen jnne
791 1467 1683 1634 Jm Hof an gwüsse ort bringen möchten
783 1577 1685 1728 selb den schutz uf jnne thuon henach
765 1666 1677 1819 vermelte mordthat zuo effectuieren
797 1747 1679 1920 vorhabens und willens g`sin sye
765 1847 1558 2019 wie dan zuo dem end letstlichen sölicher
778 1962 1684 2133 complot jn Anthoni Wolfs huss fort
769 2053 1512 2209 zuosetzen conspiriert worden.
744 2216 1673 2387 Uff söliche sein dess gedachten Peter
750 2344 1666 2490 am Stutzen schantlichen vor sich gehepten
676 2427 1665 2579 mörderischen conspiration und miss¬
763 2501 1691 2674 handlung: habent hoch genannte mgh.
707 2600 1681 2734 und oberen h. schultheiss, räth und burger
772 2654 1671 2827 diser freyen loplichen statt Bern uff
778 2745 1669 2969 Ijren eydt zuo recht erkent und ge¬
743 2881 1068 3089 sprochen:
760 2890 1669 3105 Dass man jnne dem nachrichter be¬
771 3003 1663 3240 felchen, der jnne obenuss uff gewon¬
761 3053 1660 3303 liche richtstatt füren, jme alda sein
2185 356 2491 456 1650
2797 338 2909 446 77
1886 429 2916 621 haupt abschlachen und also vom läben
1901 530 2915 664 zum tod nach keiserlichem und der
1883 598 2863 768 statt Bern rechten hinrichten sölle.
1892 693 2908 899 Disere urtheil ist den 6. Julii an jme
1921 829 2499 992 erstattet worden.
1997 1069 2475 1201 Confrontation
1873 1161 2791 1359 Zwüschen Michel Jm Hof, Peter
1933 1261 2722 1382 am Stutz und Peter Furrer
2011 1348 2589 1488 hieuor ergangen:
1804 1468 2899 1636 Nachdem gestrigen tags den 13. Junii
1781 1578 2930 1725 vermag jr. gdn. beuelch durch hieuor gesagten
1864 1656 2928 1793 hrn. examinatoren obgemelte dry sper¬
1891 1734 2915 1869 sonen dess bewüsten uf Michel Jm Hoof
1891 1819 2912 1978 gethanen mörderischen anschlag wegen
1892 1892 2881 2047 gegen einanderen confrontiert worden,
1833 1970 2909 2122 habent sy anders nüt dan was schon
1858 2055 2925 2216 hieuor zuo Thun verzeichnet und alhar
1815 2131 2912 2291 jn d`cantzley geschickt worden bekantlich
1894 2224 2921 2359 sint völlen, sonders uf jremen gegebne
1878 2293 2916 2467 schrifftlichen bricht durchlassen verblibet,
1828 2397 2892 2560 allein der 100 kronen halben, zeigt Michel
1881 2467 2862 2617 Jm Hooff also an und Furer soliches
1885 2550 2839 2682 auch also abbrobiert, das wan er
1839 2625 2897 2798 Furer Anthoni Wolf nachdem er jme
1858 2699 2875 2838 den anschlag enteckte an den ort da er
1886 2784 2891 2951 söllen erschossen werden, bringen möchte,
1879 2877 2884 3002 er jme 100 kronen geben wölte und solte
1846 2953 2852 3079 Furer sich als dan nur fortmachte,
1844 3031 2840 3171 jn dem verstand, das er Jm Hof jnne
1765 3113 2842 3262 Wolf nit vorhabens umbzuobringen,
