3024 4032
917 173 968 251 1
997 198 1209 321 49
651 211 1589 526 dt denter kedte i
641 360 1593 608 Daaber in der gfanrenthafft mit ganhen
645 430 1579 655 Rüerendem Hertzeß ußerst und nebes
669 512 1593 713 namner information bethaffenheit de
638 585 1582 825 Freywillig verzächen und bekent, alß
661 656 1020 780 solgetts etc.
655 879 1592 1069 Canilusen wie nit weniger, da
678 963 1604 1140 laß er als ein junger helcher gesell
650 1042 1601 1260 sich so wëth vergäßen, daß er leiders
660 1128 1587 1312 ob angeregtes Hanßli Stohl fuß als in
675 1235 1601 1392 Iem unbekanter junger kumb wüste
665 1306 1593 1466 sonsten sein läbdag ime weder laser
670 1402 1600 1562 nath leidts niterwises noch zugefuen,
643 1482 1596 1620 uß Luterem mutwilchen uff Freyeese
620 1577 1580 1717 durch eines Pistoles schuß liederlich
626 1670 1582 1812 umb sein läbed gebracht und also in
657 1768 1589 1916 wüshenhafften tad schlag, an sinhe trüt
613 1881 1260 2016 und begangen habe .
590 2143 1591 2302 ff Söliche syn, deß gedachten
642 2223 1577 2382 Oßwald und loffs begangne und bekente
643 2281 1588 2451 schwere mußhandlung und begangn wüte
618 2361 1584 2526 nadehlag Habend inlegen here n
576 2465 1576 2618 H Frlultheiß Räth und Burg de
602 2530 1585 2703 statt Berz, uuff ired löde zu recht ee
598 2663 1104 2795 und gesprochen.
553 2739 1573 2960 daß e eabeteaffunge her ve
561 2844 1593 3067 Schuß und tad ler nit usprachgae
569 2894 1574 3121 Salhor  seilmese von führ sichtig
589 3001 1567 3210 und mutwilles geschechen. Daßeres
569 3058 1572 3302 unbit uf gnad niht dem eg sa
581 3151 1569 3390 und loht oder hirmnt beschehen, gei
611 3358 996 3483 werd sollen.
2021 292 2279 410 1649.
2621 327 2714 407 32
1787 404 2527 557 Aira Resmend
1858 522 2253 646 vod Arbtag.
1721 596 2742 748 uheer ut als ein unüütes pfenwert, o 9
1737 695 2727 819 15. juni von der statt Berßend dero Burgs
1684 764 2734 932 gib mihit uh gnad, eydtlich verwisen worh s
1878 1117 2570 1270 Dß bele vsel des
1896 1214 2592 1346 Gottengrebers ochter alhier,
1688 1377 2722 1541 Iihere Elßbath Useli Is Ao 8. jun lab
1708 1476 2712 1607 ohrgricht führ fürtaags wegen bezaugnen
1719 1547 2722 1682 Vierten Hürenfälers zu wol verdienter
1631 1628 2734 1772 Straff mit rutes ußgeschmeidt und erdlich
1682 1719 2709 1857 von J. gdn statt. Vnnd Pandt verwisen
1631 1780 1979 1955 s erden,
1839 2087 2358 2267 Ilß beth ferret.
1680 2159 1777 2296 d
1627 2230 2644 2408 es 7. junii. Ist disere el sbeth eriet
1714 2350 2656 2454 vos ires egaugnes kupen fünffteß
1710 2414 2691 2535 uren fälers wegen ziro stund aus
1728 2487 2723 2598 Belßises gesthelt und velgerts mit dem
1731 2560 2772 2705 byfe van spatt und landen ver wüsen worden.
1749 2673 2533 2824 i dumfener s tante sez
1999 2775 2568 2917 didergrbel
1864 2857 2506 3008 Ma d  vo
1660 2944 2427 3067 e  an trut
1693 3027 2759 3160 ser ist den 6. juni wesen seines den 5. julii
1718 3106 2725 3229 164 b getlagen, übersachnes geydes und ds er
1740 3154 2750 3322 ansen haldtsfroumb elit rukn ußgeknecht
1586 3219 2724 3390 bezechnet und ane eyde widerumb fahett
1651 3318 2791 3460 und land verwisen und uff die greiz gefürt worden.
