3024 4032
1006 208 1343 333 1650
647 296 1666 582 reißgelt daselbsten sie gestolen od er
751 402 1670 655 ihren worden, habe ir sich als bald
704 498 1675 732 Aornderst, da er uß der kilschekamen den
696 568 1672 812 mantel gebet sich gethan und zu fürkaren
739 667 1662 866 gangen, die dhas stracks nacher selen
747 745 1653 927 lath zu dem Pemner gelossen, was
758 814 1676 1027 aber dortes gethan, möge er nnt stre
690 893 1674 1125 könne auch nit sagen, ob sy söliches
675 991 1648 1204 rtei�gelt entwent, etwas damon b
740 1096 1650 1265 namen oder wie es sonst darmit
739 1183 1650 1355 ergangen, er aber seines theils
727 1270 1657 1454 halben, sye deßen genthlich vnschuldig
742 1376 1645 1524 und habet mit solichem ob schon man
717 1460 1659 1617 Inne den Tot santhem wolte, nusit
740 1566 1657 1737 uthem nach voschaffen gehat, wüße.
752 1641 1649 1814 also zum endlich beschluß, kein vr
772 1756 1331 1905 neren bricht zegeben.
753 1874 1644 2051 Ist zum schrecken angekanfft, udh
793 1997 1655 2154 sit vollgnts vom baden ufgehohnworden
2796 269 2953 404 75.
2105 329 2462 453 1650
2010 425 2547 574 Vetter furer
1992 518 2565 654 Von digrischwyl
1909 589 2934 746 einnach verschintn frytags den 28. junii
1852 655 2914 830 Der droben pfencklich alhar gefrachtet
1860 724 2919 898 Peter Huper über den gd enlangst
1835 782 2938 980 vom j sehlen zu Thun Michel am hafff
1896 874 2925 1039 halben, ob solte er an Hans Wolt auch
1724 953 1868 1043 zngelang
1817 939 2902 1116 urff sein lösben geseht habes, durch
1695 1013 1845 1099 bechten
1907 1031 2927 1214 myne hochgeehrten Heron. Die Aaūs
1870 1098 2943 1261 Kombach vnd hro damide von Buren dero
1868 1176 2920 1389 geliebten Eiträth by sein s Gros
1892 1258 2961 1452 weibel Tscharners hd gfangenschafft
1889 1356 2949 1485 spannmert und befragt worden an
1892 1434 2944 1566 zuzeigen, wie es mit fenen durch mihel
1862 1506 2916 1652 Im Hof ime Furer versprochnen 100 f
1878 1567 2910 1707 ein beschaffenheit geherten oder sonst her
1885 1657 2896 1795 gangto syes latt gesagten gurer
1867 1740 2928 1889 s ernstlicher und scharosses zusprechen.
1885 1828 2917 1944 also verpeldet eamlichen, dlaß
1886 1901 2860 2034 nach dem, er für im Hof. des anth
1835 1985 2942 2135 Wolfs uf ine geheßten bößen vorhaben
1852 2071 2946 2200 von desebestenwreg und unnermyden
1877 2143 2890 2288 sölchessenffils gewornet,  Habel
1859 2230 2957 2365 Michel in Hafsharuf ime Furer angee
1900 2308 2883 2437 nuttet, das er der anth Wolt uf die
1824 2394 2864 2523 stygl oder stalden vermogen und füren solte.
1776 2464 2882 2612 und so soliches geschechen Erfar soot.
1848 2536 2937 2675 geben ersolten sr aber holte sich alß das
1842 2614 2930 2775 gestrackt dauon mafte ersem hoofe
1834 2706 2947 2855 verfueite denhmalz eine Wolfselbs snde
1861 2787 2902 2941 zuschlahen, doch alber im Hopfals bald
1861 2856 2898 3007 gesprach, soliches Vuthan, ich noch be¬
1806 2926 2936 3102 ugnen wolten er Furehe schon albereit
1840 2992 2907 3222 hangst zu Thum den j. sehl diser bricht
1815 3101 2889 3280 auh gegeben und seinem vmeinen nach
1807 3165 2851 3365 verzeuhnet und sander schrifften alhar
1822 3243 2244 3352 schickt worden.
