3024 4032
1062 194 1106 275 1650
782 280 1718 581 sonders dentzmalen xxx Müller
817 377 1670 641 und Peter Schindler mit sich nemmen
812 462 1710 727 wölte, damit er gan Thuon geschaffet
816 541 1687 788 wurde, dass aber Peter am
783 606 1696 863 Stutz von dess Wolfen vorhaben
800 719 1705 951 gewüst, namlichen jnne Jm Hof
806 781 1699 1017 jn sein schären zehencken, sye es
815 874 1691 1107 gantz und gar nit wie dan dessen
730 946 1715 1192 Michel Jm Hoof und Peter Furer jnne
807 1048 1703 1253 am Stutz genzlich entschuldiget unnd
813 1150 1707 1335 sonderlich er Jm Hof darby vermeldet,
801 1214 1688 1419 dass Furer diser sachen halben, als
817 1317 1704 1537 eine biderman zuo guotem gewarnet
797 1427 1698 1589 habe unnd sye auch nit minder dan
806 1508 1707 1688 wan er am Stutz umb etwas trunken
810 1616 1707 1757 g`sin, er seiner sinnen und verstants
736 1677 1690 1851 gantz beraubet worden und das er
779 1805 1687 1945 nuechterwyss vermelter conspiration
799 1890 1689 2025 sich gegen jemants niemalen ge¬
801 1977 1287 2118 derebt habe.
