<?xml version="1.0" encoding="UTF-8" standalone="yes"?>
<PcGts xmlns="http://schema.primaresearch.org/PAGE/gts/pagecontent/2013-07-15" xmlns:xsi="http://www.w3.org/2001/XMLSchema-instance" xsi:schemaLocation="http://schema.primaresearch.org/PAGE/gts/pagecontent/2013-07-15 http://schema.primaresearch.org/PAGE/gts/pagecontent/2013-07-15/pagecontent.xsd">
    <Metadata>
        <Creator>prov=University of Rostock/Institute of Mathematics/CITlab|PLANET AI GmbH/Gundram Leifert/gundram.leifert@planet-ai.de:name=German_Kurrent_XVI-XVIII_M1(htr_id=19584)::::v=2.6.6
prov=University of Rostock/Institute of Mathematics/CITlab|PLANET AI GmbH/Tobias Gruening/tobias.gruening@planet-ai.de:name=de.uros.citlab.module.baseline2polygon.B2PSeamMultiOriented:v=2.6.6
prov=University of Rostock/Institute of Mathematics/CITlab|PLANET AI GmbH/Tobias Gruening/tobias.gruening@planet-ai.de:name=/net_tf/LA73_249_0mod360.pb:de.uros.citlab.segmentation.CITlab_LA_ML:v=2.6.6
Transkribus</Creator>
        <Created>2020-10-05T11:30:02.324+02:00</Created>
        <LastChange>2022-09-12T14:38:56.770+02:00</LastChange>
        <TranskribusMetadata docId="1334827" pageId="52360600" pageNr="52" tsid="114642365" status="IN_PROGRESS" userId="9570" imgUrl="https://files.transkribus.eu/Get?id=YIDGQKQREAYAWUFDIWXJUWLA&amp;fileType=view" xmlUrl="https://files.transkribus.eu/Get?id=GFTFXDEWWCCOPVVMOBDRHFDQ" imageId="16043027"/>
    </Metadata>
    <Page imageFilename="IMG_7746.JPG" imageWidth="3024" imageHeight="4032">
        <ReadingOrder>
            <OrderedGroup id="ro_1687513748143" caption="Regions reading order">
                <RegionRefIndexed index="0" regionRef="r1"/>
                <RegionRefIndexed index="1" regionRef="r2"/>
                <RegionRefIndexed index="2" regionRef="r3"/>
                <RegionRefIndexed index="3" regionRef="r4"/>
            </OrderedGroup>
        </ReadingOrder>
        <TextRegion orientation="0.0" id="r1" custom="readingOrder {index:0;}">
            <Coords points="366,1244 366,1397 408,1397 408,1244"/>
            <TextLine id="r1l1" custom="readingOrder {index:0;}">
                <Coords points="361,1371 371,1371 384,1358 388,1360 394,1359 400,1353 416,1353 413,1311 403,1314 385,1298 377,1299 372,1296 370,1299 356,1299"/>
                <Baseline points="366,1347 408,1344"/>
                <TextEquiv>
                    <Unicode>1.</Unicode>
                </TextEquiv>
            </TextLine>
            <TextEquiv>
                <Unicode>1.</Unicode>
            </TextEquiv>
        </TextRegion>
        <TextRegion orientation="0.0" id="r2" custom="readingOrder {index:1;}">
            <Coords points="353,2710 353,2866 437,2866 437,2710"/>
            <TextLine id="r2l1" custom="readingOrder {index:0;}">
                <Coords points="348,2852 356,2852 371,2843 406,2810 419,2810 436,2822 445,2821 442,2758 405,2764 400,2770 381,2763 344,2766"/>
                <Baseline points="353,2816 381,2810 409,2811 437,2810"/>
                <TextEquiv>
                    <Unicode>2.</Unicode>
                </TextEquiv>
            </TextLine>
            <TextEquiv>
                <Unicode>2.</Unicode>
            </TextEquiv>
        </TextRegion>
        <TextRegion orientation="0.0" id="r3" custom="readingOrder {index:2;}">
            <Coords points="468,247 468,3448 1527,3448 1527,247"/>
            <TextLine id="r3l1" custom="readingOrder {index:0;}">
                <Coords points="836,286 865,315 903,301 937,305 950,315 990,316 1020,336 1077,343 1087,285 1064,274 1039,269 1025,278 999,262 973,272 951,255 917,259 909,252 896,260 870,242 844,240"/>
                <Baseline points="843,287 868,288 894,291 920,295 945,300 971,306 997,311 1022,316 1048,320 1074,323"/>
                <TextEquiv>
                    <Unicode>1649.</Unicode>
                </TextEquiv>
            </TextLine>
            <TextLine id="r3l2" custom="readingOrder {index:1;} date {offset:4; length:7;}">
                <Coords points="509,494 669,443 896,507 977,482 1138,520 1190,571 1377,565 1468,640 1510,642 1526,552 1351,478 1287,490 1145,393 946,435 781,364 571,400 530,375"/>
                <Baseline points="525,443 574,446 623,450 672,454 721,458 770,462 819,467 868,473 917,479 966,486 1015,493 1064,501 1113,511 1162,520 1211,532 1260,545 1309,558 1358,573 1407,590 1456,608 1505,627"/>
                <TextEquiv>
                    <Unicode>Den 12. May habend myne hochge¬</Unicode>
                </TextEquiv>
            </TextLine>
            <TextLine id="r3l3" custom="readingOrder {index:2;} person {offset:16; length:14;}">
                <Coords points="569,515 1036,570 1093,611 1221,615 1254,653 1462,671 1512,708 1521,657 1375,566 1193,572 1130,517 954,484 882,524 787,475 684,487 647,452 575,480"/>
                <Baseline points="576,513 622,520 669,527 715,533 762,538 809,543 855,548 902,552 949,558 995,562 1042,568 1089,574 1135,582 1182,590 1229,599 1275,609 1322,622 1369,635 1415,651 1462,669 1509,689"/>
                <TextEquiv>
                    <Unicode>erten hern, hr. Abraham Amport und hr.</Unicode>
                </TextEquiv>
            </TextLine>
            <TextLine id="r3l4" custom="readingOrder {index:3;} person {offset:12; length:9;}">
                <Coords points="469,603 756,608 895,661 1000,629 1448,731 1464,673 1044,609 909,545 793,570 697,536 635,569 550,502 481,503"/>
                <Baseline points="477,588 525,592 574,595 623,600 671,603 720,607 769,611 817,615 866,620 915,624 964,630 1012,637 1061,641 1110,648 1158,657 1207,665 1256,674 1304,683 1353,694 1402,705 1451,717"/>
                <TextEquiv>
                    <Unicode>grossweibel Tscharner hieuor gemelt,</Unicode>
                </TextEquiv>
            </TextLine>
            <TextLine id="r3l5" custom="readingOrder {index:4;} person {offset:9; length:12;}">
                <Coords points="557,726 713,689 916,702 996,745 1066,713 1380,776 1525,851 1540,788 1406,712 1218,667 1139,687 999,628 871,665 739,645 698,600 571,626"/>
                <Baseline points="570,680 617,681 665,685 713,687 761,690 809,693 857,697 904,701 952,704 1000,710 1048,715 1096,721 1144,729 1192,735 1239,745 1287,756 1335,767 1383,779 1431,794 1479,810 1527,827"/>
                <TextEquiv>
                    <Unicode>gesagter Maria Hassin vatter und muoter</Unicode>
                </TextEquiv>
            </TextLine>
            <TextLine id="r3l7" custom="readingOrder {index:5;}">
                <Coords points="524,764 606,796 724,772 992,818 1054,796 1087,829 1164,817 1197,858 1327,842 1521,904 1485,844 1263,750 1126,773 1066,713 1005,748 916,703 848,733 796,692 571,734 531,709"/>
                <Baseline points="531,764 580,764 629,765 678,767 727,770 777,772 826,774 875,778 924,781 973,785 1023,791 1072,797 1121,803 1170,811 1219,819 1269,829 1318,840 1367,851 1416,864 1465,878 1515,894"/>
                <TextEquiv>
                    <Unicode>wegen diser durch jre dochter begangnen</Unicode>
                </TextEquiv>
            </TextLine>
            <TextLine id="r3l8" custom="readingOrder {index:6;}">
                <Coords points="458,870 640,854 721,917 866,852 1009,902 1084,885 1132,927 1245,912 1520,1013 1531,921 1373,849 1249,870 1055,797 959,834 896,784 845,811 471,760"/>
                <Baseline points="468,842 520,842 573,843 625,843 678,845 730,847 783,849 835,852 888,856 940,860 993,866 1045,871 1098,877 1150,884 1203,894 1255,904 1308,915 1360,927 1413,941 1465,956 1518,972"/>
                <TextEquiv>
                    <Unicode>schandthath berichtswyss verhört, weliche</Unicode>
                </TextEquiv>
            </TextLine>
            <TextLine id="r3l9" custom="readingOrder {index:7;}">
                <Coords points="474,955 725,934 795,967 840,936 1037,1012 1082,986 1110,1017 1328,1005 1447,1078 1507,1017 1252,915 1136,933 1108,899 986,910 833,855 722,917 686,873 617,899 485,848"/>
                <Baseline points="483,927 533,927 584,929 635,930 685,932 736,933 787,936 837,939 888,943 939,947 990,951 1040,956 1091,962 1142,969 1192,976 1243,985 1294,994 1344,1004 1395,1015 1446,1028 1497,1041"/>
                <TextEquiv>
                    <Unicode>(nach ernsthaffter gethaner vermanung,</Unicode>
                </TextEquiv>
            </TextLine>
            <TextLine id="r3l10" custom="readingOrder {index:8;}">
                <Coords points="530,1010 715,1018 785,1077 891,1018 1003,1082 1222,1064 1319,1126 1437,1108 1514,1165 1526,1062 1441,1087 1278,1001 1110,1018 1082,986 1035,1014 836,935 770,972 721,934 537,954"/>
                <Baseline points="537,1008 585,1010 634,1013 683,1014 731,1016 780,1019 829,1022 877,1025 926,1028 975,1033 1024,1037 1072,1043 1121,1048 1170,1055 1218,1063 1267,1072 1316,1083 1364,1094 1413,1107 1462,1122 1511,1139"/>
                <TextEquiv>
                    <Unicode>hierüber jre wüssenschafft von sich gegeben</Unicode>
                </TextEquiv>
            </TextLine>
            <TextLine id="r3l11" custom="readingOrder {index:9;} DIWO {offset:11; length:6;}">
                <Coords points="515,1118 616,1101 662,1145 709,1109 879,1114 924,1149 996,1126 1028,1166 1068,1136 1217,1148 1281,1222 1508,1256 1522,1129 1479,1146 1436,1108 1283,1128 959,1032 786,1077 719,1037 526,1022"/>
                <Baseline points="525,1094 574,1097 623,1099 672,1101 721,1104 770,1106 819,1109 868,1112 917,1115 966,1119 1015,1123 1064,1128 1113,1134 1162,1140 1211,1148 1260,1156 1309,1166 1358,1177 1407,1188 1456,1202 1505,1217"/>
                <TextEquiv>
                    <Unicode>und hierin nützit zeuerschwÿgen) volgender</Unicode>
                </TextEquiv>
            </TextLine>
            <TextLine id="r3l12" custom="readingOrder {index:10;} DIWO {offset:0; length:9;}">
                <Coords points="535,1239 681,1240 783,1182 815,1217 937,1202 1035,1268 1198,1264 1206,1150 1178,1135 1121,1161 1067,1137 1028,1169 990,1126 871,1151 839,1118 704,1114 624,1147 544,1112"/>
                <Baseline points="546,1181 578,1181 610,1182 643,1183 675,1185 708,1187 740,1188 772,1190 805,1192 837,1195 870,1197 902,1200 934,1202 967,1205 999,1208 1032,1211 1064,1214 1096,1217 1129,1219 1161,1222 1194,1224"/>
                <TextEquiv>
                    <Unicode>g'stalten sich erlüteret.</Unicode>
                </TextEquiv>
            </TextLine>
            <TextLine id="r3l13" custom="readingOrder {index:11;}">
                <Coords points="724,1291 768,1283 778,1294 797,1289 816,1296 841,1283 855,1298 883,1284 893,1296 917,1303 919,1251 901,1260 884,1250 860,1252 819,1233 798,1209 770,1212 753,1194 729,1200"/>
                <Baseline points="732,1274 757,1275 783,1277 808,1279 834,1280 859,1282 885,1283 911,1281"/>
                <TextEquiv>
                    <Unicode>Intero</Unicode>
                </TextEquiv>
            </TextLine>
            <TextLine id="r3l14" custom="readingOrder {index:12;}">
                <Coords points="498,1340 935,1386 1037,1363 1085,1405 1161,1369 1370,1378 1428,1425 1509,1428 1515,1346 1349,1332 1259,1285 1010,1258 828,1321 767,1283 651,1274 611,1305 504,1264"/>
                <Baseline points="507,1319 556,1325 606,1331 656,1336 706,1339 756,1343 805,1346 855,1349 905,1352 955,1354 1005,1356 1054,1359 1104,1361 1154,1365 1204,1370 1254,1374 1303,1380 1353,1386 1403,1395 1453,1404 1503,1413"/>
                <TextEquiv>
                    <Unicode>Namlichen, ob jnen jre dochter obgemelt</Unicode>
                </TextEquiv>
            </TextLine>
            <TextLine id="r3l15" custom="readingOrder {index:13;} person {offset:22; length:5;}">
                <Coords points="533,1420 823,1435 848,1463 937,1425 1024,1472 1095,1437 1187,1469 1318,1451 1379,1507 1425,1472 1504,1488 1507,1438 1438,1438 1369,1379 1300,1411 1203,1369 1087,1404 1003,1359 910,1389 802,1355 537,1355"/>
                <Baseline points="540,1415 587,1416 635,1416 683,1418 731,1419 779,1419 827,1422 874,1424 922,1426 970,1428 1018,1431 1066,1434 1114,1437 1162,1441 1209,1445 1257,1450 1305,1455 1353,1461 1401,1465 1449,1472 1497,1478"/>
                <TextEquiv>
                    <Unicode>dise mit jrem bruoder Peter begangne</Unicode>
                </TextEquiv>
            </TextLine>
            <TextLine id="r3l16" custom="readingOrder {index:14;}">
                <Coords points="528,1515 637,1508 693,1541 1007,1514 1513,1576 1517,1502 1425,1474 1379,1507 1316,1457 1180,1487 1101,1451 1003,1474 534,1418"/>
                <Baseline points="536,1503 584,1503 633,1503 681,1503 730,1503 778,1505 827,1506 875,1508 924,1510 972,1512 1021,1514 1069,1517 1118,1521 1166,1524 1215,1528 1263,1533 1312,1538 1360,1542 1409,1548 1457,1554 1506,1560"/>
                <TextEquiv>
                    <Unicode>leidige that niemalen geoffenbaret und</Unicode>
                </TextEquiv>
            </TextLine>
            <TextLine id="r3l17" custom="readingOrder {index:15;} DIWO {offset:12; length:6;}">
                <Coords points="547,1603 904,1584 998,1665 1069,1611 1220,1611 1524,1669 1528,1599 1472,1560 1442,1585 1254,1551 1160,1589 1037,1518 812,1569 729,1517 551,1530"/>
                <Baseline points="554,1596 602,1593 650,1592 698,1590 746,1590 795,1590 843,1590 891,1592 939,1593 987,1595 1036,1598 1084,1600 1132,1604 1180,1607 1228,1611 1277,1615 1325,1620 1373,1625 1421,1630 1469,1635 1518,1641"/>
                <TextEquiv>
                    <Unicode>ob sy dauon nützit gewüst habind, darüber</Unicode>
                </TextEquiv>
            </TextLine>
            <TextLine id="r3l18" custom="readingOrder {index:16;}">
                <Coords points="504,1714 594,1676 765,1705 850,1673 1089,1699 1118,1731 1282,1699 1512,1747 1516,1657 1360,1625 1310,1662 1072,1610 970,1657 911,1602 752,1592 617,1649 508,1602"/>
                <Baseline points="513,1685 562,1681 612,1678 661,1676 711,1673 761,1673 810,1673 860,1673 910,1673 959,1674 1009,1676 1059,1679 1108,1681 1158,1685 1208,1688 1257,1692 1307,1696 1357,1701 1406,1705 1456,1710 1506,1715"/>
                <TextEquiv>
                    <Unicode>sy vermeldent, dass sy bim wenigesten von</Unicode>
                </TextEquiv>
            </TextLine>
            <TextLine id="r3l19" custom="readingOrder {index:17;}">
                <Coords points="523,1766 626,1755 740,1813 823,1758 1365,1785 1425,1846 1509,1819 1512,1743 1320,1741 1280,1711 1245,1736 1186,1696 1005,1737 885,1690 794,1732 720,1686 524,1720"/>
                <Baseline points="530,1764 578,1763 627,1761 675,1761 724,1760 773,1760 821,1760 870,1761 919,1761 967,1763 1016,1764 1065,1766 1113,1768 1162,1770 1211,1772 1259,1775 1308,1778 1357,1781 1405,1784 1454,1788 1503,1791"/>
                <TextEquiv>
                    <Unicode>derselben nüt gewüst, dan jre dochter</Unicode>
                </TextEquiv>
            </TextLine>
            <TextLine id="r3l20" custom="readingOrder {index:18;} DIWO {offset:16; length:6;}">
                <Coords points="520,1904 628,1899 703,1850 1018,1845 1129,1869 1181,1920 1309,1860 1427,1869 1463,1904 1503,1823 1421,1846 1361,1786 1282,1816 1236,1779 930,1822 821,1766 743,1814 627,1756 523,1782"/>
                <Baseline points="528,1847 576,1845 624,1844 672,1844 721,1844 769,1844 817,1844 866,1844 914,1845 962,1845 1011,1847 1059,1848 1107,1850 1155,1852 1204,1854 1252,1856 1300,1857 1349,1860 1397,1862 1445,1865 1494,1866"/>
                <TextEquiv>
                    <Unicode>jnen auch dauon nützit gedenkt noch</Unicode>
                </TextEquiv>
            </TextLine>
            <TextLine id="r3l21" custom="readingOrder {index:19;}">
                <Coords points="533,1952 682,1988 839,1929 1221,1976 1286,1953 1328,1982 1371,1951 1451,2012 1495,1988 1497,1917 1427,1869 1340,1865 1182,1922 1131,1871 999,1914 940,1853 867,1876 818,1852 534,1916"/>
                <Baseline points="540,1937 587,1935 634,1935 682,1934 729,1934 777,1934 824,1935 871,1935 919,1937 966,1938 1014,1940 1061,1941 1108,1943 1156,1946 1203,1947 1251,1950 1298,1952 1345,1953 1393,1956 1440,1958 1488,1961"/>
                <TextEquiv>
                    <Unicode>angezeigt habe, alss aber sy gesechen</Unicode>
                </TextEquiv>
            </TextLine>
            <TextLine id="r3l22" custom="readingOrder {index:20;}">
                <Coords points="495,2068 598,2059 662,2111 855,2032 1027,2038 1073,2076 1156,2036 1522,2069 1522,2003 1447,2014 1377,1955 1187,2011 1099,1944 946,2008 836,1929 722,2020 592,1959 496,2008"/>
                <Baseline points="503,2054 553,2050 604,2047 654,2045 705,2043 756,2040 806,2039 857,2037 907,2037 958,2037 1009,2037 1059,2037 1110,2039 1160,2039 1211,2041 1262,2043 1312,2045 1363,2048 1413,2050 1464,2053 1515,2057"/>
                <TextEquiv>
                    <Unicode>dass gesagte jre dochter dicket und grösser</Unicode>
                </TextEquiv>
            </TextLine>
            <TextLine id="r3l23" custom="readingOrder {index:21;}">
                <Coords points="533,2149 607,2183 989,2125 1453,2153 1519,2133 1519,2063 1365,2052 1257,2104 1116,2046 1068,2081 855,2031 661,2111 597,2072 533,2089"/>
                <Baseline points="540,2142 588,2139 637,2137 685,2135 734,2133 783,2132 831,2130 880,2130 928,2129 977,2129 1026,2129 1074,2129 1123,2129 1171,2129 1220,2130 1269,2131 1317,2132 1366,2133 1414,2133 1463,2135 1512,2136"/>
                <TextEquiv>
                    <Unicode>werden, habent sy vermeint, es komme</Unicode>
                </TextEquiv>
            </TextLine>
            <TextLine id="r3l24" custom="readingOrder {index:22;}">
                <Coords points="530,2261 665,2220 1504,2231 1503,2158 1323,2131 1138,2125 1014,2194 942,2150 793,2181 703,2153 599,2195 529,2166"/>
                <Baseline points="536,2228 584,2225 632,2224 680,2222 728,2220 776,2219 824,2219 872,2217 920,2216 968,2216 1016,2214 1064,2214 1112,2214 1160,2214 1208,2214 1256,2214 1304,2214 1352,2214 1400,2214 1448,2214 1497,2216"/>
                <TextEquiv>
                    <Unicode>jren von habender krankheit und hin¬</Unicode>
                </TextEquiv>
            </TextLine>
            <TextLine id="r3l25" custom="readingOrder {index:23;}">
                <Coords points="523,2344 593,2314 698,2311 740,2346 849,2314 930,2354 1001,2312 1471,2316 1492,2240 1293,2226 1235,2281 1201,2249 980,2224 523,2250"/>
                <Baseline points="530,2312 577,2310 625,2309 673,2309 721,2307 768,2306 816,2306 864,2304 912,2304 959,2303 1007,2303 1055,2303 1103,2303 1150,2303 1198,2303 1246,2303 1294,2303 1341,2304 1389,2304 1437,2306 1485,2307"/>
                <TextEquiv>
                    <Unicode>fallenden siechtens har, dan sy jn</Unicode>
                </TextEquiv>
            </TextLine>
            <TextLine id="r3l26" custom="readingOrder {index:24;}">
                <Coords points="530,2437 698,2396 831,2431 1015,2391 1191,2427 1319,2390 1510,2409 1508,2304 1324,2313 1254,2356 1083,2303 931,2354 856,2320 823,2346 694,2323 620,2368 528,2349"/>
                <Baseline points="536,2400 584,2399 632,2397 681,2396 729,2394 777,2393 826,2392 874,2391 922,2390 971,2390 1019,2388 1067,2388 1116,2387 1164,2387 1212,2385 1261,2385 1309,2384 1357,2384 1406,2382 1454,2381 1503,2381"/>
                <TextEquiv>
                    <Unicode>werender jrer schwangeren beladnus</Unicode>
                </TextEquiv>
            </TextLine>
            <TextLine id="r3l27" custom="readingOrder {index:25;}">
                <Coords points="511,2509 639,2484 739,2529 826,2488 949,2542 1146,2486 1298,2515 1338,2483 1507,2476 1505,2417 1390,2396 1241,2427 1015,2391 849,2458 724,2408 676,2448 596,2416 509,2437"/>
                <Baseline points="518,2495 567,2493 616,2491 665,2489 714,2487 763,2487 812,2486 861,2484 910,2483 959,2483 1009,2481 1058,2480 1107,2480 1156,2478 1205,2477 1254,2475 1303,2474 1352,2471 1401,2469 1450,2466 1500,2463"/>
                <TextEquiv>
                    <Unicode>und übelmögenheit jederwylen dahin</Unicode>
                </TextEquiv>
            </TextLine>
            <TextLine id="r3l28" custom="readingOrder {index:26;}">
                <Coords points="518,2660 560,2629 631,2634 680,2595 760,2589 814,2611 845,2588 915,2613 911,2540 871,2536 818,2497 758,2541 743,2530 716,2539 696,2522 658,2529 608,2501 557,2555 511,2568"/>
                <Baseline points="521,2604 546,2599 572,2593 597,2589 623,2586 649,2583 674,2582 700,2581 725,2580 751,2579 777,2579 802,2577 828,2577 853,2576 879,2574 905,2571"/>
                <TextEquiv>
                    <Unicode>gefallen sye.</Unicode>
                </TextEquiv>
            </TextLine>
            <TextLine id="r3l29" custom="readingOrder {index:27;} DIWO {offset:33; length:4;}">
                <Coords points="470,2828 672,2805 712,2839 803,2795 880,2836 945,2787 1122,2775 1263,2807 1468,2750 1463,2666 1316,2686 1278,2725 1211,2686 1091,2693 843,2766 697,2722 464,2732"/>
                <Baseline points="506,2819 555,2815 604,2811 653,2808 703,2804 752,2801 801,2797 850,2794 900,2790 949,2789 998,2785 1047,2782 1097,2780 1146,2776 1195,2773 1244,2770 1294,2766 1343,2763 1392,2760 1441,2756 1491,2751"/>
                <TextEquiv>
                    <Unicode>Alss aber auch hierüber volgende zwen</Unicode>
                </TextEquiv>
            </TextLine>
            <TextLine id="r3l30" custom="readingOrder {index:28;}">
                <Coords points="498,2914 775,2873 861,2922 1015,2857 1453,2864 1487,2846 1482,2757 1273,2827 1136,2780 968,2790 898,2843 828,2795 741,2845 598,2810 494,2847"/>
                <Baseline points="503,2897 551,2891 600,2885 649,2881 698,2877 747,2873 795,2871 844,2869 893,2867 942,2865 991,2863 1039,2861 1088,2858 1137,2856 1186,2853 1235,2851 1283,2847 1332,2844 1381,2838 1430,2833 1479,2826"/>
                <TextEquiv>
                    <Unicode>jung knaben befragt worden, ob sÿ den</Unicode>
                </TextEquiv>
            </TextLine>
            <TextLine id="r3l31" custom="readingOrder {index:29;} person {offset:7; length:11;}">
                <Coords points="498,2995 892,2951 962,3001 1080,2935 1241,2991 1311,2934 1489,2906 1485,2846 1448,2869 1390,2839 1320,2882 1266,2852 1016,2860 902,2921 628,2883 493,2918"/>
                <Baseline points="504,2985 552,2978 601,2971 650,2964 699,2960 748,2955 797,2952 846,2949 895,2948 944,2946 993,2943 1041,2942 1090,2940 1139,2937 1188,2934 1237,2932 1286,2928 1335,2923 1384,2918 1433,2910 1482,2903"/>
                <TextEquiv>
                    <Unicode>berürt Maria Haass und jr bruoder</Unicode>
                </TextEquiv>
            </TextLine>
            <TextLine id="r3l32" custom="readingOrder {index:30;} person {offset:0; length:5;}">
                <Coords points="510,3091 794,3035 966,3035 1049,3072 1157,3016 1243,3059 1325,3008 1478,2988 1489,2927 1369,2957 1311,2935 1242,2991 1078,2937 957,3001 787,2957 696,3026 595,2983 504,3006"/>
                <Baseline points="516,3075 564,3065 612,3057 661,3050 709,3045 758,3041 806,3037 855,3033 903,3030 952,3029 1000,3026 1048,3024 1097,3022 1145,3020 1194,3017 1242,3014 1291,3009 1339,3004 1388,2998 1436,2991 1485,2982"/>
                <TextEquiv>
                    <Unicode>Peter nit by einanderen gesechen oder</Unicode>
                </TextEquiv>
            </TextLine>
            <TextLine id="r3l33" custom="readingOrder {index:31;}">
                <Coords points="487,3150 629,3154 696,3205 762,3134 890,3163 1119,3095 1269,3132 1485,3067 1481,3005 1331,3010 1285,3064 1165,3025 1060,3083 983,3041 797,3034 483,3098"/>
                <Baseline points="495,3162 544,3155 593,3148 642,3143 691,3137 741,3133 790,3128 839,3125 888,3121 937,3117 987,3114 1036,3111 1085,3108 1134,3105 1183,3101 1233,3098 1282,3095 1331,3091 1380,3087 1429,3082 1479,3077"/>
                <TextEquiv>
                    <Unicode>wie sich die sach möchte verloffen haben,</Unicode>
                </TextEquiv>
            </TextLine>
            <TextLine id="r3l34" custom="readingOrder {index:32;} person {offset:34; length:6; continued:true;}">
                <Coords points="485,3259 548,3273 644,3231 744,3282 784,3246 856,3266 961,3211 1092,3219 1275,3171 1411,3214 1480,3172 1470,3061 1371,3114 1307,3095 1248,3152 1160,3124 1112,3170 1059,3128 904,3169 756,3146 697,3208 618,3164 477,3176"/>
                <Baseline points="492,3252 541,3246 590,3241 639,3235 688,3230 737,3225 786,3219 835,3215 884,3211 933,3206 982,3202 1031,3197 1080,3192 1129,3189 1178,3185 1227,3180 1276,3176 1325,3173 1374,3169 1423,3165 1472,3161"/>
                <TextEquiv>
                    <Unicode>hatt erstlichen der einte so sich Joggli</Unicode>
                </TextEquiv>
            </TextLine>
            <TextLine id="r3l35" custom="readingOrder {index:33;} person {offset:0; length:6; continued:true;}">
                <Coords points="466,3360 558,3337 616,3367 656,3333 909,3295 995,3317 1060,3284 1163,3322 1246,3264 1466,3223 1459,3164 1407,3215 1303,3180 1233,3209 1121,3190 791,3279 638,3232 554,3306 458,3283"/>
                <Baseline points="471,3344 520,3336 569,3330 619,3324 668,3319 717,3314 767,3308 816,3305 865,3300 915,3295 964,3292 1013,3287 1063,3282 1112,3277 1161,3271 1211,3264 1260,3258 1309,3251 1359,3242 1408,3233 1458,3222"/>
                <TextEquiv>
                    <Unicode>namset vermeldet, dass nachdem er uf</Unicode>
                </TextEquiv>
            </TextLine>
            <TextLine id="r3l36" custom="readingOrder {index:34;} person {offset:35; length:7;}">
                <Coords points="551,3458 644,3468 696,3411 846,3379 973,3390 1031,3431 1098,3371 1184,3413 1340,3391 1465,3315 1455,3229 1244,3266 1185,3327 978,3305 918,3348 807,3317 616,3367 538,3353"/>
                <Baseline points="555,3428 600,3421 645,3414 690,3408 735,3402 780,3396 825,3392 870,3386 915,3381 960,3377 1006,3373 1051,3367 1096,3363 1141,3358 1186,3352 1231,3346 1276,3340 1321,3333 1366,3326 1411,3318 1457,3308"/>
                <TextEquiv>
                    <Unicode>ein zeit mit sampt seinem gespanen Hanssli</Unicode>
                </TextEquiv>
            </TextLine>
            <TextEquiv>
                <Unicode>1649.
Den 12. May habend myne hochge¬
erten hern, hr. Abraham Amport und hr.
grossweibel Tscharner hieuor gemelt,
gesagter Maria Hassin vatter und muoter
wegen diser durch jre dochter begangnen
schandthath berichtswyss verhört, weliche
(nach ernsthaffter gethaner vermanung,
hierüber jre wüssenschafft von sich gegeben
und hierin nützit zeuerschwÿgen) volgender
g'stalten sich erlüteret.
Intero
Namlichen, ob jnen jre dochter obgemelt
dise mit jrem bruoder Peter begangne
leidige that niemalen geoffenbaret und
ob sy dauon nützit gewüst habind, darüber
sy vermeldent, dass sy bim wenigesten von
derselben nüt gewüst, dan jre dochter
jnen auch dauon nützit gedenkt noch
angezeigt habe, alss aber sy gesechen
dass gesagte jre dochter dicket und grösser
werden, habent sy vermeint, es komme
jren von habender krankheit und hin¬
fallenden siechtens har, dan sy jn
werender jrer schwangeren beladnus
und übelmögenheit jederwylen dahin
gefallen sye.
Alss aber auch hierüber volgende zwen
jung knaben befragt worden, ob sÿ den
berürt Maria Haass und jr bruoder
Peter nit by einanderen gesechen oder
wie sich die sach möchte verloffen haben,
hatt erstlichen der einte so sich Joggli
namset vermeldet, dass nachdem er uf
ein zeit mit sampt seinem gespanen Hanssli</Unicode>
            </TextEquiv>
        </TextRegion>
        <TextRegion orientation="0.0" id="r4" custom="readingOrder {index:3;}">
            <Coords points="1601,258 1601,3353 2786,3353 2786,258"/>
            <TextLine id="r4l1" custom="readingOrder {index:0;}">
                <Coords points="2680,338 2707,330 2726,312 2737,307 2749,307 2754,301 2768,302 2765,238 2758,238 2748,250 2735,256 2722,252 2706,258 2676,251"/>
                <Baseline points="2685,300 2710,299 2735,298 2760,297"/>
                <TextEquiv>
                    <Unicode>28</Unicode>
                </TextEquiv>
            </TextLine>
            <TextLine id="r4l2" custom="readingOrder {index:1;}">
                <Coords points="1919,388 1940,396 1974,388 1985,397 2020,384 2035,396 2084,382 2127,389 2182,377 2177,309 2146,311 2119,339 2039,297 1988,329 1951,330 1917,357"/>
                <Baseline points="1926,384 1953,380 1981,376 2008,375 2036,372 2063,371 2091,369 2118,368 2146,365 2174,362"/>
                <TextEquiv>
                    <Unicode>1649</Unicode>
                </TextEquiv>
            </TextLine>
            <TextLine id="r4l3" custom="readingOrder {index:2;} place {offset:3; length:10;} DIWO {offset:20; length:5;}">
                <Coords points="1663,619 2082,532 2305,516 2398,565 2626,507 2755,517 2794,503 2789,427 2387,472 2240,438 2127,485 1954,422 1655,499"/>
                <Baseline points="1668,591 1723,577 1779,565 1835,554 1891,545 1947,538 2003,533 2059,527 2115,524 2171,521 2227,519 2282,517 2338,516 2394,515 2450,513 2506,512 2562,510 2618,509 2674,505 2730,502 2786,497"/>
                <TextEquiv>
                    <Unicode>jn Stempfflis boden g'sin und zuo jren böglinen</Unicode>
                </TextEquiv>
            </TextLine>
            <TextLine id="r4l4" custom="readingOrder {index:3;}">
                <Coords points="1670,663 2170,592 2420,597 2466,633 2533,582 2585,614 2699,570 2651,507 2398,565 2304,517 2140,565 2061,540 1800,569 1667,615"/>
                <Baseline points="1677,663 1727,649 1778,637 1829,627 1879,617 1930,611 1981,605 2031,600 2082,596 2133,593 2184,591 2234,589 2285,588 2336,587 2386,585 2437,584 2488,582 2538,579 2589,577 2640,573 2691,569"/>
                <TextEquiv>
                    <Unicode>die sy den vöglen gesteckt und gerichtet</Unicode>
                </TextEquiv>
            </TextLine>
            <TextLine id="r4l5" custom="readingOrder {index:4;} person {offset:27; length:6;}">
                <Coords points="1684,772 1844,694 1913,730 1968,684 2013,721 2075,671 2268,694 2366,665 2419,712 2561,649 2740,723 2766,590 2574,638 2172,591 2127,624 1782,626 1679,677"/>
                <Baseline points="1689,732 1742,717 1796,704 1849,694 1903,685 1957,679 2010,673 2064,669 2118,666 2171,665 2225,663 2279,663 2332,663 2386,663 2440,663 2493,663 2547,663 2601,662 2654,660 2708,657 2762,653"/>
                <TextEquiv>
                    <Unicode>hattend, geachtet, habe er Joggli gesechen</Unicode>
                </TextEquiv>
            </TextLine>
            <TextLine id="r4l6" custom="readingOrder {index:5;} DIWO {offset:12; length:7;} textStyle {offset:23; length:2;strikethrough:true;} DIWO {offset:32; length:7;}">
                <Coords points="1685,835 1781,784 1895,817 1978,756 2095,750 2161,802 2219,749 2270,787 2319,748 2561,783 2767,753 2765,714 2616,689 2418,713 2370,669 2268,694 2226,665 2017,720 1975,692 1937,730 1875,700 1683,781"/>
                <Baseline points="1692,810 1745,795 1798,783 1852,772 1905,763 1958,757 2012,752 2065,747 2118,744 2172,743 2225,741 2278,741 2332,743 2385,743 2438,744 2492,746 2545,746 2598,747 2652,747 2705,746 2759,744"/>
                <TextEquiv>
                    <Unicode>das anzoges möntsch by uf einem dischli, alwo</Unicode>
                </TextEquiv>
            </TextLine>
            <TextLine id="r4l7" custom="readingOrder {index:6;} DIWO {offset:24; length:6;}">
                <Coords points="1660,927 1768,929 1903,857 2043,891 2227,830 2270,864 2388,837 2486,897 2619,827 2776,845 2772,751 2595,797 2513,751 2270,787 2210,756 2160,802 2089,750 2032,793 1970,762 1894,817 1837,788 1656,844"/>
                <Baseline points="1665,893 1720,877 1775,865 1830,855 1885,847 1940,840 1995,835 2051,831 2106,829 2161,828 2216,827 2271,827 2326,828 2381,828 2437,828 2492,828 2547,828 2602,827 2657,825 2712,822 2768,819"/>
                <TextEquiv>
                    <Unicode>zue zeiten der hr. vogt gässen, uf jme gehept,</Unicode>
                </TextEquiv>
            </TextLine>
            <TextLine id="r4l8" custom="readingOrder {index:7;}">
                <Coords points="1641,1007 2079,913 2272,924 2327,966 2430,920 2473,951 2553,918 2722,944 2764,937 2761,858 2675,820 2466,898 2400,846 2335,890 2230,832 2035,892 1869,868 1639,952"/>
                <Baseline points="1647,972 1702,960 1757,948 1813,939 1868,932 1924,926 1979,921 2035,918 2090,915 2146,914 2201,914 2256,914 2312,915 2367,915 2423,917 2478,918 2534,918 2589,919 2645,920 2700,918 2756,917"/>
                <TextEquiv>
                    <Unicode>weliches jn einem holtz ungfar ein viertel</Unicode>
                </TextEquiv>
            </TextLine>
            <TextLine id="r4l9" custom="readingOrder {index:8;}">
                <Coords points="1659,1084 1705,1042 2072,999 2287,1002 2350,1042 2401,998 2566,996 2631,1036 2739,1003 2738,954 2607,919 2499,963 2430,920 2337,969 2242,933 2154,958 2108,921 1656,994"/>
                <Baseline points="1665,1047 1718,1036 1771,1025 1825,1017 1878,1010 1931,1003 1985,999 2038,995 2091,993 2145,992 2198,990 2251,990 2305,990 2358,991 2411,992 2465,993 2518,995 2571,996 2625,998 2678,999 2732,999"/>
                <TextEquiv>
                    <Unicode>halbstund halbe viertelstund vom dorff ge¬</Unicode>
                </TextEquiv>
            </TextLine>
            <TextLine id="r4l10" custom="readingOrder {index:9;}">
                <Coords points="1664,1116 2163,1073 2669,1095 2715,1071 2714,1013 2629,1036 2400,1000 2349,1041 2312,1008 2072,998 1980,1053 1919,1011 1783,1062 1704,1042 1663,1079"/>
                <Baseline points="1671,1118 1722,1107 1774,1098 1826,1091 1878,1085 1930,1081 1982,1077 2033,1074 2085,1073 2137,1071 2189,1071 2241,1071 2293,1071 2345,1071 2396,1071 2448,1071 2500,1071 2552,1071 2604,1070 2656,1068 2708,1065"/>
                <TextEquiv>
                    <Unicode>wesen, damals haben sy beid knaben</Unicode>
                </TextEquiv>
            </TextLine>
            <TextLine id="r4l11" custom="readingOrder {index:10;} person {offset:8; length:5;}">
                <Coords points="1652,1215 2057,1147 2236,1204 2307,1158 2425,1225 2600,1152 2757,1173 2768,1105 2595,1072 2523,1107 2268,1082 2204,1114 2116,1078 1933,1130 1650,1113"/>
                <Baseline points="1659,1188 1714,1180 1769,1172 1824,1166 1879,1161 1934,1158 1989,1155 2045,1154 2100,1152 2155,1152 2210,1152 2265,1152 2320,1154 2375,1154 2431,1155 2486,1155 2541,1155 2596,1155 2651,1154 2706,1151 2762,1148"/>
                <TextEquiv>
                    <Unicode>zuo dem Maria gesprochen, sy geschende jnen</Unicode>
                </TextEquiv>
            </TextLine>
            <TextLine id="r4l12" custom="readingOrder {index:11;}">
                <Coords points="1612,1296 1779,1251 1891,1282 2064,1243 2120,1278 2214,1231 2452,1282 2500,1243 2697,1232 2660,1161 2605,1209 2476,1176 2417,1220 2309,1159 2241,1208 2044,1145 1611,1217"/>
                <Baseline points="1619,1284 1672,1272 1726,1262 1779,1255 1833,1248 1886,1243 1940,1239 1993,1236 2047,1235 2100,1235 2154,1235 2208,1235 2261,1236 2315,1238 2368,1239 2422,1239 2475,1241 2529,1241 2582,1239 2636,1239 2690,1236"/>
                <TextEquiv>
                    <Unicode>die bögli, wyliches aber sy verneinet</Unicode>
                </TextEquiv>
            </TextLine>
            <TextLine id="r4l13" custom="readingOrder {index:12;} person {offset:35; length:6;}">
                <Coords points="1595,1382 2030,1317 2371,1315 2486,1383 2595,1332 2696,1369 2715,1286 2511,1241 2439,1296 2340,1243 2165,1244 2123,1277 1921,1255 1593,1301"/>
                <Baseline points="1601,1368 1656,1356 1711,1345 1767,1337 1822,1331 1878,1324 1933,1320 1988,1317 2044,1316 2099,1314 2155,1314 2210,1315 2265,1316 2321,1317 2376,1319 2432,1321 2487,1323 2542,1324 2598,1326 2653,1326 2709,1326"/>
                <TextEquiv>
                    <Unicode>und nit bekantlich sein wellen, er Joggli</Unicode>
                </TextEquiv>
            </TextLine>
            <TextLine id="r4l14" custom="readingOrder {index:13;} person {offset:25; length:5;}">
                <Coords points="1661,1437 1898,1403 1998,1449 2185,1396 2352,1456 2519,1415 2601,1474 2717,1434 2716,1363 2602,1320 2489,1377 2370,1315 2233,1352 2114,1317 2028,1365 1873,1329 1660,1370"/>
                <Baseline points="1668,1431 1720,1422 1772,1415 1824,1409 1876,1404 1928,1400 1980,1397 2032,1395 2084,1394 2136,1393 2188,1394 2240,1394 2292,1394 2344,1395 2396,1397 2448,1398 2500,1400 2552,1400 2604,1401 2656,1403 2709,1403"/>
                <TextEquiv>
                    <Unicode>aber habe dozuomalen den Peter nit ge¬</Unicode>
                </TextEquiv>
            </TextLine>
            <TextLine id="r4l15" custom="readingOrder {index:14;}">
                <Coords points="1735,1521 1742,1520 1750,1510 1757,1508 1762,1502 1777,1497 1766,1419 1752,1423 1740,1437 1729,1428 1722,1429"/>
                <Baseline points="1657,1510 1770,1499"/>
                <TextEquiv>
                    <Unicode>sechen.</Unicode>
                </TextEquiv>
            </TextLine>
            <TextLine id="r4l17" custom="readingOrder {index:15;} person {offset:28; length:7;}">
                <Coords points="1660,1670 2469,1648 2736,1690 2736,1571 2623,1623 2524,1542 2429,1524 2166,1596 2124,1559 1771,1595 1661,1547"/>
                <Baseline points="1668,1659 1721,1654 1774,1650 1827,1647 1880,1645 1933,1644 1986,1643 2039,1643 2092,1643 2145,1643 2198,1644 2251,1644 2304,1646 2357,1647 2410,1649 2463,1650 2516,1652 2569,1653 2622,1654 2675,1655 2729,1655"/>
                <TextEquiv>
                    <Unicode>So vermeldet der ander knab Hanssli genanten</Unicode>
                </TextEquiv>
            </TextLine>
            <TextLine id="r4l18" custom="readingOrder {index:16;} date {offset:35; length:11; continued:true;}">
                <Coords points="1563,1818 1667,1860 1738,1809 2008,1821 2078,1786 2160,1820 2646,1819 2599,1743 2487,1759 2451,1727 2313,1761 2115,1720 1716,1733 1646,1787 1563,1780"/>
                <Baseline points="1655,1734 1708,1730 1761,1726 1815,1723 1868,1721 1922,1719 1975,1718 2029,1718 2082,1718 2136,1719 2189,1720 2242,1722 2296,1724 2349,1725 2403,1728 2456,1730 2510,1732 2563,1734 2617,1736 2670,1738 2724,1740"/>
                <TextEquiv>
                    <Unicode>ein g'leiches und sye söliches umb St. Vrenna¬</Unicode>
                </TextEquiv>
            </TextLine>
            <TextLine id="r4l19" custom="readingOrder {index:17;} date {offset:0; length:3; continued:true;}">
                <Coords points="1657,1818 1712,1852 1788,1815 1837,1842 2244,1812 2283,1849 2441,1809 2624,1846 2734,1814 2734,1752 2679,1730 2496,1783 2428,1723 2254,1762 2186,1724 2080,1755 1926,1727 1755,1780 1657,1744"/>
                <Baseline points="1664,1806 1717,1803 1770,1800 1823,1799 1876,1797 1929,1796 1982,1796 2036,1796 2089,1797 2142,1797 2195,1799 2248,1800 2301,1802 2354,1803 2408,1804 2461,1805 2514,1806 2567,1808 2620,1808 2673,1808 2727,1808"/>
                <TextEquiv>
                    <Unicode>tag geschechen, sonsten zeigt er auch wyters</Unicode>
                </TextEquiv>
            </TextLine>
            <TextLine id="r4l20" custom="readingOrder {index:18;}">
                <Coords points="1656,1916 1985,1875 2100,1924 2204,1887 2385,1928 2574,1884 2740,1924 2741,1836 2524,1853 2417,1817 2317,1855 2249,1818 1940,1844 1790,1816 1728,1856 1657,1824"/>
                <Baseline points="1664,1883 1717,1881 1770,1880 1824,1878 1877,1878 1931,1877 1984,1877 2038,1877 2091,1878 2145,1878 2198,1880 2251,1880 2305,1881 2358,1883 2412,1884 2465,1886 2519,1886 2572,1887 2626,1889 2679,1889 2733,1890"/>
                <TextEquiv>
                    <Unicode>an, dass er offtermalen gesechen das das</Unicode>
                </TextEquiv>
            </TextLine>
            <TextLine id="r4l21" custom="readingOrder {index:19;} person {offset:0; length:5;} person {offset:25; length:9; continued:true;}">
                <Coords points="1623,1971 1758,1965 1813,2003 1888,1966 1942,2012 2011,1964 2131,1957 2241,2026 2324,1970 2409,2010 2512,1977 2606,2030 2687,1974 2688,1903 2543,1933 2422,1894 2315,1948 2211,1887 2049,1934 1971,1881 1775,1932 1624,1911"/>
                <Baseline points="1631,1962 1683,1960 1735,1959 1788,1958 1840,1958 1893,1959 1945,1959 1997,1961 2050,1962 2102,1964 2155,1965 2207,1967 2259,1968 2312,1970 2364,1971 2417,1972 2469,1973 2521,1974 2574,1974 2626,1974 2679,1974"/>
                <TextEquiv>
                    <Unicode>Maria mit seinem bruoder Peter zuo</Unicode>
                </TextEquiv>
            </TextLine>
            <TextLine id="r4l22" custom="readingOrder {index:20;} person {offset:0; length:5; continued:true;} DIWO {offset:6; length:6;} textStyle {offset:23; length:2;strikethrough:true;}">
                <Coords points="1630,2075 1752,2037 1968,2104 2095,2044 2288,2048 2333,2087 2428,2052 2633,2075 2718,2055 2720,1977 2606,2030 2511,1976 2411,2011 2315,1973 2243,2025 2066,1988 1835,2011 1756,1965 1631,1987"/>
                <Baseline points="1638,2043 1691,2042 1745,2042 1798,2040 1852,2040 1906,2040 1959,2042 2013,2042 2067,2043 2120,2045 2174,2046 2228,2048 2281,2049 2335,2051 2389,2052 2442,2052 2496,2054 2550,2054 2603,2054 2657,2052 2711,2052"/>
                <TextEquiv>
                    <Unicode>holtz gangen sye, dass sy aber sy beid</Unicode>
                </TextEquiv>
            </TextLine>
            <TextLine id="r4l23" custom="readingOrder {index:21;}">
                <Coords points="1615,2170 1793,2122 1954,2153 2160,2119 2255,2151 2718,2147 2719,2082 2672,2058 2391,2107 2276,2048 2074,2053 1977,2104 1750,2043 1617,2076"/>
                <Baseline points="1623,2124 1677,2124 1731,2124 1786,2124 1840,2124 1895,2126 1949,2126 2003,2127 2058,2129 2112,2129 2167,2130 2221,2132 2275,2133 2330,2135 2384,2135 2439,2136 2493,2136 2547,2138 2602,2138 2656,2138 2711,2138"/>
                <TextEquiv>
                    <Unicode>knaben von diser that etwass wüssens</Unicode>
                </TextEquiv>
            </TextLine>
            <TextLine id="r4l24" custom="readingOrder {index:22;}">
                <Coords points="1635,2258 1768,2259 1821,2224 1883,2264 2019,2272 2220,2213 2332,2273 2557,2281 2603,2270 2607,2130 2539,2178 2452,2128 2358,2189 2163,2119 1986,2176 1795,2123 1638,2177"/>
                <Baseline points="1644,2202 1691,2205 1739,2207 1786,2208 1834,2208 1882,2210 1929,2211 1977,2211 2025,2213 2072,2213 2120,2214 2168,2214 2215,2216 2263,2217 2311,2218 2358,2220 2406,2222 2454,2225 2501,2228 2549,2231 2597,2235"/>
                <TextEquiv>
                    <Unicode>habind sye gantz und gar nit.</Unicode>
                </TextEquiv>
            </TextLine>
            <TextEquiv>
                <Unicode>28
1649
jn Stempfflis boden g'sin und zuo jren böglinen
die sy den vöglen gesteckt und gerichtet
hattend, geachtet, habe er Joggli gesechen
das anzoges möntsch by uf einem dischli, alwo
zue zeiten der hr. vogt gässen, uf jme gehept,
weliches jn einem holtz ungfar ein viertel
halbstund halbe viertelstund vom dorff ge¬
wesen, damals haben sy beid knaben
zuo dem Maria gesprochen, sy geschende jnen
die bögli, wyliches aber sy verneinet
und nit bekantlich sein wellen, er Joggli
aber habe dozuomalen den Peter nit ge¬
sechen.
So vermeldet der ander knab Hanssli genanten
ein g'leiches und sye söliches umb St. Vrenna¬
tag geschechen, sonsten zeigt er auch wyters
an, dass er offtermalen gesechen das das
Maria mit seinem bruoder Peter zuo
holtz gangen sye, dass sy aber sy beid
knaben von diser that etwass wüssens
habind sye gantz und gar nit.</Unicode>
            </TextEquiv>
        </TextRegion>
    </Page>
</PcGts>
