3024 4032
619 291 907 429 1649.
308 426 1262 639 Hanßes mit einem pflegel sthil
350 509 1316 715 rechten wug, an dreits orte vermu
344 597 1311 789 worden und er noch selbiges abens sich
356 661 1293 866 alhar in die sur begeben, habe p
291 744 1308 932 Gruchschnyder habe nach nothurfft
324 837 1299 1029 zugleich des volgendes tagg verbauen
330 916 1328 1109 und geflissenlich bestmöglich tachi
315 1013 1335 1219 Den 17. eito abend umb 7 vren sg
346 1094 1319 1254 patient solichermaßen von Singen
343 1176 1327 1349 kammen, das er über alle angewreite
290 1278 1315 1464 mitel nit widerumb kounen zu recht
346 1365 1324 1521 bracht werden Daruf das dose
352 1449 1334 1609 uf dem abend der tad erfolget, sy
327 1542 1325 1705 Ab aber habend sy vollgend tags
359 1630 1319 1791 gegenwürtigkeit etlicher panenge
298 1730 1328 1896 eoßfnet und nach geschribner gstalten
336 1832 725 1981 befunden, so
263 2031 1326 2205 Erstliches das ein zimliche quantitet E
365 2132 1338 2283 rsaunes bluten zwüschen wo hirnschiken
323 2204 1336 2406 und Hirn by dem abgestorbigen
341 2291 1334 2485 funden und sonderlich ufiher verhaue
382 2382 1331 2545 yten vonßen großeß stoß causi
391 2465 1335 2675 daß sölicher spoß woln verürsachet
373 2556 1321 2739 rammen, das daß gäder darduffch
365 2648 1337 2820 ludiert und geöffnet worden, dann
369 2728 1319 2951 harn der stad möchte erfolget sein.
324 2953 1324 3124 sum anderen habind sy gefunden
365 3008 1334 3215 Sie gebein, hinder dem serlezt auf
336 3115 1336 3343 zertlmäteret worden, wie das die
305 3161 1323 3420 erhaht baß geestet, sy alelt
353 3256 1339 3494 also das auch söliches nit wenig i
1786 391 1978 501 1649.
2368 430 2466 524 14.
1429 466 2439 631 patienten tod befünderet habe, etc. Sonsten
1410 557 2391 696 hette sich der patsent nach empfangner
1432 631 2406 792 bundes inbehalten und nit sy der kelten sich
1434 693 2414 837 alhar begeben solle, das die Kelticken
1412 767 2453 957 baurtwunden, so schädlich als dem mäntschen
1410 857 2435 1005 daß gifft gefaglich syr . Im übrig haße
1405 934 2432 1118 der pattent shun zesten nit allein zitlisen
1432 1022 2428 1158 mangel an seinem verstand gehet, solles
1441 1078 2398 1245 auch einen fösten schenkel, welicher er
1429 1176 2404 1319 alle Zeit surferen laßen, Hodhs grab ge¬
1422 1244 2396 1418 tregen, also das zwyffels alz soliches
1434 1332 2369 1511 ahane nit wenig umse coperitet
1409 1449 1660 1600 haben .
1454 1666 2228 1820 M Josephrender
1598 1759 2242 1922 der Ureichschnyder alhier
1391 1921 2436 2106 züget noch wyters und redt, das als
1442 2052 2465 2174 ser gedachtes patienten anfencklich be-
1466 2129 2495 2288 scht, und verbunden, habe er ime vermeldet
1441 2228 2407 2345 wie das er iin Baumgarten ab einem
1423 2318 2435 2411 ann, werlicher von der Verndriges
1427 2397 2489 2527 bruust verderdt worden, etwas holzes
1423 2476 2482 2636 hinuider gehauwen, sin selben sein bruder
1417 2562 2510 2705 Hanß dahar kamen und zu inhe gesprachen
1432 2668 2500 2826 er stäle ime das synig wlrüben viell
1429 2757 2500 2915 geantwartet, was er etwas verfält
1369 2851 2535 3038 haben so sye gut grüste und recht darumb,
1405 2983 2533 3131 ungnacht eesbed, aber, er nüt destoweng
1389 3051 2212 3263 Ine des stoß gegeben habe etc.
