3024 4032
1055 133 1136 223 1650
771 133 1522 407 Petter Stryts von
822 249 1543 487 Oberpotigen Criminalis proces
706 456 1665 735 Demmach (gegenwürtiger) Petter
679 536 1640 784 Stryt von Oberpotigen pürtig, alls
743 603 1635 841 ein junger buob, by diser seiner
724 669 1659 934 blüyenden jugent, sich mit dem grüw¬
711 748 1639 991 lichen abschüchlichen schantlichen laster
730 845 1645 1075 der unchristenlichen werken befleckt
707 919 1655 1175 dass er derenthalben vor etwas abge¬
722 1005 1658 1253 loffner tagen in g'fenckliche verhafft¬
744 1132 1676 1350 ung genommen und volgents uf donstag
730 1193 1666 1422 den 6. Junii diss lauffenden 1650 jars
739 1289 1653 1491 jn bywäsen, anhören und gegenwürtig¬
735 1373 1650 1584 keit der ehrenuesten, frommen, für¬
744 1476 1649 1676 nemmen, fürsichtigen, wolgeachten unnd
724 1579 1656 1759 wyssen hern, hrn. Marquart Zechenders
728 1664 1644 1859 dess kleinen raths, jr. Bernhart gross¬
729 1771 1635 1931 weybels sampt etlichen weyblen
678 1881 1640 2027 myner gn. hrn. und oberen dieneren
691 1948 1632 2104 über söliches erforderlicher massen
713 2069 1633 2221 jn gewontem strecki thurn, befragt
717 2174 1616 2305 und examiniert worden: welicher
712 2268 1625 2415 dan hernach geschribne, hoche, grobe,
722 2347 1642 2507 schwäre jn Gottes wort verpotne
693 2448 1632 2602 und durch jnne begangne sünd mit
682 2551 1627 2706 hertzlichem rüwen, freywillig mit
694 2633 1630 2781 und one marter bekent, auch volgents
542 2730 1579 2923 söliches an derselben erhalten undt be¬
709 2839 1129 2994 stettigett etc.
652 2949 1580 3114 Alss namlichen wie nit weniger
399 3006 1614 3257 * nechst dan das er jn * verwichnem meÿmo¬
704 3070 1614 3263 nat, leider so jn ein grüwliche un¬
689 3129 1627 3356 möntschliche begird und lust geraten
2805 336 2905 450 64
2102 377 2359 500 1650
1863 489 2884 615 dass er nit allein möntschlicher natur,
1860 569 2858 676 sonders ouch göttlichem gesatz und
1674 635 2915 757 allen geoffenbareten rechten zuwider
1822 693 2910 795 sich zuo dreyen underschidenlichen malen sich
1672 722 1901 774 aller erstlichen mit
1689 727 1870 782 einer wyssen
1675 760 1753 805 ouwen zum anderen
1674 789 1882 833 mal xxx
1678 768 2868 904 mit * uncristenlichen werken schwerlich
1661 821 1868 849 * einer pferti
1688 858 1752 927 jn
1785 827 2712 974 vergessen und vertiefft habe.
1906 966 2895 1101 Dass er nit allein möntschlicher natur,
1776 1078 2869 1191 sonders ouch göttlichem gesatz und allen
1897 1143 2842 1269 geoffenbarten rechten zuowider, aller
1895 1212 2860 1328 erstlichen mit einer seinem vatter zuoge¬
1865 1278 2812 1439 höriger wyssen ouwen zum anderen
1890 1353 2895 1473 mal, wie dan mit einer Bendicht Tröler
1869 1419 2830 1562 zuostendigen pferti zuo dreyen under¬
1857 1493 2823 1647 schidenlichen malen sich mit uncristenlichen
1881 1580 2818 1708 wärken schwärlich vergessen unndt
1874 1669 2287 1808 vertiefft habe.
1831 1856 2891 2000 Uff disere sein dess gedachten Petter
1794 1942 2873 2074 Stryts bekente hoche, schwäre und gantz
1894 2027 2874 2153 abschüchliche misshandlungen, habend
1870 2096 2910 2205 hochgenampt myn gnedig hern und oberen,
1843 2178 2900 2275 hern schultheiss, räth und burger diser
1856 2242 2876 2386 freyen loplichen statt Bern uff jren
1851 2320 2858 2461 eydt zuo recht erkent und gesprochen:
1818 2484 2868 2687 Das man jnne dem nachrichter befelchen,
1860 2602 2760 2725 der jnne oben uss, uff g'wonlichen
1804 2675 2861 2801 richtstatt füren, jme alda uss gnaden
1864 2752 2814 2877 von seiner juget wegen, sein haupt
1870 2826 2838 2953 abschlachen, demnach den cörppel
1848 2894 2797 2989 in ein brönend füwr werffen, zuo
1834 2966 2820 3090 pulver und äschen verbrönen unnd
1839 3038 2862 3177 also jnne mit dem schwärt, und fhüwr
