3024 4032
976 184 1135 261 16
1178 241 1337 323 110
855 331 1566 601 Jaes Senn
794 431 1431 608 Dor Kerneriet
785 566 1665 881 Jec on 20
768 738 1672 945 wollen mynen hochgeehrten herren
730 784 1657 1010 Abraham am port derb mit rath uu
765 862 1672 1093 lsen de buschen tele
739 953 1648 1173 griffne Hanß Schuemacher über den
724 1039 1669 1262 hrs Jacob Srochers zu Heirerchu
718 1117 1668 1355 entwente 3 und alda ußgescheften
699 1216 1672 1427 Kud sonsten umb ahnder sein lich
762 1306 1668 1503 wisen, aufencklich ganz ernstwörtin.
548 1403 1664 1595 und volgents auch deo 20. junii
714 1517 1660 1700 pperlich zu erammieren, Vnd demmach
728 1593 1665 1782 sein bekantnus und vergaht hahe
730 1696 1660 1865 melt vigden zu referceren. Aalß
705 1788 1644 1938 Ist dero befelch, jo by sein hag Gos
692 1883 1624 2036 weibel tchafneks gebüre dermaßn
716 1984 1267 2108 erstattet worden
688 2111 1620 2255 Da dan ermelter Hanß Schumacher
721 2208 1636 2307 aller erstlichen angezeigt, daß es dann
714 2271 1644 2417 lich assonderschidenlilsen geten behe
724 2354 1631 2501 lich meisteren alß beforderstu
642 2438 1651 2589 Wder und oberjedt. Item zu kige
688 2522 1644 2724 sey Hanß Gfeller und zu arm ki
688 2602 1646 2814 Jar gedienet, und hienar auch daut
619 2710 1639 2924 henden Caspar Buerman dem lone
653 2796 1644 3000 In huß gewesen, so zwnsches, töglich
680 2880 1633 3073 der Schandz ptarbeittet, Gestalte
680 2968 1630 3181 von Niemanden kein klag seigethalbe
687 3071 1596 3294 nit genernemmen sein werden, Sit
668 3149 1634 3409 Thüren zeit aber, ein gute anzaß
2837 305 2962 393 72
2012 378 2402 484 160
1852 472 2924 658 Jan sich an ans stal mit arbeitt enthalt
1860 555 2879 735 habe auch zudem end von der gmeind
1877 623 2926 831 zu Kernenriedt sein Attestation, So durch
1858 705 2908 921 hr nenner veillaßung versiykt worden,
1866 779 2915 956 erlanget, welicheer annach, by sich habe
1861 844 2896 1032 und in seinem püntel, dan er bin küsen
1862 936 2887 1126 zu behalten geben, zu finden sye unnd
1858 1007 2873 1199 vorhabens gsin ungst Johanni Deenst
1864 1096 2893 1275 zusuchen und denzmalen seines ünsel
1868 1209 2439 1337 widerumb abzeholen,
1813 1309 2857 1496 Waß dan die ku anlanget sye nit
1869 1417 2925 1546 weniger, dan das er dieselbige, vnbesinter,
1872 1486 2886 1626 und boß�rtiger wyß by heimbenhüsen
1846 1573 2932 1717 gemelte zu Nidergemnacht sy ussgeschauten
1846 1652 2894 1801 Die huth genammen und soliche solchgef
1862 1736 2909 1864 der statt einem gwüßen bunger ver¬
1844 1817 2909 1951 kaufft, das fleisch anßem ogt ligen Cath
1828 1907 2866 2036 weliche hhast ihne aber herzlich leidt
1833 1996 2916 2141 vnd hiengg dergleichen sachen niemalen
1855 2061 2862 2229 rübt oder sich sonsten insanders boßen
1880 2163 2884 2308 sach gebeühroleße e. Bitet Gatt
1843 2226 2880 2376 Vndsein gnedige, oberkeit vmb ver¬
1855 2337 2111 2459 zöchung
1817 2427 2869 2601 Ist hm Lar und e en mit dem klenen
1829 2518 2413 2667 stein uffsohen worden.
1816 2755 2815 2913 Den 20. junii is diser Hanß Schu
1882 2853 2763 3032 macher, Vns Schhallenwerk sge
1849 2926 2362 3103 feßset worden.
