3024 4032
827 214 1104 332 1649
527 308 1497 572 habenden juugsamen erlüterung den
480 394 1496 663 das s gen wol ursach gehert hethend mich
592 506 1501 729 mach mit höcherser exenplarich strit
512 579 1515 818 Das aber mit zwey järiger geshangensh
516 645 1454 858 Deß Schallengaerbs büßen zuhaßen
497 740 1449 921 Habend aber sich in gnadet gegegn mir
1444 802 1508 880 ß
575 820 1517 1010 neigt mit angeheffter danulssin
564 905 1504 1088 gesunen, fallch ich hüt marn oder sy
534 971 1494 1146 dass küüfftig mich ss der gleichen oter
570 1061 1503 1259 anderer funden und lasteren erfanden
541 1127 1503 1312 und kein beßerung, er folgentlüfer
555 1209 1514 1370 Jrgdli denzmalen, ab mhr ane alle und
572 1305 1486 1470 richten, laßen nit anderst als 169
570 1386 1514 1571 soliches an hüt, an mir erspottet woren
578 1497 1511 1627 weren und as lyb und läben, als ein
546 1577 1504 1742 Ubel hathern Aane knere gnad abstraffen
575 1686 1502 1820 sollent Crafft diß urfechs, daßu ich
569 1772 1480 1916 an eydstat geschworen haben wil
475 1853 1262 2015 Actum 20 feb 1649
786 2354 1426 2546 Umats Kins
766 2501 1343 2638 der kergotten sohn
532 2667 1495 2896 Den 13. martii hatt gesagter Kait
563 2754 1487 2948 wegen er Abraham Berner den st
525 2871 1449 3056 be nacht und Näbel oß seinem
504 2938 1495 3107 Losament In zarnigen muth herns
552 3009 1494 3205 geladen inse angriffen und gel w
459 3075 1498 3308 Eb im im gestoßen, e nbg  sah
497 3179 1484 3390 Folio 45 Ufer jar lang 1 gden s
526 3280 1490 3477 und land zu fuyde ußfgeschwworet
505 3441 1015 3584 gBurgereß sel
1500 3376 1569 3503 3
1521 1767 1616 1927 B
1945 325 2190 426 1649.
1692 452 2607 640 Bendich Zimmaman
1648 637 2643 823 Derselbis ist weges Baltsherwyß by
1714 752 2641 899 6 malez ufff genommer srandschmerr
1670 830 2671 957 und dahar vubt unthrüw und betrugt
1675 895 2593 1039 Ins Sthallen werh gefeßlet woldn
1653 971 2347 1145 Aaumd 12 martii 1647
1624 1294 2508 1463 Dm Escheppeler
1640 1506 2630 1645 Diter ist den 28. martii von under
1669 1604 2658 1755 schidenlsicher mit Barbli Bßenger einer
1598 1683 2617 1812 dßgetrettnen Lirnen versbtes un
1670 1759 2615 1892 Zuchtigen. fleichlichen thaten wegen, mit
1649 1834 2602 1970 Den Lid oß statt und Landt ver¬
1676 1935 2152 2063 wisen word.
1735 2159 2372 2314 Heus Barvon
1964 2282 2319 2405 Trachselwald
1603 2438 2651 2570 User ist den 52. martii als ein löchtertig
1622 2521 2593 2655 ghelle und, das er in vedacht ab solte er
1648 2604 2649 2743 mit allem miht seinem vatters s ungebür
1637 2689 2623 2825 sich gehandlet haben, sonders getrouwt
1624 2769 2591 2907 der lüter dre hüßer anzustecken, Ins
1613 2847 2596 2986 schlallenwerk gefeßlet worden, darin
1612 2916 2624 3060 er sol enthalten werden, unhit er mit
1633 3002 2637 3149 seines gleichn nacher vinedig schickt werden.
1889 3101 2501 3260 Elß betz Hüßelman
2027 3215 2347 3333 50s Lohwyl
1622 3257 2663 3417 ist ist Eodem vos jaes deites Hure fällers
1626 3373 2629 3522 wegen von j gen statt und land liglich
1602 3460 2006 3551 vwis worden.
2672 355 2765 415 5
