3024 4032
901 136 1248 278 1650
610 224 1593 520 vom läben zum tod, nach keiser¬
724 329 1604 595 lichem und diser statt Bern
692 387 1443 661 rechten hinrichten sölle etc.
674 569 1586 864 Den 11. Junii ist disere urtheil an
704 682 1450 879 jme erstattet worden.
823 1340 1529 1529 Peter am Stutz
920 1476 1444 1602 von Sigrisswyl
706 1715 1639 1877 Nach dem myne hoch unndt
711 1805 1610 1945 wolgeehrten herren hr. Niclaus
702 1882 1622 2022 Lombach, hr. Dauid von Büren, beide dess
649 1955 1619 2105 kleinen täglichen raths, hr. alt spital
701 2038 1619 2163 meister Lerber und hr. grossweibel
685 2125 1625 2276 Tscharner, uf beuelch mghrn. und obern
667 2213 1600 2354 der droben jn der g'fangenschafft ver¬
696 2292 1597 2435 haffter Peter am Stutz uf hüth den 7.
664 2369 1618 2546 Junii im strecki thurn gantz ernstwörtig
682 2480 1617 2599 ouch mit betröüwung der anwendung
643 2545 1599 2707 strenger marter examiniert unnd
667 2632 1595 2803 befragt worden, ob er nit ouch mit
636 2709 1597 2896 Anthoni Wolf den weibel Jm Hooff
631 2810 1592 2971 umb zebringen und hindurch zerichten
655 2901 1581 3098 dem Hanss Leman z'farni verdingen
648 2988 1580 3191 helffen oder wie es sonsten dess ein
589 3087 1594 3284 und anderen complotti halben hergangen etc.
2794 292 2929 386 65
2093 348 2423 464 1650
1796 420 2903 586 Hatt ermelter am Stutz (als er an dass
1864 494 2895 647 strecki seyl geknüpfft worden) sich über
1860 551 2932 719 die einen und anderen jme wytlöüffig und
1868 635 2864 781 der länge nach vorgehaltnen puncten
1862 705 2855 849 volgender massen beantwortet unndt
1848 811 2099 942 bekennt.
1795 904 2900 1036 Namlichen es sye zwar nit weniger dan
1836 988 2874 1126 alss uf ein zeit gedachter Anthoni Wolff
1835 1055 2877 1212 zuo jme gan Sigrisswyl komen, da habe
1855 1128 2914 1245 er am Stutz jnne angeredt, wie jme zuo¬
1870 1174 2920 1365 thuon were, dass man dess weibel Jm Hof
1860 1277 2931 1411 abkommen möchte? Er Wolf daruf geant¬
1879 1365 2902 1481 wortet, es were guot, das er danen ge¬
1882 1446 2909 1586 rumpt und durchhin gethan wurde,
1870 1522 2925 1637 oder aber die jenigen welichen weibel
1861 1600 2926 1732 Jm Hoff so gröblich überthan, solten durch
1874 1692 2914 1801 ein supplication myn gnadis herren
1870 1769 2909 1921 und oberen dess ein und anderen halb
1861 1856 2942 2003 berichten, damit sy jme den lohn gäbent,
1849 1936 2880 2093 darzuo er am Stutz gantz nit verhelffen
1858 2006 2915 2170 wöllen, sonders gesagt, er sye von jme
1842 2093 2902 2229 Jm Hooff einmal erlediget, zwar mit
1836 2181 2940 2325 verlurst seines guots etc., nach dem und aber
1845 2260 2874 2443 hernach er uf einem sambstag gan
1819 2364 2846 2516 Thun seinen sach nachzegahn gereiset,
1866 2417 2885 2597 sye er damalen vom Wolff jn sein huss
1855 2519 2925 2671 beruofft worden, alda sy biss uf den abend
1871 2606 2883 2752 mit einanderen getrunken, da dan
1829 2671 2863 2849 Hanss Leeman, welicher jme Wolffen
1854 2759 2921 2913 gearbeitet, von Wolf mit jnen ein trunk
1817 2840 2904 3014 zethuon beruofft und genötiget ware, er
1840 2913 2803 3117 am Stutz habe aber hieuor gedachten
1827 2992 2859 3201 Leeman einmalen gesechen vilweniger
1838 3070 2878 3295 mit jme geredt noch kundsame gehept.
