3024 4032
929 174 1253 287 1650
674 288 1651 596 Jm Hof nochmalen an ein g'wüss ort
703 377 1637 665 tagen könte, damit die sach abgahn
711 483 1655 735 möchte oder jm fal weigerens und
710 535 1628 802 er jme darzuo nit helffen wölle, nie¬
717 630 1640 881 mants wüste oder funde, der söliches
712 719 1638 944 an die hand nemmen wurde, sye Furer
675 805 1638 1019 von jme hinweg gangen und vermeldete
657 874 1616 1098 dass er jnne zuofriden und ruowen
675 970 1112 1111 lassen sölle.
667 1139 1640 1351 Berüfft sich uf Peter Furer und wyl sich
694 1245 1622 1413 söliches durch sein kundtscht befinde,
713 1334 1591 1493 müsse ers ouch bekennen und wol
699 1413 1593 1584 g'lauben dan er sich dessen gantz nit
664 1502 1233 1629 zuo erinneren wüsse.
803 1682 1528 1816 Verte 7. folia da volget
786 1773 1457 1880 Furers zügsame über
935 1841 1430 1960 Stutzen bekantnuss.
2767 315 2914 435 69
2179 360 2438 451 1650
