3024 4032
975 199 1122 274 16
1189 227 1300 323 49.
657 253 1574 541 aerten tis senden
723 356 1600 626 e n eeb
661 420 1574 647 kanden möchte. Is spysen vernüe
679 514 1628 806 s e se sihen
688 604 1307 755 hindurch nicht sölle.
641 970 1584 1197 Wyl dan numn us ein Hans Rudlich
634 1091 1566 1249 Hams gethaner vrsegicht und anderen
650 1157 1585 1338 Jmb seüßen opfenbar und am tag
665 1262 1600 1425 uf erhas end, er gesagtes sein cheh
661 1348 1576 1484 alß sein seigers lybh fleisch und bit
629 1438 1575 1608 schsachtlich und lastehrlich übergeben,
653 1526 1563 1664 und umb ir läbet bringen wollen,
661 1617 1573 1755 wo der liebe gott, soliches uß
704 1698 1567 1842 sanderen gnaden bißfachero sit
683 1786 1553 1928 abgewrent. Als habend
654 1878 1583 2045 hieruf hochgenant myg gnedig her
656 1973 1578 2148 und bers hrr schultheiß Räth
669 2093 1598 2221 und snage disel Freyen holihes
621 2176 1590 2345 stattBers uff hres lydt zu reß
667 2265 1369 2436 erkent und geherocht.
575 2464 1582 2659 Daß man inne, dem nachrichter k
646 2541 1590 2719 eelchen, der jnne obenuß uf gwronlih
617 2606 1572 2807 Geichtstath Füren, Ime fldg sein haut
660 2706 1580 2936 abschlachen und also mit dem schwren
643 2805 1588 3037 vom läbes zum tadt nach keiserlih
582 2891 1581 3125 und diser statten Berg rechten Hürich
663 3104 883 3220 sölle.
632 3128 1565 3407 De 1 tebr 61 s fard
576 3302 1432 3506 uotheil erstalhet freaden,
2072 356 2312 452 1649
2745 367 2857 461 53.
1826 481 2798 669 Domuard und zum anderen Wilen
1868 605 2820 741 gedachte Marckortauar gesagt r
1787 675 2771 830 Sohns wyb Barbel Manse salmet
1826 750 2835 873 dero getragnen, zweich uff lie wält
1843 823 2835 985 gebernech kyben fruncht gantz unbarm
1802 896 2831 1070 hertzig und gessamlich, umb zr läben
1855 972 2766 1124 gebracht und also durch uß ein
1826 1057 2842 1196 trüffenthaffte mördeken, sd ires sont
1844 1139 2727 1283 eignen fleisch und blut worden.
1827 1215 2796 1342 dich hieJdurch Hoch und schwärlich
1817 1308 2808 1432 wider gott und sein sechste gebott
1779 1381 2655 1507 vergriffen und versüßiget.
1816 1452 2843 1612 Olls Habend hochwalermelt aahen
1791 1540 2759 1651 und oberen abermalen, usf ires
1826 1611 2805 1788 Eyde zu recht erkent undtgesprochen.
1786 1904 2822 2068 Daß man syn dem nachricster befelchen
1811 1988 2775 2131 der sy aufch zugleich e bemiß uf geen
1830 2080 2827 2207 wonliche rachtstatt hurfh, alda iren
1817 2153 2775 2279 das hauptabschlachen. Demnach der
1821 2242 2834 2405 Carppel ist ein brönnend thür werffen.
1813 2327 2823 2487 zu Puluer und üsfen verbronen und
1840 2425 2767 2580 also sy mit dem schwert und führ
1841 2526 2794 2642 rem wolverdienen nach vom läben
1818 2615 2784 2735 Ha tod nach Keiserlichem und diser
1772 2697 2686 2858 att Bero rechtag hinauchte sollen
2521 3020 2750 3186 Urtheil
1836 3042 2501 3156 es 10. ovembris st as sra disers
1836 3128 2351 3294 erstattet st ader,
