3024 4032
753 257 959 382 1649.
366 327 1279 541 gesagt habe, syner mund der us
367 396 1301 631 ihrsaes gehalten und zureden etc.
333 492 1305 717 Der nit shalten zunerforlichen ube
364 561 669 705 kamme
279 680 1268 886 So muße er auch bekantlich sein d
375 772 1348 967 gesagtem Gamenthalern absdisere un
375 853 1288 998 gest an stür 6 lb versprachen und
368 918 1321 1083 vmeldeten soliches ime shertzlich leid
381 999 1314 1167 und im fah, diß machte sont hich
395 1090 1345 1268 werden und salso verscherfste, bliße
387 1167 1348 1356 inne die bemlten 161 nütluken mit
387 1246 1341 1428 mit befelch er sich zu des vbrigen auh
360 1315 1356 1500 vfüget solle, die werdins ime
364 1437 1350 1610 Sotag zur eecompens werden ls
334 1579 1337 1760 weeliches alles van grund seines her
383 1706 1341 1830 leid bätte Gott des herß vnd ein s
403 1772 1349 1918 hache oberkeit, die shierin weilfaltig
409 1860 1359 1990 erzüent gantz trinigenlich unbgn
406 1950 1345 2092 uußd verzychung e, dan er vshanst
414 2019 1360 2145 u einer schwären krankheit, darder
419 2109 1366 2260 ty vermüfft mechtig abgenommen w
419 2234 808 2358 worden
324 2364 1361 2579 en 17. jan 1649 vermag  gden n
405 2479 1357 2659 Ist gesagter Bürgen zu seiner bert
385 2547 1357 2743 wegen seines bekantenich ver�ben.
371 2644 1362 2853 und Meiheydes, gwarsamlich nach
360 2744 1242 2935 Brandis gefürt worden .
329 2879 1368 3130 Peter Gumenthaler. Ist uf ein gla
415 2996 1339 3178 an eidstat und das er sich fals man
400 3014 1370 3280 widermub werde vo nt haben a
398 3145 1354 3383 Is die gefangenschafft unstellet
396 3258 1285 3479 effe frey fus gesteltt worden.
1864 408 2077 502 1649.
1537 477 2359 642 Danna Canner.
1639 597 2266 735 von Kleinesdietwyl
1504 763 2475 951 dgselbe ist von ires begangnen vierten
1439 856 2450 1019 Hures fölers wegen des 10 jor 1649
1490 927 2433 1058 mit dem lybr von Jglen statt unnd
1444 1008 2145 1153 hand verwißen worden ec.
1588 1328 2317 1452 Innon Stab von.
1570 1431 2287 1549 Straßburg und Geotg
1546 1490 2240 1619 Schupder von Grübigen
1696 1580 2186 1708 ossen Wirttenbebger
1799 1651 2019 1773 landt
1430 1816 2517 1964 Nach dem disere zwey Buben vor etwas
1480 1926 2507 2050 kurz abgeloffeh zeit, als müßigende
1495 2001 2490 2138 verdechtige und arwönische persones.
1397 2066 2496 2212 albbeg getencklich ergroffen, Ihn Burgdolph
1484 2152 2544 2303 zn verhafftung genamgen und albereit
1492 2251 2547 2337 aldorsten wege etlicher mit einanderen
1496 2327 2538 2465 begangner diebtälen pinlich zpann-
1502 2404 2545 2528 mert worden. Hernach aber durch
1474 2482 2527 2627 Des amptsmas sr Burgdorf ver¬
1487 2570 2551 2720 schmner tages und gd dieselbeh gwar
1468 2656 2534 2800 ssamlich oberscharkt unnd deßseres
1514 2754 2542 2922 beid uf Walermelt s ro befelch
1495 2857 2524 3004 nach die Ehrenueste f. f. f. vnd wye3
1467 2948 2528 3105 Herr Cradar Marloh von kkleinen,
1476 3032 2524 3185 Feidrich Tharner vom großen rath,
1503 3136 2556 3274 so by sein pf Großerlibel Kischarners
1477 3216 2548 3370 und estlicher wweibse. montags den
1503 3311 2557 3465 23 januari 1649 jarb mit wernerer
2429 437 2488 495 10
