<?xml version="1.0" encoding="UTF-8" standalone="yes"?>
<PcGts xmlns="http://schema.primaresearch.org/PAGE/gts/pagecontent/2013-07-15" xmlns:xsi="http://www.w3.org/2001/XMLSchema-instance" xsi:schemaLocation="http://schema.primaresearch.org/PAGE/gts/pagecontent/2013-07-15 http://schema.primaresearch.org/PAGE/gts/pagecontent/2013-07-15/pagecontent.xsd">
    <Metadata>
        <Creator>prov=University of Rostock/Institute of Mathematics/CITlab|PLANET AI GmbH/Gundram Leifert/gundram.leifert@planet-ai.de:name=German_Kurrent_XVI-XVIII_M1(htr_id=19584)::::v=2.6.6
prov=University of Rostock/Institute of Mathematics/CITlab|PLANET AI GmbH/Tobias Gruening/tobias.gruening@planet-ai.de:name=de.uros.citlab.module.baseline2polygon.B2PSeamMultiOriented:v=2.6.6
prov=University of Rostock/Institute of Mathematics/CITlab|PLANET AI GmbH/Tobias Gruening/tobias.gruening@planet-ai.de:name=/net_tf/LA73_249_0mod360.pb:de.uros.citlab.segmentation.CITlab_LA_ML:v=2.6.6
Transkribus</Creator>
        <Created>2020-10-05T11:30:02.370+02:00</Created>
        <LastChange>2022-09-12T14:38:58.529+02:00</LastChange>
        <TranskribusMetadata docId="1334827" pageId="52360606" pageNr="53" tsid="114642371" status="IN_PROGRESS" userId="9570" imgUrl="https://files.transkribus.eu/Get?id=KRQCBMLCYHSVEBIWMECJTSXB&amp;fileType=view" xmlUrl="https://files.transkribus.eu/Get?id=ZLOVAVMWBABLVSZSMWPQMSKW" imageId="16043030"/>
    </Metadata>
    <Page imageFilename="IMG_7747.JPG" imageWidth="3024" imageHeight="4032">
        <ReadingOrder>
            <OrderedGroup id="ro_1687513748183" caption="Regions reading order">
                <RegionRefIndexed index="0" regionRef="r1"/>
                <RegionRefIndexed index="1" regionRef="r2"/>
            </OrderedGroup>
        </ReadingOrder>
        <TextRegion orientation="0.0" id="r1" custom="readingOrder {index:0;}">
            <Coords points="420,222 420,3466 1521,3466 1521,222"/>
            <TextLine id="r1l1" custom="readingOrder {index:0;}">
                <Coords points="872,273 928,314 1025,335 1038,351 1068,351 1083,274 1050,250 1017,248 1003,233 980,246 961,246 943,220 917,232 905,220 884,216"/>
                <Baseline points="882,260 909,262 936,265 963,273 991,280 1018,286 1045,291 1073,294"/>
                <TextEquiv>
                    <Unicode>1649</Unicode>
                </TextEquiv>
            </TextLine>
            <TextLine id="r1l2" custom="readingOrder {index:1;} person {offset:0; length:13;}">
                <Coords points="524,356 611,345 715,391 1168,442 1215,489 1251,464 1388,513 1409,458 1268,394 1203,399 1147,342 1048,378 995,325 916,340 795,276 725,272 668,312 606,230 547,219"/>
                <Baseline points="534,342 577,351 620,358 663,366 706,372 749,378 792,384 835,390 878,395 921,401 964,407 1007,412 1050,420 1093,427 1136,435 1179,442 1222,453 1265,463 1308,475 1351,488 1394,503"/>
                <TextEquiv>
                    <Unicode>Maria Haassin hieuor</Unicode>
                </TextEquiv>
            </TextLine>
            <TextLine id="r1l3" custom="readingOrder {index:2;}">
                <Coords points="686,495 816,455 903,484 1005,472 1131,546 1246,528 1389,589 1401,510 1334,485 1277,489 1251,464 1208,485 1162,445 1098,435 968,440 866,392 782,414 702,392"/>
                <Baseline points="702,437 736,438 770,440 804,443 839,446 873,450 907,453 942,458 976,461 1010,467 1045,472 1079,479 1113,484 1147,490 1182,498 1216,505 1250,514 1285,521 1319,529 1353,539 1388,548"/>
                <TextEquiv>
                    <Unicode>gemelt criminalischer prosses</Unicode>
                </TextEquiv>
            </TextLine>
            <TextLine id="r1l4" custom="readingOrder {index:3;} person {offset:6; length:19;}">
                <Coords points="528,552 716,593 790,569 828,613 1231,644 1260,675 1400,695 1408,633 1238,602 1178,557 1111,566 1005,494 928,477 800,532 690,522 610,461 539,469"/>
                <Baseline points="534,558 577,563 620,567 663,571 706,575 749,578 792,584 835,587 878,592 921,597 964,602 1007,607 1050,612 1093,620 1136,626 1179,633 1222,640 1265,649 1308,657 1351,666 1509,739"/>
                <TextEquiv>
                    <Unicode>Obwol Gott der allmechtig unser </Unicode>
                </TextEquiv>
            </TextLine>
            <TextLine id="r1l5" custom="readingOrder {index:4;}">
                <Coords points="556,628 856,656 899,698 957,663 1207,694 1511,794 1516,753 1340,668 890,606 780,627 636,576 561,592"/>
                <Baseline points="564,621 611,626 658,631 705,635 753,639 800,644 847,650 894,654 942,660 989,666 1036,672 1083,677 1131,685 1178,692 1225,699 1272,708 1320,718 1367,727 1414,738 1461,748 1509,761"/>
                <TextEquiv>
                    <Unicode>aller himlischer vatter und erhälter</Unicode>
                </TextEquiv>
            </TextLine>
            <TextLine id="r1l6" custom="readingOrder {index:5;}">
                <Coords points="542,726 575,747 624,711 751,704 899,756 1169,755 1433,820 1511,872 1526,809 1412,740 1256,707 1142,720 958,671 900,693 724,644 602,670 555,635"/>
                <Baseline points="555,690 605,696 655,699 706,704 756,708 807,713 857,717 908,722 958,726 1009,731 1059,738 1110,744 1160,751 1211,760 1261,770 1312,782 1362,794 1413,808 1463,825 1514,842"/>
                <TextEquiv>
                    <Unicode>hin und wider, jn seinem heyligen göttlichen</Unicode>
                </TextEquiv>
            </TextLine>
            <TextLine id="r1l7" custom="readingOrder {index:6;}">
                <Coords points="532,777 1133,829 1229,883 1375,872 1417,924 1453,905 1518,941 1496,864 1271,773 1194,812 1139,756 1066,744 975,777 751,706 607,753 540,721"/>
                <Baseline points="540,768 588,774 637,779 686,784 734,788 783,792 832,796 880,799 929,804 978,809 1027,813 1075,819 1124,825 1173,832 1221,839 1270,849 1319,859 1367,872 1416,885 1465,901 1514,918"/>
                <TextEquiv>
                    <Unicode>wort, jnsonderheit aber jn seinem 7. gebott</Unicode>
                </TextEquiv>
            </TextLine>
            <TextLine id="r1l8" custom="readingOrder {index:7;} DIWO {offset:5; length:7;}">
                <Coords points="534,900 632,868 903,904 1054,884 1504,998 1512,933 1483,914 1408,928 1299,869 1250,888 985,816 833,837 727,781 544,819"/>
                <Baseline points="546,855 593,858 641,861 689,863 736,866 784,869 832,872 879,875 927,881 975,884 1023,889 1070,894 1118,901 1166,907 1213,914 1261,923 1309,932 1356,941 1404,951 1452,964 1500,977"/>
                <TextEquiv>
                    <Unicode>ganz dütlich, heiter und clar vermeldet</Unicode>
                </TextEquiv>
            </TextLine>
            <TextLine id="r1l9" custom="readingOrder {index:8;}">
                <Coords points="528,946 809,952 846,982 953,956 1285,998 1350,1051 1399,1022 1508,1066 1518,1000 1390,948 1150,934 1053,884 963,920 889,878 534,896"/>
                <Baseline points="537,933 585,936 633,939 682,942 730,944 779,947 827,950 875,953 924,956 972,959 1021,963 1069,968 1117,973 1166,979 1214,985 1263,994 1311,1003 1359,1013 1408,1025 1456,1037 1505,1053"/>
                <TextEquiv>
                    <Unicode>und anzeigt, das alle und jede un¬</Unicode>
                </TextEquiv>
            </TextLine>
            <TextLine id="r1l10" custom="readingOrder {index:9;}">
                <Coords points="543,1023 693,1054 766,1018 947,1065 1011,1038 1497,1128 1514,1070 1400,1024 1361,1056 1285,998 1189,1022 1076,972 873,992 829,956 551,943"/>
                <Baseline points="552,1008 599,1011 647,1014 694,1017 742,1019 789,1022 837,1023 884,1026 932,1029 979,1032 1027,1036 1074,1040 1122,1044 1169,1050 1217,1056 1264,1062 1312,1071 1359,1080 1407,1090 1454,1101 1502,1115"/>
                <TextEquiv>
                    <Unicode>küschheit von jme vermaladeyet unnd</Unicode>
                </TextEquiv>
            </TextLine>
            <TextLine id="r1l11" custom="readingOrder {index:10;}">
                <Coords points="531,1109 1103,1126 1167,1176 1265,1141 1499,1198 1506,1120 1420,1092 1328,1117 1138,1054 1009,1038 953,1082 903,1038 730,1029 645,1068 539,1026"/>
                <Baseline points="540,1091 587,1092 635,1094 683,1097 730,1098 778,1101 826,1103 873,1104 921,1107 969,1110 1017,1114 1064,1118 1112,1122 1160,1127 1207,1133 1255,1139 1303,1147 1350,1155 1398,1163 1446,1173 1494,1184"/>
                <TextEquiv>
                    <Unicode>wir desswegen derselbigen von gantzem</Unicode>
                </TextEquiv>
            </TextLine>
            <TextLine id="r1l12" custom="readingOrder {index:11;}">
                <Coords points="553,1175 752,1215 962,1198 1057,1236 1236,1217 1460,1288 1497,1280 1504,1207 1250,1152 1161,1177 1074,1117 1003,1169 950,1116 890,1139 833,1109 750,1145 658,1103 557,1132"/>
                <Baseline points="561,1166 607,1170 654,1173 700,1176 747,1179 793,1182 840,1185 886,1187 933,1191 979,1193 1026,1197 1072,1200 1119,1203 1165,1208 1212,1213 1258,1219 1305,1227 1351,1235 1398,1243 1444,1253 1491,1265"/>
                <TextEquiv>
                    <Unicode>unserem hertzen find und abhold sein</Unicode>
                </TextEquiv>
            </TextLine>
            <TextLine id="r1l13" custom="readingOrder {index:12;}">
                <Coords points="563,1260 886,1272 1024,1318 1090,1290 1306,1316 1501,1377 1517,1281 1208,1257 1161,1215 956,1248 914,1209 790,1224 725,1190 566,1227"/>
                <Baseline points="570,1253 616,1256 663,1258 709,1260 756,1263 803,1265 849,1268 896,1271 943,1273 989,1277 1036,1279 1083,1283 1129,1288 1176,1292 1223,1298 1269,1304 1316,1311 1363,1319 1409,1328 1456,1338 1503,1349"/>
                <TextEquiv>
                    <Unicode>söllind unnd also nit allein jm heyligen</Unicode>
                </TextEquiv>
            </TextLine>
            <TextLine id="r1l14" custom="readingOrder {index:13;}">
                <Coords points="545,1372 581,1407 727,1349 954,1365 1003,1405 1216,1377 1331,1440 1451,1418 1526,1463 1510,1385 1327,1322 1216,1332 1082,1290 1023,1317 881,1274 675,1270 629,1304 555,1250"/>
                <Baseline points="555,1343 603,1346 651,1347 699,1349 748,1350 796,1352 844,1355 893,1357 941,1359 989,1362 1038,1366 1086,1369 1134,1374 1182,1377 1231,1384 1279,1390 1327,1396 1376,1404 1424,1413 1472,1421 1521,1433"/>
                <TextEquiv>
                    <Unicode>ehestandt, sonders ouch usserthalb demselben</Unicode>
                </TextEquiv>
            </TextLine>
            <TextLine id="r1l15" custom="readingOrder {index:14;}">
                <Coords points="508,1466 731,1431 761,1463 994,1450 1102,1517 1331,1480 1443,1536 1512,1523 1516,1457 1407,1415 1331,1439 1047,1387 895,1416 834,1370 696,1353 610,1405 515,1354"/>
                <Baseline points="516,1442 565,1440 615,1439 664,1439 714,1439 763,1439 813,1440 862,1441 912,1443 961,1446 1011,1449 1060,1452 1110,1455 1159,1460 1209,1465 1258,1471 1308,1477 1357,1483 1407,1489 1456,1497 1506,1505"/>
                <TextEquiv>
                    <Unicode>ein küsches, reynes, züchtiges und erbars</Unicode>
                </TextEquiv>
            </TextLine>
            <TextLine id="r1l16" custom="readingOrder {index:15;}">
                <Coords points="533,1525 773,1557 912,1528 1260,1546 1481,1587 1506,1558 1374,1493 1087,1512 821,1450 733,1500 665,1455 536,1452"/>
                <Baseline points="540,1523 587,1524 635,1526 683,1527 731,1529 779,1529 827,1530 874,1530 922,1530 970,1532 1018,1533 1066,1535 1114,1536 1162,1539 1209,1542 1257,1545 1305,1551 1353,1558 1401,1564 1449,1572 1497,1581"/>
                <TextEquiv>
                    <Unicode>läben, frommen handel und wandel</Unicode>
                </TextEquiv>
            </TextLine>
            <TextLine id="r1l17" custom="readingOrder {index:16;}">
                <Coords points="511,1614 893,1615 979,1648 1151,1627 1519,1678 1521,1624 1408,1573 1214,1582 1117,1542 1065,1572 1023,1532 959,1570 910,1539 712,1579 565,1532 514,1551"/>
                <Baseline points="519,1608 568,1610 618,1611 667,1611 717,1613 767,1613 816,1614 866,1614 916,1616 965,1617 1015,1619 1065,1620 1114,1622 1164,1625 1214,1628 1263,1632 1313,1636 1363,1641 1412,1648 1462,1654 1512,1662"/>
                <TextEquiv>
                    <Unicode>füren, mit usstrukenlichem beuälch,</Unicode>
                </TextEquiv>
            </TextLine>
            <TextLine id="r1l18" custom="readingOrder {index:17;}">
                <Coords points="515,1713 642,1694 734,1737 844,1688 999,1762 1092,1700 1451,1750 1513,1740 1515,1683 1345,1641 1253,1664 892,1616 793,1652 518,1610"/>
                <Baseline points="522,1710 571,1706 620,1703 669,1701 718,1700 768,1700 817,1700 866,1700 915,1700 964,1702 1014,1704 1063,1707 1112,1709 1161,1712 1210,1715 1260,1719 1309,1722 1358,1727 1407,1730 1456,1733 1506,1737"/>
                <TextEquiv>
                    <Unicode>dass unsere lyb und seelen als tempel</Unicode>
                </TextEquiv>
            </TextLine>
            <TextLine id="r1l19" custom="readingOrder {index:18;}">
                <Coords points="515,1811 577,1838 656,1797 816,1867 895,1800 999,1800 1066,1844 1239,1804 1420,1863 1507,1832 1508,1790 1424,1732 1345,1766 1100,1707 992,1765 938,1714 868,1745 813,1706 733,1737 647,1701 517,1744"/>
                <Baseline points="522,1808 570,1805 619,1803 668,1800 717,1799 766,1797 815,1797 864,1797 913,1797 962,1797 1011,1797 1059,1799 1108,1800 1157,1803 1206,1805 1255,1808 1304,1811 1353,1814 1402,1817 1451,1821 1500,1826"/>
                <TextEquiv>
                    <Unicode>dess heyligen Geystes syn und dass wir</Unicode>
                </TextEquiv>
            </TextLine>
            <TextLine id="r1l20" custom="readingOrder {index:19;}">
                <Coords points="491,1927 885,1892 1075,1963 1136,1933 1174,1955 1260,1895 1491,1924 1491,1881 1239,1804 1061,1852 1000,1800 896,1807 805,1872 713,1866 612,1805 491,1856"/>
                <Baseline points="498,1904 547,1904 596,1902 646,1902 695,1901 744,1899 794,1899 843,1898 892,1898 942,1896 991,1896 1040,1896 1090,1896 1139,1896 1188,1897 1238,1898 1287,1899 1336,1901 1386,1903 1435,1906 1485,1910"/>
                <TextEquiv>
                    <Unicode>desswegen sy beide gantz suber, reyn</Unicode>
                </TextEquiv>
            </TextLine>
            <TextLine id="r1l21" custom="readingOrder {index:20;}">
                <Coords points="512,1994 731,2016 894,1980 1082,2013 1178,1970 1500,2016 1504,1936 1261,1895 1177,1953 1074,1964 1018,1919 853,1902 513,1932"/>
                <Baseline points="519,1994 567,1991 616,1988 665,1987 714,1985 763,1983 812,1983 861,1983 910,1983 959,1983 1008,1985 1056,1985 1105,1986 1154,1988 1203,1990 1252,1991 1301,1993 1350,1995 1399,1997 1448,2000 1497,2001"/>
                <TextEquiv>
                    <Unicode>und heylig bewaren, alle unküschheyten</Unicode>
                </TextEquiv>
            </TextLine>
            <TextLine id="r1l22" custom="readingOrder {index:21;}">
                <Coords points="514,2094 767,2109 838,2067 1059,2108 1281,2074 1352,2132 1399,2093 1500,2092 1500,2022 1211,1990 1134,2024 1032,2003 965,2042 913,2013 705,2051 638,2001 513,2017"/>
                <Baseline points="521,2082 569,2079 618,2077 666,2075 715,2074 764,2073 812,2072 861,2072 909,2072 958,2072 1007,2072 1055,2072 1104,2072 1152,2073 1201,2073 1250,2073 1298,2075 1347,2075 1395,2075 1444,2075 1493,2075"/>
                <TextEquiv>
                    <Unicode>taten, gebärden, gedanken, begird und</Unicode>
                </TextEquiv>
            </TextLine>
            <TextLine id="r1l23" custom="readingOrder {index:22;}">
                <Coords points="505,2182 898,2185 940,2155 981,2186 1217,2150 1507,2186 1506,2090 1354,2139 1282,2074 1053,2109 1012,2082 804,2141 725,2088 504,2110"/>
                <Baseline points="512,2160 561,2162 610,2162 660,2162 709,2162 758,2160 808,2160 857,2160 906,2159 956,2159 1005,2159 1054,2157 1104,2157 1153,2157 1202,2157 1252,2157 1301,2157 1350,2158 1400,2159 1449,2160 1499,2162"/>
                <TextEquiv>
                    <Unicode>lust, ja ouch alles das jenig, was den</Unicode>
                </TextEquiv>
            </TextLine>
            <TextLine id="r1l24" custom="readingOrder {index:23;} DIWO {offset:0; length:9;}">
                <Coords points="441,2274 880,2242 1054,2279 1281,2241 1436,2265 1497,2248 1497,2195 1399,2219 1346,2172 1298,2200 1083,2153 968,2227 814,2176 441,2215"/>
                <Baseline points="449,2256 501,2255 553,2255 605,2253 657,2252 709,2252 761,2250 813,2249 865,2249 917,2247 969,2247 1021,2246 1073,2246 1125,2246 1177,2246 1229,2246 1281,2246 1333,2246 1385,2247 1437,2247 1490,2249"/>
                <TextEquiv>
                    <Unicode>möntschen darzuo reytzen und bewegen mag</Unicode>
                </TextEquiv>
            </TextLine>
            <TextLine id="r1l25" custom="readingOrder {index:24;}">
                <Coords points="518,2352 605,2349 701,2402 797,2348 934,2394 1062,2322 1327,2360 1405,2324 1483,2372 1492,2240 1450,2268 1336,2252 1277,2292 1228,2264 1182,2298 1113,2249 1053,2290 908,2238 814,2307 760,2280 644,2307 597,2273 517,2311"/>
                <Baseline points="525,2346 573,2345 621,2343 669,2342 717,2340 765,2340 813,2339 861,2337 909,2336 957,2336 1006,2334 1054,2333 1102,2332 1150,2331 1198,2330 1246,2329 1294,2328 1342,2327 1390,2325 1438,2324 1487,2322"/>
                <TextEquiv>
                    <Unicode>mit höchster begird, schühen, flüchen und</Unicode>
                </TextEquiv>
            </TextLine>
            <TextLine id="r1l26" custom="readingOrder {index:25;} person {offset:14; length:4;}">
                <Coords points="527,2460 625,2487 673,2439 841,2458 1045,2424 1138,2464 1248,2411 1477,2427 1474,2358 1404,2326 1328,2361 1116,2337 1045,2377 1007,2352 941,2396 876,2358 763,2405 591,2372 525,2408"/>
                <Baseline points="533,2444 579,2442 626,2439 673,2436 720,2434 767,2432 813,2430 860,2428 907,2426 954,2424 1001,2421 1047,2419 1094,2417 1141,2415 1188,2412 1235,2411 1281,2408 1328,2405 1375,2403 1422,2400 1469,2397"/>
                <TextEquiv>
                    <Unicode>allso harinen Gott zuouorderist und</Unicode>
                </TextEquiv>
            </TextLine>
            <TextLine id="r1l27" custom="readingOrder {index:26;} DIWO {offset:30; length:8;}">
                <Coords points="516,2553 1306,2513 1434,2561 1493,2527 1488,2418 1305,2407 1136,2464 1003,2427 894,2491 761,2448 708,2495 641,2475 515,2530"/>
                <Baseline points="522,2544 570,2540 618,2537 666,2534 714,2532 762,2529 810,2528 859,2525 907,2523 955,2522 1003,2519 1051,2517 1099,2516 1147,2514 1196,2511 1244,2508 1292,2506 1340,2502 1388,2498 1436,2494 1485,2489"/>
                <TextEquiv>
                    <Unicode>demnach einer hochen oberkeit g'horsam</Unicode>
                </TextEquiv>
            </TextLine>
            <TextLine id="r1l28" custom="readingOrder {index:27;}">
                <Coords points="515,2637 618,2649 665,2690 758,2677 829,2617 1079,2616 1076,2543 963,2528 906,2553 771,2533 727,2569 642,2547 609,2568 512,2558"/>
                <Baseline points="522,2627 549,2627 576,2627 604,2627 631,2625 659,2625 686,2623 714,2621 741,2619 769,2617 796,2616 823,2614 851,2613 878,2612 906,2610 933,2609 961,2609 988,2609 1016,2610 1043,2610 1071,2613"/>
                <TextEquiv>
                    <Unicode>leysten söllen.</Unicode>
                </TextEquiv>
            </TextLine>
            <TextLine id="r1l29" custom="readingOrder {index:28;}">
                <Coords points="515,2798 646,2833 739,2773 784,2797 831,2764 899,2786 1423,2739 1490,2726 1484,2636 1400,2612 1328,2667 1235,2642 1098,2710 931,2715 862,2679 804,2723 660,2710 586,2745 509,2712"/>
                <Baseline points="522,2792 570,2787 618,2782 666,2778 714,2774 762,2771 810,2769 858,2766 906,2763 954,2762 1002,2759 1050,2757 1098,2753 1146,2751 1194,2748 1242,2743 1290,2739 1338,2734 1386,2729 1434,2722 1482,2715"/>
                <TextEquiv>
                    <Unicode>So ist doch söliches alles by vilen under¬</Unicode>
                </TextEquiv>
            </TextLine>
            <TextLine id="r1l30" custom="readingOrder {index:29;} DIWO {offset:14; length:9;}">
                <Coords points="415,2903 912,2842 980,2896 1092,2829 1473,2799 1481,2722 1353,2729 1275,2779 958,2766 927,2797 746,2787 648,2833 576,2805 411,2850"/>
                <Baseline points="420,2877 475,2873 531,2869 587,2865 642,2861 698,2858 754,2854 810,2851 865,2847 921,2844 977,2840 1033,2837 1088,2833 1144,2829 1200,2824 1256,2819 1311,2814 1367,2808 1423,2802 1479,2795"/>
                <TextEquiv>
                    <Unicode>schidenlichen möntschen nit umb souil be¬</Unicode>
                </TextEquiv>
            </TextLine>
            <TextLine id="r1l31" custom="readingOrder {index:30;}">
                <Coords points="512,3013 578,2963 707,2977 756,2929 826,2962 1021,2926 1327,2946 1487,2879 1469,2798 1192,2850 1090,2829 979,2896 895,2849 763,2893 501,2878"/>
                <Baseline points="516,2969 564,2963 612,2956 660,2951 708,2947 756,2942 804,2939 853,2935 901,2933 949,2931 997,2927 1045,2925 1093,2922 1141,2918 1190,2914 1238,2910 1286,2905 1334,2900 1382,2894 1430,2886 1479,2877"/>
                <TextEquiv>
                    <Unicode>dänklich, den dass dieselben sich leyder</Unicode>
                </TextEquiv>
            </TextLine>
            <TextLine id="r1l32" custom="readingOrder {index:31;}">
                <Coords points="516,3067 965,3008 1093,3019 1140,3056 1194,3007 1291,3042 1471,2976 1466,2907 1340,2953 1259,2923 1169,2971 1039,2932 981,2984 888,2939 733,3015 512,3015"/>
                <Baseline points="522,3059 569,3051 616,3044 663,3039 710,3034 757,3030 804,3027 851,3024 898,3021 945,3018 993,3016 1040,3014 1087,3010 1134,3006 1181,3004 1228,3000 1275,2995 1322,2990 1369,2983 1416,2976 1464,2967"/>
                <TextEquiv>
                    <Unicode>nur mehr, dan aber gntt harwider</Unicode>
                </TextEquiv>
            </TextLine>
            <TextLine id="r1l33" custom="readingOrder {index:32;}">
                <Coords points="513,3208 632,3136 829,3130 904,3186 1089,3109 1157,3130 1228,3093 1388,3096 1475,3065 1466,2971 1368,2993 1296,3060 1238,3022 1141,3054 1095,3020 1044,3048 989,3028 945,3058 775,3027 505,3116"/>
                <Baseline points="516,3162 563,3153 611,3145 658,3137 706,3131 753,3126 801,3122 848,3118 896,3114 943,3111 991,3109 1039,3106 1086,3103 1134,3099 1181,3096 1229,3092 1276,3085 1324,3079 1371,3073 1419,3064 1467,3054"/>
                <TextEquiv>
                    <Unicode>grob unnd schwärlich vergryffend,</Unicode>
                </TextEquiv>
            </TextLine>
            <TextLine id="r1l34" custom="readingOrder {index:33;} person {offset:23; length:11;}">
                <Coords points="415,3287 1042,3202 1167,3251 1480,3146 1471,3062 1380,3104 1111,3108 1043,3179 877,3190 776,3137 711,3183 666,3151 576,3218 408,3221"/>
                <Baseline points="422,3284 474,3273 527,3262 579,3253 632,3245 684,3238 737,3231 789,3225 842,3221 894,3216 947,3211 1000,3207 1052,3203 1105,3198 1157,3194 1210,3188 1262,3181 1315,3175 1367,3167 1420,3158 1473,3149"/>
                <TextEquiv>
                    <Unicode>wie das (gegenwürtige) Maria Haass</Unicode>
                </TextEquiv>
            </TextLine>
            <TextLine id="r1l35" custom="readingOrder {index:34;} place {offset:4; length:10;} place {offset:26; length:4;}">
                <Coords points="413,3507 554,3467 639,3497 681,3446 930,3488 1021,3423 1171,3394 1214,3418 1316,3375 1378,3399 1369,3326 1299,3350 1255,3320 1084,3389 1015,3357 988,3383 878,3348 750,3383 663,3360 605,3424 537,3401 458,3461 405,3439"/>
                <Baseline points="503,3356 550,3347 597,3339 645,3331 692,3325 740,3317 787,3313 834,3307 882,3303 929,3299 977,3295 1024,3289 1071,3285 1119,3280 1166,3276 1214,3270 1261,3265 1308,3258 1356,3251 1403,3242 1451,3233"/>
                <TextEquiv>
                    <Unicode>von Rimissperg ussem ampt Bipp als</Unicode>
                </TextEquiv>
            </TextLine>
            <TextLine id="r1l36" custom="readingOrder {index:35;}">
                <Coords points="500,3469 629,3428 759,3479 807,3441 883,3461 932,3410 1016,3438 1095,3390 1142,3423 1327,3393 1478,3311 1471,3256 1249,3261 1015,3349 829,3312 680,3397 492,3411"/>
                <Baseline points="504,3450 552,3439 600,3431 648,3421 697,3414 745,3407 793,3402 841,3397 890,3392 938,3387 986,3383 1034,3379 1083,3373 1131,3368 1179,3361 1227,3354 1276,3346 1324,3336 1372,3326 1420,3314 1469,3299"/>
                <TextEquiv>
                    <Unicode>ein einfaltige schwache creyatur</Unicode>
                </TextEquiv>
            </TextLine>
            <TextEquiv>
                <Unicode>1649
Maria Haassin hieuor
gemelt criminalischer prosses
Obwol Gott der allmechtig unser 
aller himlischer vatter und erhälter
hin und wider, jn seinem heyligen göttlichen
wort, jnsonderheit aber jn seinem 7. gebott
ganz dütlich, heiter und clar vermeldet
und anzeigt, das alle und jede un¬
küschheit von jme vermaladeyet unnd
wir desswegen derselbigen von gantzem
unserem hertzen find und abhold sein
söllind unnd also nit allein jm heyligen
ehestandt, sonders ouch usserthalb demselben
ein küsches, reynes, züchtiges und erbars
läben, frommen handel und wandel
füren, mit usstrukenlichem beuälch,
dass unsere lyb und seelen als tempel
dess heyligen Geystes syn und dass wir
desswegen sy beide gantz suber, reyn
und heylig bewaren, alle unküschheyten
taten, gebärden, gedanken, begird und
lust, ja ouch alles das jenig, was den
möntschen darzuo reytzen und bewegen mag
mit höchster begird, schühen, flüchen und
allso harinen Gott zuouorderist und
demnach einer hochen oberkeit g'horsam
leysten söllen.
So ist doch söliches alles by vilen under¬
schidenlichen möntschen nit umb souil be¬
dänklich, den dass dieselben sich leyder
nur mehr, dan aber gntt harwider
grob unnd schwärlich vergryffend,
wie das (gegenwürtige) Maria Haass
von Rimissperg ussem ampt Bipp als
ein einfaltige schwache creyatur</Unicode>
            </TextEquiv>
        </TextRegion>
        <TextRegion orientation="0.0" id="r2" custom="readingOrder {index:1;}">
            <Coords points="1562,248 1562,3263 2765,3263 2765,248"/>
            <TextLine id="r2l1" custom="readingOrder {index:0;}">
                <Coords points="2670,310 2679,309 2681,312 2689,305 2702,302 2718,310 2733,298 2747,302 2760,300 2761,253 2751,253 2741,245 2725,249 2718,256 2702,245 2684,252 2680,249 2671,251"/>
                <Baseline points="2678,291 2703,290 2728,292 2753,291"/>
                <TextEquiv>
                    <Unicode>29.</Unicode>
                </TextEquiv>
            </TextLine>
            <TextLine id="r2l2" custom="readingOrder {index:1;}">
                <Coords points="2004,369 2018,368 2041,347 2066,358 2088,347 2168,385 2188,365 2204,363 2202,309 2186,302 2159,313 2136,306 2113,320 2090,317 2074,303 2053,320 2041,312 2002,316"/>
                <Baseline points="2010,357 2036,352 2063,350 2089,347 2116,347 2142,347 2169,347 2196,348"/>
                <TextEquiv>
                    <Unicode>1649</Unicode>
                </TextEquiv>
            </TextLine>
            <TextLine id="r2l3" custom="readingOrder {index:2;}">
                <Coords points="1647,586 2062,506 2417,492 2473,522 2527,474 2701,476 2697,429 2180,406 2126,441 1765,468 1641,519"/>
                <Baseline points="1653,570 1705,557 1757,545 1809,534 1861,525 1913,517 1965,511 2017,506 2069,501 2121,496 2173,492 2225,489 2277,487 2329,485 2381,482 2433,480 2485,477 2537,474 2589,470 2641,467 2693,461"/>
                <TextEquiv>
                    <Unicode>von sölicher abschüchlicher und begangener</Unicode>
                </TextEquiv>
            </TextLine>
            <TextLine id="r2l4" custom="readingOrder {index:3;}">
                <Coords points="1670,638 2107,566 2354,589 2447,555 2539,594 2605,544 2695,544 2691,490 2572,514 2520,488 2460,527 2295,493 2219,529 2001,516 1966,549 1862,532 1666,581"/>
                <Baseline points="1677,626 1727,613 1778,601 1828,591 1879,583 1929,576 1980,569 2030,566 2081,563 2131,560 2182,557 2232,555 2283,554 2333,552 2384,551 2434,549 2485,546 2535,543 2586,540 2636,535 2687,530"/>
                <TextEquiv>
                    <Unicode>misshandlungen wägen erst verschiner</Unicode>
                </TextEquiv>
            </TextLine>
            <TextLine id="r2l5" custom="readingOrder {index:4;} place {offset:29; length:4;}">
                <Coords points="1667,713 1749,721 1879,666 2067,686 2254,628 2339,663 2715,620 2688,559 2517,595 2452,560 2355,596 2105,566 1663,645"/>
                <Baseline points="1673,698 1724,686 1776,674 1828,663 1880,656 1931,649 1983,643 2035,639 2087,633 2138,631 2190,628 2242,626 2294,624 2345,623 2397,622 2449,621 2501,620 2552,618 2604,618 2656,616 2708,614"/>
                <TextEquiv>
                    <Unicode>tagen von mrgn. amptsman zuo Bipp ÿn¬</Unicode>
                </TextEquiv>
            </TextLine>
            <TextLine id="r2l6" custom="readingOrder {index:5;} DIWO {offset:26; length:10;}">
                <Coords points="1668,802 1727,744 1781,768 1978,725 2039,767 2179,707 2266,749 2338,699 2557,753 2691,691 2688,628 2400,668 2229,633 2154,675 1839,669 1663,717"/>
                <Baseline points="1673,767 1723,753 1774,742 1824,731 1875,723 1925,716 1976,711 2026,707 2077,703 2127,701 2178,698 2229,698 2279,696 2330,696 2380,695 2431,695 2481,693 2532,692 2582,689 2633,685 2684,681"/>
                <TextEquiv>
                    <Unicode>gezogen unnd gklagen unnd g'fänclich har gebracht</Unicode>
                </TextEquiv>
            </TextLine>
            <TextLine id="r2l7" custom="readingOrder {index:6;} date {offset:28; length:6; continued:true;}">
                <Coords points="1613,883 1913,788 1963,817 2245,778 2649,804 2734,783 2730,712 2623,707 2557,753 2327,710 2271,749 2163,707 2040,765 1957,724 1899,768 1709,767 1608,814"/>
                <Baseline points="1619,861 1674,846 1729,831 1785,818 1840,809 1895,801 1951,794 2006,788 2061,783 2117,781 2172,779 2227,777 2283,777 2338,776 2393,776 2449,776 2504,776 2559,776 2615,774 2670,773 2726,771"/>
                <TextEquiv>
                    <Unicode>worden; ouch desshalben den 9. May</Unicode>
                </TextEquiv>
            </TextLine>
            <TextLine id="r2l8" custom="readingOrder {index:7;} date {offset:0; length:20; continued:true;}">
                <Coords points="1629,954 1738,902 2061,863 2275,886 2470,844 2639,896 2701,854 2759,883 2770,825 2368,784 2317,815 2245,778 1996,829 1885,793 1624,871"/>
                <Baseline points="1634,926 1690,914 1747,903 1803,893 1860,885 1916,878 1973,873 2029,869 2086,866 2142,863 2199,860 2256,858 2312,858 2369,857 2425,856 2482,855 2538,855 2595,854 2651,852 2708,851 2765,849"/>
                <TextEquiv>
                    <Unicode>diss louffenden 1649 in bywässen, anhören</Unicode>
                </TextEquiv>
            </TextLine>
            <TextLine id="r2l9" custom="readingOrder {index:8;}">
                <Coords points="1628,1019 1824,1016 1882,959 2042,942 2694,944 2701,888 2571,895 2470,845 2274,887 2144,866 2111,899 2061,865 2008,916 1907,889 1624,954"/>
                <Baseline points="1634,996 1687,983 1740,973 1793,964 1846,958 1899,952 1952,947 2005,943 2058,941 2111,939 2165,938 2218,938 2271,936 2324,936 2377,936 2430,935 2483,935 2536,933 2589,930 2642,927 2696,923"/>
                <TextEquiv>
                    <Unicode>unnd gegenwürtigkeit, der erenuesten,</Unicode>
                </TextEquiv>
            </TextLine>
            <TextLine id="r2l10" custom="readingOrder {index:9;}">
                <Coords points="1632,1082 2179,1024 2339,1054 2650,1006 2739,1032 2736,935 2595,977 2419,943 2082,984 1988,947 1889,956 1823,1017 1630,1019"/>
                <Baseline points="1638,1067 1692,1057 1747,1047 1802,1038 1856,1033 1911,1028 1966,1024 2020,1022 2075,1020 2130,1019 2185,1019 2239,1017 2294,1017 2349,1019 2403,1019 2458,1019 2513,1019 2567,1017 2622,1016 2677,1014 2732,1011"/>
                <TextEquiv>
                    <Unicode>frommen, fürnemmen, fürsichtigen, wolgeachten</Unicode>
                </TextEquiv>
            </TextLine>
            <TextLine id="r2l11" custom="readingOrder {index:10;} person {offset:19; length:15;}">
                <Coords points="1628,1156 1741,1162 1800,1109 1913,1125 2011,1082 2269,1099 2337,1153 2411,1095 2475,1136 2522,1097 2573,1127 2617,1086 2721,1095 2718,1027 2649,1008 2548,1062 2492,1026 2336,1067 2203,1025 2135,1060 2057,1031 1999,1069 1850,1042 1625,1075"/>
                <Baseline points="1635,1146 1691,1134 1748,1124 1805,1114 1862,1107 1918,1103 1975,1098 2032,1095 2089,1094 2146,1092 2202,1091 2259,1091 2316,1091 2373,1091 2430,1091 2486,1091 2543,1090 2600,1088 2657,1086 2714,1082"/>
                <TextEquiv>
                    <Unicode>wysen herren, hern Abraham Amports</Unicode>
                </TextEquiv>
            </TextLine>
            <TextLine id="r2l12" custom="readingOrder {index:11;} organization {offset:5; length:13;} person {offset:25; length:14; continued:true;}">
                <Coords points="1606,1245 1978,1187 2062,1235 2133,1189 2661,1192 2677,1103 2573,1127 2525,1097 2477,1136 2411,1104 2337,1154 2026,1092 1877,1163 1785,1123 1603,1174"/>
                <Baseline points="1613,1229 1668,1216 1724,1206 1780,1196 1835,1190 1891,1185 1947,1181 2003,1178 2058,1176 2114,1175 2170,1175 2226,1175 2281,1175 2337,1175 2393,1176 2449,1176 2504,1175 2560,1174 2616,1172 2672,1169"/>
                <TextEquiv>
                    <Unicode>dess kleines raths, herr Hanss Ruodolph</Unicode>
                </TextEquiv>
            </TextLine>
            <TextLine id="r2l13" custom="readingOrder {index:12;} person {offset:0; length:7; continued:true;} organization {offset:12; length:8;} person {offset:27; length:19;}">
                <Coords points="1614,1302 2021,1268 2095,1299 2239,1256 2311,1295 2447,1256 2599,1300 2663,1257 2764,1264 2762,1192 2670,1220 2566,1180 2430,1222 2288,1185 2091,1238 1986,1187 1928,1225 1612,1250"/>
                <Baseline points="1620,1301 1676,1291 1733,1283 1790,1276 1847,1270 1904,1267 1960,1264 2017,1262 2074,1261 2131,1260 2188,1260 2244,1260 2301,1260 2358,1262 2415,1262 2472,1260 2528,1260 2585,1258 2642,1256 2699,1251 2756,1247"/>
                <TextEquiv>
                    <Unicode>Lerbers der burgeren, jrn. Bernhart Tscharners</Unicode>
                </TextEquiv>
            </TextLine>
            <TextLine id="r2l14" custom="readingOrder {index:13;}">
                <Coords points="1607,1397 1787,1354 2242,1342 2387,1381 2661,1347 2570,1272 2529,1295 2447,1254 2314,1290 2261,1254 2162,1295 1841,1277 1606,1321"/>
                <Baseline points="1614,1382 1666,1372 1718,1364 1770,1357 1822,1351 1874,1347 1926,1345 1978,1343 2030,1341 2082,1341 2134,1342 2186,1343 2238,1344 2290,1344 2342,1346 2394,1347 2446,1347 2498,1347 2550,1346 2602,1345 2654,1343"/>
                <TextEquiv>
                    <Unicode>grossweibels sampt etlich weiblen</Unicode>
                </TextEquiv>
            </TextLine>
            <TextLine id="r2l15" custom="readingOrder {index:14;}">
                <Coords points="1657,1449 1747,1484 1924,1426 2592,1423 2645,1462 2700,1432 2699,1352 2639,1379 2502,1357 2440,1404 2087,1345 1951,1390 1911,1362 1830,1413 1766,1384 1657,1413"/>
                <Baseline points="1665,1442 1716,1438 1767,1434 1819,1430 1870,1428 1922,1427 1973,1425 2024,1424 2076,1424 2127,1424 2179,1424 2230,1424 2281,1424 2333,1424 2384,1424 2436,1425 2487,1425 2538,1425 2590,1424 2641,1424 2693,1422"/>
                <TextEquiv>
                    <Unicode>mghrn. und oberen dieneren, droben jn</Unicode>
                </TextEquiv>
            </TextLine>
            <TextLine id="r2l16" custom="readingOrder {index:15;}">
                <Coords points="1628,1557 1755,1517 1869,1556 1912,1512 2036,1565 2113,1517 2250,1546 2293,1506 2566,1507 2621,1540 2668,1498 2731,1507 2730,1460 2667,1441 2563,1476 2498,1436 2379,1460 2307,1430 2194,1467 2145,1428 1867,1439 1734,1493 1626,1463"/>
                <Baseline points="1634,1539 1688,1529 1742,1521 1797,1514 1851,1509 1906,1505 1960,1502 2015,1502 2069,1500 2124,1500 2178,1502 2232,1502 2287,1503 2341,1505 2396,1505 2450,1505 2505,1505 2559,1503 2614,1500 2668,1497 2723,1491"/>
                <TextEquiv>
                    <Unicode>der gefangenschafft erforderlicher massen</Unicode>
                </TextEquiv>
            </TextLine>
            <TextLine id="r2l17" custom="readingOrder {index:16;}">
                <Coords points="1610,1627 1715,1615 1804,1662 1855,1609 2065,1588 2328,1645 2395,1590 2585,1624 2727,1600 2726,1561 2647,1533 2446,1550 2340,1507 2247,1564 2157,1531 2020,1565 1911,1513 1869,1556 1779,1523 1609,1570"/>
                <Baseline points="1617,1626 1672,1618 1727,1610 1782,1605 1837,1599 1892,1596 1947,1593 2003,1592 2058,1592 2113,1590 2168,1592 2223,1592 2278,1592 2333,1593 2389,1595 2444,1595 2499,1595 2554,1595 2609,1595 2664,1593 2720,1592"/>
                <TextEquiv>
                    <Unicode>verbalisch examiniert worden: weliche dan</Unicode>
                </TextEquiv>
            </TextLine>
            <TextLine id="r2l18" custom="readingOrder {index:17;}">
                <Coords points="1648,1712 1742,1741 1807,1684 1921,1680 2000,1741 2109,1681 2746,1707 2745,1620 2625,1651 2560,1600 2364,1658 2128,1607 2002,1639 1857,1608 1803,1663 1648,1658"/>
                <Baseline points="1656,1700 1710,1695 1764,1689 1818,1686 1872,1685 1926,1683 1980,1682 2034,1682 2088,1682 2142,1682 2197,1683 2251,1683 2305,1685 2359,1686 2413,1686 2467,1686 2521,1686 2575,1686 2629,1684 2683,1682 2738,1679"/>
                <TextEquiv>
                    <Unicode>nachgeschribne hoche schwäre und abschüchliche</Unicode>
                </TextEquiv>
            </TextLine>
            <TextLine id="r2l19" custom="readingOrder {index:18;}">
                <Coords points="1649,1816 1757,1837 1909,1783 1950,1820 2050,1776 2164,1853 2206,1822 2270,1853 2427,1790 2522,1852 2617,1791 2724,1806 2724,1747 2641,1705 2452,1740 2185,1676 1983,1754 1820,1687 1743,1742 1649,1723"/>
                <Baseline points="1656,1791 1709,1786 1762,1782 1815,1779 1868,1776 1921,1775 1974,1775 2027,1775 2080,1775 2133,1775 2186,1776 2239,1776 2292,1778 2345,1779 2398,1781 2451,1781 2504,1782 2557,1782 2610,1782 2663,1782 2717,1781"/>
                <TextEquiv>
                    <Unicode>misshandlung daselbsten freywillig ver¬</Unicode>
                </TextEquiv>
            </TextLine>
            <TextLine id="r2l20" custom="readingOrder {index:19;}">
                <Coords points="1621,1910 1899,1866 2117,1905 2155,1893 2155,1836 2066,1794 2011,1814 1985,1794 1948,1820 1913,1785 1876,1809 1808,1814 1775,1844 1712,1806 1620,1835"/>
                <Baseline points="1628,1884 1655,1882 1682,1879 1709,1877 1737,1875 1764,1872 1791,1871 1819,1869 1846,1869 1873,1868 1901,1868 1928,1868 1955,1868 1983,1869 2010,1870 2037,1871 2065,1875 2092,1877 2119,1880 2147,1884"/>
                <TextEquiv>
                    <Unicode>jächen und bekent etc.</Unicode>
                </TextEquiv>
            </TextLine>
            <TextLine id="r2l21" custom="readingOrder {index:20;}">
                <Coords points="1627,2083 1969,2057 2317,2113 2393,2062 2686,2046 2686,1989 2541,1946 2450,2013 2194,1986 2036,2036 1627,1953"/>
                <Baseline points="1634,2063 1686,2061 1738,2061 1790,2060 1842,2060 1895,2060 1947,2060 1999,2061 2051,2061 2103,2063 2156,2063 2208,2064 2260,2064 2312,2066 2364,2066 2417,2066 2469,2064 2521,2064 2573,2063 2625,2060 2678,2057"/>
                <TextEquiv>
                    <Unicode>Namlichen wie nit weniger, den das</Unicode>
                </TextEquiv>
            </TextLine>
            <TextLine id="r2l22" custom="readingOrder {index:21;}">
                <Coords points="1649,2163 2700,2142 2700,2093 2635,2068 2511,2100 2389,2063 2318,2113 2140,2074 1649,2078"/>
                <Baseline points="1656,2150 1707,2147 1759,2144 1811,2141 1863,2139 1915,2138 1967,2138 2018,2138 2070,2138 2122,2139 2174,2139 2226,2141 2278,2141 2330,2141 2381,2142 2433,2142 2485,2142 2537,2141 2589,2141 2641,2139 2693,2136"/>
                <TextEquiv>
                    <Unicode>sy sich leider so veer und wyth vergässen,</Unicode>
                </TextEquiv>
            </TextLine>
            <TextLine id="r2l23" custom="readingOrder {index:22;}">
                <Coords points="1606,2266 1674,2238 1739,2264 1795,2223 2220,2221 2283,2257 2353,2217 2399,2246 2591,2232 2667,2217 2667,2157 2602,2188 2526,2141 2469,2183 2401,2150 2344,2179 2300,2140 2222,2177 2133,2141 2024,2178 1926,2143 1605,2162"/>
                <Baseline points="1613,2241 1665,2235 1717,2230 1770,2226 1822,2222 1874,2220 1927,2219 1979,2217 2031,2216 2084,2216 2136,2216 2188,2216 2241,2217 2293,2217 2345,2217 2398,2217 2450,2217 2502,2217 2555,2216 2607,2214 2660,2213"/>
                <TextEquiv>
                    <Unicode>dass jr lyblicher bruoder sye vor etwas</Unicode>
                </TextEquiv>
            </TextLine>
            <TextLine id="r2l24" custom="readingOrder {index:23;}">
                <Coords points="1621,2351 1682,2372 1743,2323 1893,2311 1956,2338 2004,2300 2053,2345 2223,2303 2259,2333 2346,2301 2666,2319 2706,2311 2704,2211 2634,2247 2369,2225 2276,2274 2156,2237 2066,2272 2008,2227 1899,2277 1796,2225 1726,2278 1693,2250 1619,2281"/>
                <Baseline points="1628,2321 1681,2318 1735,2315 1788,2313 1842,2312 1895,2309 1949,2307 2002,2306 2056,2305 2109,2304 2163,2303 2217,2301 2270,2301 2324,2300 2377,2300 2431,2298 2484,2298 2538,2298 2591,2297 2645,2297 2699,2295"/>
                <TextEquiv>
                    <Unicode>abgeloffner zeit geschwengeret, danenhar sy</Unicode>
                </TextEquiv>
            </TextLine>
            <TextLine id="r2l25" custom="readingOrder {index:24;} DIWO {offset:31; length:4;}">
                <Coords points="1568,2432 1770,2460 1956,2403 2022,2436 2202,2397 2364,2434 2465,2392 2622,2409 2659,2404 2657,2299 2258,2333 2223,2303 2052,2346 2017,2315 1892,2391 1822,2331 1683,2372 1566,2344"/>
                <Baseline points="1574,2411 1627,2409 1681,2408 1735,2408 1789,2406 1843,2405 1897,2405 1950,2403 2004,2403 2058,2402 2112,2402 2166,2400 2220,2400 2274,2399 2327,2399 2381,2397 2435,2396 2489,2394 2543,2393 2597,2390 2651,2388"/>
                <TextEquiv>
                    <Unicode>unlangst die lybsfrucht uf die wäld</Unicode>
                </TextEquiv>
            </TextLine>
            <TextLine id="r2l26" custom="readingOrder {index:25;} person {offset:28; length:6;}">
                <Coords points="1631,2562 1750,2537 1793,2572 1890,2507 2134,2538 2271,2501 2625,2504 2670,2485 2669,2401 2577,2440 2465,2392 2307,2439 2077,2413 2029,2462 1967,2415 1888,2458 1845,2431 1629,2451"/>
                <Baseline points="1637,2510 1688,2510 1739,2508 1790,2508 1842,2507 1893,2506 1944,2505 1996,2504 2047,2502 2098,2501 2150,2499 2201,2499 2252,2498 2303,2496 2355,2495 2406,2495 2457,2493 2509,2493 2560,2493 2611,2493 2663,2493"/>
                <TextEquiv>
                    <Unicode>gebracht: hiemit sich wider Gottes</Unicode>
                </TextEquiv>
            </TextLine>
            <TextLine id="r2l27" custom="readingOrder {index:26;}">
                <Coords points="1564,2625 2265,2590 2457,2624 2659,2588 2656,2497 2618,2487 2385,2559 2232,2519 2045,2551 1936,2518 1791,2572 1742,2536 1653,2573 1562,2554"/>
                <Baseline points="1571,2606 1625,2605 1679,2604 1733,2603 1787,2601 1841,2600 1895,2600 1949,2598 2003,2597 2057,2595 2111,2594 2165,2593 2219,2592 2273,2591 2327,2588 2381,2587 2435,2585 2489,2583 2543,2580 2597,2578 2651,2574"/>
                <TextEquiv>
                    <Unicode>dess herren gesatz schwärlich vergangen unndt</Unicode>
                </TextEquiv>
            </TextLine>
            <TextLine id="r2l28" custom="readingOrder {index:27;}">
                <Coords points="1612,2715 1960,2675 2079,2740 2172,2690 2234,2726 2316,2689 2427,2719 2487,2675 2655,2681 2654,2626 2563,2603 2517,2631 2267,2589 2180,2625 2061,2598 1887,2638 1611,2634"/>
                <Baseline points="1619,2681 1670,2679 1721,2679 1773,2679 1824,2679 1876,2679 1927,2679 1979,2679 2030,2679 2082,2679 2133,2678 2184,2678 2236,2677 2287,2676 2339,2675 2390,2673 2442,2671 2493,2668 2545,2666 2596,2663 2648,2658"/>
                <TextEquiv>
                    <Unicode>hierdurch ein bluotschandt getriben unndt</Unicode>
                </TextEquiv>
            </TextLine>
            <TextLine id="r2l29" custom="readingOrder {index:28;}">
                <Coords points="1554,2799 1655,2793 1767,2819 1904,2770 1931,2779 1979,2744 2073,2778 2123,2755 2124,2728 2075,2744 2026,2701 2002,2716 1955,2687 1895,2709 1849,2685 1816,2703 1697,2691 1635,2718 1598,2697 1556,2709"/>
                <Baseline points="1562,2763 1589,2760 1617,2757 1645,2754 1673,2754 1700,2754 1728,2754 1756,2755 1784,2756 1811,2757 1839,2759 1867,2761 1895,2762 1922,2763 1950,2765 1978,2765 2006,2765 2033,2764 2061,2763 2089,2760 2117,2756"/>
                <TextEquiv>
                    <Unicode>verübt habe etc.</Unicode>
                </TextEquiv>
            </TextLine>
            <TextLine id="r2l30" custom="readingOrder {index:29;}">
                <Coords points="1686,3138 1816,3099 2025,3106 2096,3064 2256,3098 2526,3075 2598,3034 2596,2996 2460,2973 2390,3013 2326,2961 2255,2993 2084,2965 1679,3016"/>
                <Baseline points="1601,3106 1736,3104 1781,3101 1826,3098 1871,3095 1916,3092 1961,3090 2006,3087 2051,3085 2096,3084 2141,3081 2186,3078 2231,3076 2276,3075 2321,3071 2366,3068 2411,3066 2456,3063 2501,3059 2546,3054 2591,3050"/>
                <TextEquiv>
                    <Unicode>Uff soliche jr der gedachten</Unicode>
                </TextEquiv>
            </TextLine>
            <TextLine id="r2l32" custom="readingOrder {index:30;} person {offset:0; length:11;}">
                <Coords points="1570,3171 1683,3202 1718,3170 1907,3186 2078,3153 2202,3196 2242,3152 2456,3164 2562,3128 2559,3078 2497,3072 2280,3122 2184,3087 2006,3121 1852,3098 1726,3144 1568,3120"/>
                <Baseline points="1577,3164 1625,3165 1674,3165 1723,3165 1772,3165 1821,3164 1870,3163 1919,3162 1968,3160 2017,3158 2066,3156 2114,3153 2163,3151 2212,3147 2261,3145 2310,3142 2359,3139 2408,3134 2457,3131 2506,3128 2555,3125"/>
                <TextEquiv>
                    <Unicode>Maria Haass hoche, schwäre grosse</Unicode>
                </TextEquiv>
            </TextLine>
            <TextLine id="r2l33" custom="readingOrder {index:31;} person {offset:3; length:6;}">
                <Coords points="1608,3289 1753,3298 1801,3258 2166,3278 2298,3219 2389,3240 2607,3202 2604,3139 2537,3122 2456,3164 2242,3153 2203,3195 2077,3154 1908,3186 1717,3171 1683,3202 1603,3166"/>
                <Baseline points="1613,3245 1662,3243 1711,3242 1761,3240 1810,3239 1859,3237 1909,3236 1958,3234 2007,3233 2057,3230 2106,3228 2155,3225 2205,3223 2254,3221 2303,3218 2353,3215 2402,3210 2451,3208 2501,3203 2550,3200 2600,3195"/>
                <TextEquiv>
                    <Unicode>jn Gottes dess herren gesetz unnd</Unicode>
                </TextEquiv>
            </TextLine>
            <TextEquiv>
                <Unicode>29.
1649
von sölicher abschüchlicher und begangener
misshandlungen wägen erst verschiner
tagen von mrgn. amptsman zuo Bipp ÿn¬
gezogen unnd gklagen unnd g'fänclich har gebracht
worden; ouch desshalben den 9. May
diss louffenden 1649 in bywässen, anhören
unnd gegenwürtigkeit, der erenuesten,
frommen, fürnemmen, fürsichtigen, wolgeachten
wysen herren, hern Abraham Amports
dess kleines raths, herr Hanss Ruodolph
Lerbers der burgeren, jrn. Bernhart Tscharners
grossweibels sampt etlich weiblen
mghrn. und oberen dieneren, droben jn
der gefangenschafft erforderlicher massen
verbalisch examiniert worden: weliche dan
nachgeschribne hoche schwäre und abschüchliche
misshandlung daselbsten freywillig ver¬
jächen und bekent etc.
Namlichen wie nit weniger, den das
sy sich leider so veer und wyth vergässen,
dass jr lyblicher bruoder sye vor etwas
abgeloffner zeit geschwengeret, danenhar sy
unlangst die lybsfrucht uf die wäld
gebracht: hiemit sich wider Gottes
dess herren gesatz schwärlich vergangen unndt
hierdurch ein bluotschandt getriben unndt
verübt habe etc.
Uff soliche jr der gedachten
Maria Haass hoche, schwäre grosse
jn Gottes dess herren gesetz unnd</Unicode>
            </TextEquiv>
        </TextRegion>
    </Page>
</PcGts>
