3024 4032
936 185 1312 314 649
701 291 1555 528 daß gufft daryn gelhan habe, oder we
738 377 1579 617 nit selbigem charkomen, hat s
686 459 1605 710 HHanß Sterchi deß stralmacher es
726 537 1551 736 anfangs beschuldiget, jedoch aber
721 635 1618 852 sy ernstlichen vniant werden birit.
1557 703 1624 772 al
720 704 1577 874 mandts unrecht tuthem h
712 785 1621 993 entlich gesagte steulmacheres fr
710 878 1617 1070 lich wolderumb entschlagen und dis
694 951 1598 1141 vmeldet, daß sy an John stylen
682 1046 1613 1247 irem saß zu disem kyb, weides fr
705 1152 1610 1311 willen versolffeß. Nach zeben, vnnd
703 1225 1613 1457 hierdurch syh unglikzebringen wöllen.
714 1314 1106 1441 begert habe,
704 1393 1574 1579 Daß sy aber weder die eint nach
707 1501 1599 1661 anndere psh sich wyters ueßeet disen
700 1589 1578 1779 beiben vergofftungen uund daß er sn
716 1701 1598 1842 seiner jezign fr mer das zum anderen
716 1788 1600 1933 mal gf 1o ooffelmusers zuaßen
710 1865 1571 1995 geben Insen haten oder anderen
638 1956 1609 2083 Lasteren verzriffen habind. Sye
700 2046 1596 2209 gahrt und gar nit, das sy ir hers
703 2126 1608 2281 gerumpe. Daruf sy steseken sellinen
675 2235 1563 2385 Gettend beider Eff. hertlich vß
681 2331 1354 2514 gnad und vrichung .
1662 1024 1705 1097 6
2107 389 2409 475 1649
2741 403 2857 475 50.
1882 473 2688 638 Hans Rudolph zonis
2038 587 2576 710 Eriminalis processus
1828 753 2850 874 sact dem gegenwürtige Hans
1810 826 2833 943 Rudolph Honi Burger alhie und Maria
1804 900 2838 1012 Klauwen sein muter gantz umbstentlich
1832 965 2837 1103 In argwan und verdacht gerathen, ob
1854 1036 2862 1169 solten. sy sich sonter und wylch vergeßen.
1828 1108 2836 1235 daß sy vor etwaß kurtz abgeloffner
1811 1181 2844 1327 zeitts ein besanderbare gattung giffts
1809 1272 2852 1406 so die medectii arsenicum namsen gekaufft
1817 1349 2859 1488 daselbig auch durch inne Cani in gwüßen
1838 1435 2862 1554 der zu praeparierten Ooffel am s seiner
1850 1498 2813 1643 sitzigen In der Insul krankligenden
1789 1580 2828 1751 Ehefrouwen Suspanna Jacob Mäßen,
1835 1686 2827 1819 vnd zemeßen gegeben vnd also gemilt
1855 1774 2800 1886 sein ehesryb schantlicher wyß hin
1849 1858 2815 1988 durch gericht und umb ir läben ger
1840 1938 2813 2061 bracht haben wollen, wie dan slbe¬
1855 2016 2786 2142 reit dieselbigen als sy von berürtem
1818 2104 2817 2252 örffelmuß etwas wenig genamen.
1827 2203 2834 2355 und gäßen, zo tödtliche und sölicher
1786 2280 2845 2423 Schwashheiten gefallen, daß wan der
1808 2380 2821 2548 almechtig und gsutige goft nit be
1851 2487 2828 2650 sonder barer wyß nach seinem gottlichen
1824 2584 2782 2729 belieben und fürsechung sy erhalten,
1780 2673 2796 2813 umb in Läben hette komen und also
1799 2769 2773 2906 daßelbig mit großer angst un
1805 2860 2777 2996 Schmertzen Er bergeben, vnß verlaßen
1826 2945 2804 3055 müßen. Deßwegen sy beide muter
1789 3030 2754 3179 undt sohn in gfenkliche verhaffung
1828 3112 2816 3265 genomen und frolgents den 27. ocembris
