3024 4032
926 177 1286 321 1650.
702 317 1655 593 prntd en te
735 388 1669 663 engen gn
714 472 1672 760 vatlne
679 546 1674 824 dem blateren her fürgezogen, darnen als
717 635 1667 901 Is einem zucebuJars Jüngli 3 solte
713 741 1673 982 gulden 2 zukaten, ein dublauch und von
674 796 1645 1043 par by 2r an munz gewesen und
711 876 1672 1156 haraufgesprachen, dt er kein mangel in
699 987 1671 1191 ghabetdas diß sye alles gold, wand
675 1075 1624 1312 Stulei ichersanseht Ehlge
713 1178 1677 1395 aber habe, dlis nur schmmdfftwey geret
691 1251 1660 1443 Das ebeliß gelt ein fad zweysar vor
721 1370 1667 1584 seiner abhreiß uß roß und vycherlih
717 1450 874 1589 haben
670 1575 1632 1784 Deßgleiches habe, er auche iß gelt etlichen
679 1684 1624 1847 pfanren, als Cristen dubasch dem Jehr
709 1764 1634 1910 frunder im kiechenhuß zu Lemsund
693 1851 1646 2005 sonst anderen mehr doch nur schupfl
697 1927 1644 2066 wyß uf oberzelte fargn gald gemaset
647 2027 1653 2157 und gezigt, smne hiemit selbs umbstel
704 2111 1648 2238 überhab und nüt vermeint, das sölnhes
699 2185 1611 2357 Ime uf dise wyß ußgutet werden.
679 2317 863 2444 solte,
625 2402 1646 2591 Greffent abersher geklagter massen d
687 2492 1621 2633 ent oder andere nothwrangen bubt
652 2554 1627 2743 haben werde sölches sich sn eiwigket
640 2651 1621 2838 nit erfinden, das ein gwrüße wybs
633 2755 1639 2953 pson die floge rhinen hatte by welise
666 2803 1640 3046 ehr zwar zum anderen mal, doch aber
686 2908 1625 3098 nach seinet Intention Jo Ehrer zein
653 2997 1614 3210 und zugangen) inne wie wol sr Jor
637 3064 1626 3352 In seinem abereten accusient zuwah
625 3148 1625 3423 hernach widernub entschlag habe, wie s
625 3203 1615 3505 esen zn be at
657 3394 1196 3558 snd sein erde
2760 310 2893 409 70.
2140 328 2438 443 1650
1826 404 2888 612 daß er danethin, auch sölich mut willen
1770 515 2886 670 und dardurch zwüße wfilch beungeinet und
1852 589 2847 739 verw�stet haben, kaüe er dessen weder
1875 658 2836 787 anred nach gestendig sein, werde sich s
1847 738 2825 869 der warheih Ninermen erwaren nach
1852 826 2101 967 bfinder.
1829 912 2879 1067 Des zu Erlenbach vor etwas leits ent-
1857 994 2874 1125 wenter reißgelts halbes, gescheche ime
1878 1056 2881 1194 ouch groblich venrecht, das er Niemalen
1850 1133 2836 1264 vos solichem diebstal nüt gewüsten, sye
1857 1196 2872 1362 Ime sauch ganz un bekant, vilerunger, das er
1840 1288 2858 1451 hierin solte gehalft habed welle unnd
1834 1347 2839 1488 muße sehr alle magter uffschechen, ab
1864 1434 2870 1583 er hoßto gestendig sein künke, zwar
1867 1517 2880 1660 sye niht als, das das er, alß es sich an
1851 1594 2863 1727 Phencklich ußeren wollen, durch Peter
1823 1668 2880 1780 Spukein nach ein seckel vol munz in seinem
1847 1748 2845 1852 luß abholen laßen, so er auch mit ime
1856 1830 2836 1951 hnweg uf die rei� genammen, treffe
1835 1912 2822 2055 aber verforne gelt ganz und gar
1850 1985 2782 2137 bim wrenigesteg nit an, weliches man
1852 2070 2551 2195 eine gwüßlich glauben solle,
1809 2151 2870 2331 Bettet also ein hoche gnedige Oberreit
1868 2264 2831 2396 ganz funseklich seiner befangee sünden
1807 2340 2740 2504 halbes umb gnsad snd verzychung
1821 2464 2865 2623 It 2. m Cär und 2 m mit dem mitlesten
1830 2554 2416 2685 stein uffgezogen worden.
