3024 4032
867 161 1123 257 649.
675 236 1560 519 iten lit d ee
638 344 1478 551 sich mit ime vos hußgelaßen und
641 416 1469 617 vergeßen, daß er da mit sich sein
632 492 1580 734 abrer vrheben, seines unflhüks v
633 569 1589 829 et was zeits dem Amal im kraussel
627 657 1544 866 etlichs ihrnwerks als kethines s
684 743 1572 965 d der gleichen iu einem wagen gehörien
627 820 1589 1080 entwect, soliches kekaufft und fürse
607 905 1389 1085 antheil 34 b bekamen habe,
631 1103 1570 1300 so sye auch warten, daß er sich mit hilt.
606 1182 1570 1367 und anwysung gedachten Hanses nache
628 1268 1583 1482 an deyes artes, als zn Rusauwspa
629 1340 1575 1532 dolf und Brnnenmat findes lassen .
620 1447 1576 1620 dorsten auch allergattung alt us
622 1529 1576 1696 beschlecht ab des wages gebrachen und
635 1620 1571 1802 ent frömbdet, daßelbig, so by musn
635 1702 1557 1862 einem lentner gsan, dem schmiden
578 1787 1557 1965 So auflin das ho  2 lz verkaufft hate,
629 2004 1561 2154 daß er aber verners mit de btäke
589 2123 1548 2246 oder anderer bößes stuken, teigles si
606 2208 1560 2340 vergriff. sye es ganz und gar nit
603 2289 1549 2447 allein das ime zur hut, als er gewirt
618 2381 1543 2533 ein gerliße ims unbekante Wylt
578 2462 1553 2660 psohn i gëtz und ein alte kantz ja
616 2560 1540 2700 brachtt und er jra soliches abgenamet
603 2630 1551 2826 beliches alles sine hertzlich leid und
618 2700 1536 2884 er nit also veernittlest schwarer lo
596 2778 1546 2988 hendlet mit wyb und kendis armit
593 2857 1537 3100 gwalchen, er wol so bald is sölichub
575 2943 1537 3131 nemalen gefallen seeren habe sich
609 3023 1531 3219 ußert dschei jedererylz wol heiße
550 3085 1536 3339 verhalt und getragen, Bitet got
2742 230 2857 318 43.
2023 264 2267 358 1649.
1692 316 2771 519 bchörffen und demnach ein heche gnedige
1699 421 2747 645 Oberkeit auch zugleich meinen safh, so er
1759 490 2802 659 möchte bleidet haben, sumgtelich umb
1752 583 2688 774 guft und versychung etc. ds 1. ocbr
1855 679 2739 828 Ist in lär 2m mit dem heren stein
1813 787 2706 923 uffgezohen und imr zon schrecke
1833 845 2763 1011 der chröste stein auch hinzugebauden worden.
1719 1038 2723 1209 Des 11. ocebris ist diser geyß büben buß
1749 1148 2743 1284 uff gnad ins schallenwehrr erkennt und
1739 1227 2219 1397 gefoslet worden,
1785 1531 1993 1686 dn
1948 1576 2439 1734 ets Roth
1918 1692 2462 1828 sonst genant Frauchmen
1924 1775 2345 1897 Jon Toffing
1714 1989 2755 2126 Diewyl Elß noth Frei geweßeen ehemann
1720 2075 2756 2201 Ulrich Buchler vos Toffingen, hiebes Fweyen
1700 2148 2700 2271 ehebeüchen, noch einer anderen schantlichet
1742 2213 2730 2370 that verschlien jars anclagt, aber nüt
1719 2304 2754 2430 erwysen könne, und sich anstetiler vor
1738 2379 2754 2527 gehartes censurierung und gethanet gelaben
1654 2463 2733 2597 Vbr ußtrag der sach uß dem rechten nit zu
1732 2544 2696 2686 wrchen uß der statt Stiwegi und an
1711 2621 2724 2750 frombde sort ius Margrasfen land begebe
1729 2704 2737 2863 harufe lo boduchler emn Rufbais vnd
1731 2795 2578 2946 volgente er schidigung halbe er
2582 2913 2713 2978 al
1701 2881 2366 3022 Alß ist sy uß mahr und
1714 2972 2299 3094 erliche vernles ed
1685 3048 2260 3164 deß land vanat e
1690 3121 2289 3247 Spatt, vnd land vnhitse
1744 3186 2297 3311 wordn Actum 27 16
