3024 4032
861 282 1135 419 1649.
493 414 1509 714 Sand suse enge a e eate
539 580 1500 773 die Jösige ihner, mit einem buchhagen
528 678 1494 851 uuffgefregen, sylen und zangen danzu
540 755 1506 969 gebraacht, die sctlos, darmit ledige
547 847 1492 1018 gmacht und mit dem arm herys ge
562 917 1482 1100 rekt haben, woruf sy eine heffig
545 1008 1487 1201 beschholten, mit viflßen, wie das
562 1105 1487 1259 nit für könne, das söliches den
556 1191 1509 1354 Oberhers an zuzeigen, Er aberse
575 1281 1500 1424 sölliches unnd instendig abge
578 1364 1505 1511 ert unnd sich entlich vofsein
560 1448 1512 1614 anhalten, dahin bewegen laßen,
562 1548 1516 1691 Jedach darby geantwortet, daß
578 1644 1509 1774 sy gott bäitte, daß er disere sch
561 1740 1516 1900 zu seiner zeit offenbhere unßd ab
560 1836 1516 1988 tag bringet bringen welle, ha
536 1925 1513 2086 sonst auch nit gestendig sein wellen,
553 2012 1528 2174 daß smne jemandta zu disem diessel
575 2108 1526 2295 gshalffen, danders alles ein zihan
557 2201 1525 2386 leiniche hilf hilf gethan und vienhts
533 2276 1522 2490 und im ffahl, er seinen fahl  de
557 2370 1523 2601 graben nit gethadt. Ina wol so hal
515 2489 1523 2705 von disem gelt koin meldung w
565 2581 1506 2810 gethan worden. Gleichwal s
464 2680 1505 2916 effig darnmb beshalten seine
468 2811 1500 3011 Gittet also Gott vnd eingneah¬
569 2879 1523 3101 oberkeit umb verzeichung, daf
584 2957 1501 3169 anfenklich, wie es zugangen frey
550 3115 1204 3323 Ihr stansen isin s e.
2656 101 2763 183 18.
1899 269 2191 408 1649.
1702 393 2538 669 Hrr Cristices
1641 511 2382 783 gen
1940 628 2152 775 arb.
1716 767 2781 1020 ach dem ✳ Hans Hattiberger
1716 866 2735 1114 so der Herrschafft Worb als ein lycht
1667 941 2789 1235 feetiger bößer bub Wegen deß daselbst
1652 1003 2765 1293 au worb uß der kilches unlangst eit
1639 1113 2762 1354 prömbdeten und weils is seines vatt
1658 1223 2755 1481 huß widerumb gefaudenen reißgelt
1627 1299 2804 1507 unt kurzabgkloffner tagen sich genßeret
1661 1413 2779 1596 vnd so dieflucht begeben, Den 11. feb.
1663 1504 2801 1684 sanner von Bolliger widerumb ergriffen.
1645 1607 2729 1803 Io verhafftung genamen, durch herrn
1641 1703 2713 1891 Rehender mitherr zu Worb, neben
1666 1793 2756 1954 seinem schunfftlichen bricht mynen gh
1671 1904 2791 2050 nnd oberen, In dero band gerarsamlich
1636 1991 2784 2114 überscherkt unnd volgents den 14. decembris
1663 2080 2741 2253 ib Jns Jars Uff hochgedacht s gden
1672 2185 2711 2321 Hielch, durch die Ehrennesel f. f. f.
1656 2284 2741 2433 volgeachtes wyßen hert H wistoffel
1639 2381 2729 2540 Follenberg deß Elemes 1. Hanß Rud.
1658 2472 2730 2618 ehander  Asrah am mannel und jr
1544 2565 2740 2714 iBdernhant Tscharner Grozweibelt In by
1666 2657 2703 2806 ein, etlicher weiblen ingh und oheren
1631 2751 2696 2921 dieneren, do wol über disen begangnen
1623 2841 2704 2987 lantschädlichen diebstal als auch seines
1636 2952 2735 3091 ergehrlichen gefürten läbens und snderer
1612 3039 2680 3160 verdächtiger bößes stuken halb, is ge
1637 3117 2674 3248 wontem Strecki thurß, erforderlicher
1638 3202 2677 3331 maßen pinlich raaminiget worden,
