3024 4032
1555 403 2631 629 Kameler, Urstel, auf dem Elstaß, begen unberi¬
1750 532 2204 743 Ihm Werben. 11.
1551 609 2654 826 Kund, Cunrad, der Lehrgotten Sohn, begen Heraus,
1753 725 2325 906 sondermng in begeift l
1545 802 2677 998 Kerband Anna, v. Arrberg, wird uld ein uenüthes
1771 939 2394 1110 Ponbert 2 verbiesen. 32.
1560 1026 2627 1254 Klothi Mari, und dem wriegen, begen Rüt¬
1775 1167 2045 1318 Uhend. 32
1547 1231 2620 1421 Klälo Maria, Hans Sud. Joris Mutter, legen
1761 1331 2638 1522 Vergihtung ihrer Sohnd Fanu. 1f. 185 51.
1547 1476 2556 1648 Küchler, Mathes, der Ziegler allhie und Anna
1752 1567 2603 1707 reemann Aeine Frau, wegen Inzug Ac. 54.
1543 1683 2620 1843 Köli, hund v. Kinderand, wegen Beld ttag d. 6278
