5472 7296
980 906 2729 1378 zur kundtschafft stellen unnd die
1021 1053 2680 1455 verhörung der selbigen begehren.
1015 1163 2681 1569 wūrde Eydlich verhoren, vnnd
1013 1280 2651 1652 der und bringung deß keit und
1009 1414 2575 1771 anderen Ihr in verständigen
991 1521 2589 1867 sollten.  Volg nun disers
975 1683 2567 1986 hoch verkeitlichen Befelchs
1007 1737 2524 2078 sind nachgemelte persohnen
996 1892 2670 2204 vff die vorher beschechene Ab¬
995 2012 2680 2326 lesung der eydtafelen, ervor
984 2114 2669 2440 derliche zusprech und vermahnung
970 2230 2641 2499 auch gelusteten formatischen Endts
895 2309 2663 2650 verhört, vnnd von denselbigen
942 2447 2461 2720 vollgendes gezüget worden.
1038 2654 2617 2921 Erstlichen zugetrofeter streit
1170 2829 2574 3044 von Ober Gottigen der Herr
1302 2920 2276 3124 schafft Bümplitzen.
1001 3053 2659 3280 Daß alß uß Befelch Ir Frantz¬
910 3139 2658 3394 Rtudwig von Erlachs ihmme gezügen
960 3278 2659 3453 von Hans Wyßen dem schulmeister
1003 3378 1090 3450 d
932 3385 2562 3555 In Bümpliten den 19. diß anzeigt.
2540 3466 2612 3553 e
951 3471 2651 3661 worden, bis habe der grichtschreiber
925 3575 2651 3759 und sy wegen der zwüschen ihnen
932 3679 2657 3843 lang gewahrter streitigkeit auff
937 3763 2645 3946 geluffenen Costens halber moderando
931 3867 2621 4017 zu vergleichen ihnen die stund uff
960 3951 2581 4121 den morndrigen tag ware den 20.
945 4049 2583 4212 diß vor thunn zu erschynen, vndt
914 4137 2658 4332 11 uhren bestimbt, habe er sich selbigen
928 4235 2619 4418 Tags umb 10 Vhren zu den vnd fun
936 4317 2647 4495 der Statt befunden, vnnd den abge¬
903 4423 2586 4590 lybten Hanns Weiger sel by dem
897 4503 2593 4741 zupf gloggen thurn angetroffen und
906 4622 2572 4790 mit demselbigen vmb gesetzet Stund
880 4709 2652 4916 11 uhren sich by gesagtin grichtschreibers
885 4791 2566 4991 Hans angemelt, Alß aber damahls
860 4874 2540 5101 der ir frantz sich nit ynbefunden
902 4929 2578 5172 unnd der grichtschreiber nach dem
857 5043 2573 5276 er aufgegen den 12 uhren uff den ern
853 5117 2556 5363 gewartet, an anderen oberkeitlichen
844 5228 2592 5495 geschafften uff einandeliche gesellen
868 5310 2586 5580 schafft zum diselzwang gangen
2485 5392 2527 5475 9
808 5360 2487 5634 unnd sy gesechen, daß abermahlen
822 5431 2610 5740 uß der sach nit wölle werden, habe er
805 5539 2607 5775 gezug sich mit wenger widerumb die
790 5617 2608 5881 Statt hinauff begeben vnd Vnderwegs
4799 884 4886 1028 19
3030 1171 4862 1381 von Adrian Usenschmid ein h Pferdtin
3019 1310 4881 1486 umb 40 fl unnd ein Thaler trunkgelt
3010 1396 4858 1590 keufflichen erhandlet, vnnd daruff
3069 1502 4810 1666 mit ihmme wenger unnd anderen
3080 1618 4818 1771 darby geweßnen Under Marteren
3049 1695 4794 1888 In mehren neüner Seürlers Keller
2998 1800 4757 1962 underem starchen wynkauff ge
3038 1904 4698 2067 Truncken, vnnd nach genoßenen
3057 1998 4741 2161 trunck, als er nacher lauw wellen
3069 2077 4862 2228 unnd die statt auff gegen dem obere
3076 2179 4818 2362 thor zugangen, habe weniger ihmme
3068 2281 4829 2459 aber das geleidt biß Zur Stattschmans
3038 2381 4854 2554 zur ziegelhütten geben wollen, wie er
3029 2479 4806 2650 dan daß selbige mehrmahlen gethan
3050 2556 4781 2751 vnnd by derselbigen seinen abweg
3050 2662 4694 2829 gegen seiner hörig genommen habe.
3064 2748 4752 2908 unnd wie sy beide ihres weges zur
3066 2829 4710 2978 Statt hinaūs gangen, vnnd biß bÿ
3069 2925 4723 3102 nache zur kahlbrugg kommen.
4646 3049 4714 3122 .
3038 3007 4645 3194 seye gesagter iren frantz ludwig
3060 3102 4788 3284 . Von demme sy nicht gewüßt, daß
3049 3202 4801 3377 er inn der statt gsin auff einem
3061 3333 4877 3481 Pferdryffend ihnen unnd zwar unver
3058 3411 4856 3598 emerckt nachkommen unnd neben ihnen
3043 3509 4787 3685 uff gebührendes nit abzuchen, ohne
3065 3596 4680 3745 redung einichen worts starck.
3052 3697 4754 3863 durch geritten, vnnd alß derselbige
4746 3779 4817 3866 .
3015 3805 4792 3958 y 20 oder 13 schriften wyt vor ihnen
3069 3887 4807 4077 gewesen, habe er syn pfardt gachlingen
3076 3988 4820 4125 umbgewendt unnd seye wider zuruck
3043 4088 4821 4256 gegen ihnen geritten unnd deswenger
3066 4168 4801 4319 mit disen worten angeredt, warumb
3031 4265 4662 4404 er ihmme durch des weibel die
3067 4339 4679 4509 Tagsatzung unnd Stund vmb Ein
4674 4426 4743 4478 e
3085 4441 4648 4611 Vhren genambset habe, daruff er
4639 4503 4719 4575 .
3054 4539 4677 4688 Gezin dem Irn geantwortet.
4672 4614 4715 4692 .
3035 4626 4748 4805 Er habe doch Ihmen durch Wyß
3069 4720 4764 4904 den schulmeister obgemelt, die stund
3068 4832 4762 4994 umb 11 uhren genambset, Worüber
3072 4924 4666 5106 sich der Ir widerumb gegen dem
3036 5002 4767 5190 wenger gewendt unnd zu demselbigen
3064 5100 4807 5282 gesagt, er seye deß gezügen uffwingler
3057 5214 4799 5375 vnnd wan er nicht were, So wurde er
3043 5285 4745 5433 gezüg schon lengsten ußem handel gestelt
3047 5373 4723 5538 haben, uff welliche wort weniger
2994 5522 3044 5585 1
3060 5476 4732 5648 din irn umb verzychung gebätten
2983 5555 4644 5731 unnd gesagt es seye dem nicht allso
