5472 7296
900 681 2610 1357 dneten wegen se
914 933 2568 1439 uester mangen
909 1066 2631 1579 gaden rechen
909 1216 2595 1674 Auch in inn einem Winckel
915 1312 2610 1818 Peregten und diesen
895 1506 2594 1924 Gezugen daß selbige Inn die¬
864 1607 2618 2054 stuben ze thun angehalten under
899 1782 2574 2150 einen schafft gestelt, so sy zwar
888 1908 2585 2327 anfangs nit gewüßt, sonderen
861 2041 2573 2406 vermeint syn mutter habe es
842 2192 2631 2584 uß mit lyden inn die Stuben gethan,
862 2313 2614 2673 vnnd wan sy vnderwylen ihrer
801 2457 2577 2777 Bäsin zugeredt, sy sölle doch nit
860 2591 2591 2934 so schnöd mit ihrem kind umbgehen
851 2736 2512 3032 sy versundige sich mechtig an
838 2870 2619 3160 demselbigen, habe sy daruff zur
851 3002 2592 3286 antwort geben. Wie man sich
840 3162 2499 3381 an einem solchen wüsten trust.
2489 3285 2531 3357 e
836 3246 2559 3514 versündigen könte. Auch habe
821 3359 2459 3606 sy hieuor etwan vor einem
2453 3510 2559 3615 .
831 3530 2526 3750 viertel Jar das Kind etliche
844 3661 2614 3894 mahl uß der wieglen auffgehaben
787 3770 2496 3999 unnd wider nidergelegt, aber
803 3906 2445 4094 damahlen einicher gebrechen
814 4004 2571 4192 weder an dem noch beidenen
813 4143 2595 4339 nit gesechen. Etwas zytts hernach
785 4273 2437 4464 aber, alß sy das kind auch
778 4371 2564 4564 widerumb wie zuuor verheben
780 4483 2523 4709 wellen, habe die mutter ihro
755 4621 2522 4845 dasselbige abgewehrt, mit veren
777 4712 2551 4957 melden, sy gewenne es so meisterlas
782 4839 2471 5044 solle es laßen bleiben, sy wolle es
787 4922 2529 5184 schon auffheben wans zyff seye etc.
755 5067 2467 5317 junmaßen, sy es auch blyben
762 5107 2550 5433 laßen vnnd von derselbigen Zett
722 5230 2602 5542 an das kind nit mohl mehr gesehen etc.
4643 940 4788 1064 14
3567 1197 4718 1446 Stain herr der verhafften
2955 1120 3190 1412 dser
2935 1364 4697 1571 kornin schwager zeüget, er seye
2954 1476 4725 1671 zwar nit vill inn seiner geschweyen
2988 1604 4676 1793 haus gewandlet, vnnd das letste
2988 1728 4573 1916 mahl als er daselbsten gsin, seye
4565 1807 4649 1875 e
2991 1842 4696 2067 ohngefahr 14 tag vor letst hinge
3001 1966 4564 2142 wichner osteren gewesen, zu
2981 2072 4736 2261 welcher zyrt das kind noch zimlich
2961 2185 4703 2404 Krey sich befunden, dan es damahlen
2996 2292 4582 2490 noch inn etwas aber nit fast.
2980 2412 4733 2635 gehen können, sonderen zimlich schwach
2973 2535 4632 2735 Inn den beinlenen sich befunden
2948 2654 4746 2844 Inmaßen er gezügen sy vermahnt
2979 2761 4687 2967 dasselbige vnderwylen ze fuhren
2960 2872 4708 3083 damit es desto ehender gehen lehrne
2964 2998 4691 3198 selbiges auch etwas zytts zuuor
2970 3107 4699 3302 als sein tochter es inn sein haus
2983 3225 4659 3414 gebracht gantz nacket unnd blooß
2973 3345 4736 3541 vnnd einichen Kahler weder an dem
2955 3449 4735 3642 Armlin noch seinlin nit gesechen.
3005 3561 4727 3743 wohl habe er jeder zyff vermerckt
2906 3635 4679 3861 vnnd angenscheinlich gesechen, daß
2965 3775 4614 3960 das kind seiner geschweyen sehr
4625 3792 4669 3929 .
2972 3879 4740 4020 Anwahrt vnnd ein großer vber¬
2981 3990 4717 4148 last gewesen, dan dieselbige einen
2971 4079 4740 4273 söllichen nyd unnd haß wider das
2943 4201 4669 4384 Kind gelaßet der vnnaturlich
2971 4298 4723 4500 seye, unmaßen sy deßen schlechte
2951 4410 4701 4603 Sorg getragen, vnnd sich nit als ein
2956 4516 4739 4711 mutter gegen ihnne erzeigt, unnd
2984 4628 4664 4798 auch die ein gutthero das selbige
2988 4731 4628 4892 den Luthen nit mehr vnder die
2970 4829 4146 5002 Bugen kommen laßen.
2900 4950 4775 5204 Berena Klinkinger Hs Willeneggers
2967 5117 4645 5280 deß jungeren von Marfeldingen
2963 5240 4755 5396 Ehefr zuget, daß vor anderthalb
2952 5307 4662 5472 jaren Ihre das Kind auch vff ein
2966 5423 4720 5609 halb jar lang verdinget und Ihra¬
