5472 7296
865 754 2629 1336 verdienstlich anderen
945 894 2608 1461 ant der eingen und se
900 1043 2657 1618 ser den werden
951 1208 2550 1664 ly blin, ußert einem kleinen
935 1335 2642 1867 bereitigen seinen
914 1454 2470 1904 erzeigt, gantz unverletzt
892 1602 2614 2059 Darneben aber sehr Mager unnd
904 1773 2608 2191 außgehungeret gewesen, nach¬
871 1870 2624 2291 den sy aber demselbigen er¬
898 2016 2594 2411 vorderlichen raht gethan, habe es
873 2149 2622 2568 Inn etwas zu trichten angefangen
885 2279 2593 2655 unnd aber anfangs dermaßen
888 2428 2586 2726 matt unnd Asig gsin, daß man
863 2514 2626 2894 ihnen kinnerlich gnug zu scholen,
883 2708 2601 2961 konnen, vnnd es auch gleichsam
877 2794 2614 3127 Lrüschbrey geßen, wan man ihmme
860 2943 2599 3180 geben hette, Nachdem nun das
854 3064 2565 3332 halb Jar verfloßen gewesen
854 3199 2560 3425 habe sy das kind der mutter
851 3328 2556 3558 widerumb frisch unnd gsund
820 3468 2564 3694 zugebracht, unnd so bald sy die
799 3590 2567 3792 mutter deßen ansichtig worden.
818 3710 2573 3918 seyen ihre ersten Wort und handt
821 3834 2607 4014 der willkom gsin, das kutzen batte
801 3936 2601 4158 kombt aber, welches sy die ge
781 4080 2577 4285 Jugin übel bedauwret, unnd
2449 4193 2492 4284 .
805 4185 2452 4384 nach dem sy das kind inn die
779 4270 2535 4514 stuben hinein getragen, haben sy
798 4389 2555 4589 es entblößt unnd sy zu schonen
741 4479 2535 4710 vermahnt, ob ihr und jetzund¬
796 4605 2517 4807 nit beßer zu lyb seye weder
743 4702 2542 4969 zuuor, dan es damahlen zimlich
757 4781 2508 5061 trichhafft unnd ihres wüßens
777 4889 2579 5221 weder an Armlenen noch beinlenen
788 5027 2558 5314 einicher mangel nit zu hauren
739 5125 2514 5452 gewesen, ohngeacht deßen aber
749 5226 2554 5580 seye sy an stat deß dancks für
720 5306 2567 5680 ihre getrüwe pfleg, mehren theils
748 5428 2507 5796 mit schnöden worten abgespyßt¬
2218 5581 2493 5803 und
2960 1216 4697 1477 unnd allso mit weinenden angen
2955 1371 4579 1562 vnnd trauwrigem hertzen.
2986 1483 4645 1688 widerumb nach haus geschickt
2996 1592 3595 1764 worden etc.
3653 1689 3715 1764 e
2903 1909 4673 2138 Anni Braggina welcheren das
2971 2024 4702 2228 kind vor einem Jar, auch fur ein
2992 2156 4665 2335 halb jar lang verdinget worden
2955 2243 4663 2436 züget, daß als sy das kindbe
2997 2364 4560 2546 kommen, selbiges sehr elend
2936 2469 4601 2648 vnnd schlecht vnnd nichts dan
2987 2580 4561 2767 ein großer bauch an thunne
2986 2681 4649 2881 gewesen, dannenhero es vill eßen
3000 2792 4693 2989 unnd aber inn die 14 tag lang,
2996 2898 4580 3080 einiche reuo derung haben
3004 3001 4548 3176 mögen, allso daß das kind.
2999 3116 4591 3282 allerdings verderbt gewesen
2983 3233 4675 3413 hernach aber als sy ihmene best
2993 3332 4628 3510 müglich raht gethan, habe es inn
2995 3442 4660 3620 etwas zu Truchen angefangen,
3008 3539 4567 3711 vnnd auch die Stuben vnnd das
2960 3645 4643 3796 denn vff vnnd nider zu gehen
2964 3751 4742 3919 vorgenommen, vnd damahlen grade
2979 3841 4719 4022 güdlin an Armlenen vnnd Beinlenen
2991 3944 4619 4118 gehabt, unnd niemahlen einichen
3000 4054 4692 4229 mangel an ihmme nit verhouet
2989 4149 4696 4324 ußert, daß es inn dem Creützli
2961 4252 4636 4430 jederzyff inn etwas schwach ge¬
2988 4358 4622 4526 wesen gestalten, sy allso nach ver
4616 4401 4692 4503 .
2956 4457 4594 4630 floßnem halben jar der mutter
2981 4550 4494 4726 das kind frisch unnd gesund¬
3008 4647 4633 4838 widerumb vberliteret, wie sy
2981 4760 4568 4935 aber syderhar mit demselbigen
3012 4855 4674 5043 umbgangen seye ihro nit bekant,
2981 4979 4607 5143 auch sonsten deßorts verners
2993 5076 4057 5249 nicht inn wüßen etc.
4227 5263 4694 5572 Hande
4640 957 4777 1093 55
