5472 7296
974 762 2650 1242 vnnd alßbald den Tagen ge-
925 953 2662 1354 zuckt unnd uff den wenger
1016 1061 2596 1427 zugeschlagen, so bald der
932 1140 2641 1553 Weibel das gesechen, haben
960 1276 2537 1595 dem Tagen zu griffen von
992 1377 2686 1754 damit er an einer hand ver¬
970 1498 2495 1769 wundt worden, wie nun
1007 1600 2641 1913 wenger sich mit dem stecken
970 1720 2621 2014 gewehret vnnd so wohl mit
993 1817 2620 2145 demselbigen als mit deß r
938 1918 2656 2276 inn, wand bekommenen tagen
956 2068 2654 2352 auch gegen dem irn geschlagen.
961 2165 2653 2462 1. Uff die gehorten wort deß
963 2265 2639 2540 Stäcken unnd tägen schlagens
1005 2376 2659 2670 er gezug den streits einen lumpen
964 2503 2578 2730 genambset unnd gesagt er
947 2612 2583 2803 gange mit zweyen reden umb
933 2696 2626 2956 sy hetten wanns ihnen ernst gsin
947 2811 2603 3029 wohl vor disem großen we¬
937 2898 2614 3107 gluck sein können, und ver¬
932 3018 2598 3228 meldete streit, daß so bald
923 3122 2549 3318 dem Irn der dägen auß der
2542 3247 2600 3324 e
922 3214 2534 3400 hand kommen, habe er vff
896 3311 2587 3547 die Pistole Griffen vnnd dem
944 3404 2613 3633 Weinger den schul geben, nach
949 3517 2502 3729 leinselbigen seye wenger
955 3619 2569 3799 der Lauen nach gangen demme
937 3726 2599 3912 der Ir gefollget, vnnd Ihne
912 3835 2508 4017 noch mit der Listolz gegen
2506 3910 2546 3969 .
873 3931 2580 4117 dem Klopf geschlagen, daruff
871 4029 2582 4211 der Er dem Pferdt die Speren
881 4110 2609 4316 geben vnnd starck darvon geritten
893 4228 2616 4426 Sonsten hatte er gezug auch ghört
876 4319 2549 4513 sagen, Es habe der abgelyben
854 4426 2510 4598 Vsengers nun einem geweßen
837 4527 2522 4670 Kellerhalt geredt: Er wüße
869 4596 2531 4783 wohl daß er nach und er deß
881 4704 2524 4914 Ern von Erlachs henden Sterben
863 4796 2534 4964 muße Anders seye Ihmnne
855 4890 2390 5071 Jezug nicht Langwißen
752 4937 2582 5220 E vnd wylen Er der aubtsachlichen
824 5065 2625 5262 action nit ein perschen bygewohnt,
795 5167 2583 5385 Sonderen disere sein gnugsamme
833 5246 2591 5464 mir von horen sagen habe, So seye
818 5314 2435 5593 auch nit vil darauf ze suchen.
1932 5546 2616 5782 Is Nichaus etc.
3000 4847 3068 4965 1
3245 1075 4728 1301 Mhans Lang der
3201 1186 4507 1427 Bruchschneider züget.
3034 1436 4825 1682 faßer auch zu gegen gewesen
3057 1569 4779 1745 wie Streit von den herren der
3051 1668 4830 1842 hergangenheit halber befragt
3065 1757 4811 1912 worden, und under anderen
3039 1867 4769 2069 verstehen mögen, daß sy einer
3057 1952 4770 2154 gewißen Stund halben so ihnen
3089 2065 4773 2223 bestimbt worden nit deß einen
3081 2146 4822 2332 gewesen, vnnd daß der Ir die
3078 2235 4789 2431 selbige nit besucht haben solle.
3071 2341 4834 2537 Derowegen sy wider nachter haus
3079 2446 4793 2638 kehren wollen, vnd seye der Ir
3081 2538 4847 2741 neben ihnen zum Thor aussgeritten
3059 2637 4843 2794 vnnd wie der Weibel vorzun
3070 2747 4672 2930 pliten zum Ern kommen, vnnd
3098 2845 4817 3021 demselbigen etwas heimliches
3034 2949 4802 3154 Inn die bren gesagt, habe sich
3013 3044 4790 3228 der ir alßbald garnig erzeigt
3056 3180 4777 3323 vff den Tagen gegriffen vff
3091 3255 4567 3419 den weniger zugeschlagen,
3009 3302 4824 3532 Als aber derselbige dem Irm
3083 3443 4826 3596 uß der Handnommen, habe weniger
3111 3551 4685 3696 sich mit dem stecken gewehrt
3070 3649 4770 3808 vnnd zugeschlagen, vff welches
3102 3720 4746 3882 alß bald der Schutz looß gangen
3076 3817 4722 3977 vnnd der Ir darvon geritten
3095 3897 4655 4069 mehrers habe er gezug nicht
3082 4001 3488 4168 gehört
3207 4397 4797 4619 Mr Friderich Bucher zu
3413 4547 4286 4752 färber züget.
3081 4770 4694 4996 daß er zwar auch damahlen
3115 4894 4689 5059 uff Reinbrüggli gsin, wie
3095 5002 4761 5166 Peter Streith von etlichen herren
3099 5082 4779 5247 Der hergangenheit diseris leidig
3061 5177 4502 5336 unfahls befragt worden.
3115 5256 4787 5418 weylen Er aber deß gehort halber
3119 5345 4736 5490 etwas mangels habe. So habe
3132 5436 4764 5620 er nit alle wort verstehen können.
