5472 7296
879 3339 948 3463 e
975 850 2679 1309 Vff welchen der Ir von Ihme
978 1023 2589 1378 Araugen begehrt, daß ehr
979 1125 2686 1515 ihmme den tagen wider zur
986 1241 2679 1594 hand stellen solte. Es habe aber
1009 1334 2667 1694 der zu diesem ungluck herben
998 1416 2614 1773 komme er Haller, solches nit
974 1568 2684 1885 gestatten wollen. Der Ir Ver¬
993 1639 2578 1944 sreche dan kein wytteren
976 1732 2660 2092 unfug anzefachen, der bis ver
983 1875 2684 2197 brachen unnd auch gehallten.
983 1978 2622 2267 ff, welches er gezug den
960 2062 2641 2371 irn den tägen widerumb zu
964 2188 2658 2449 gestelt, welcher nach dem er
969 2296 2658 2554 gesehen, daß es mit weniger
983 2417 2650 2663 bezahlt sich stracks mit vollem
916 2499 2596 2756 daß Kaūfs die Straß hinains
944 2640 2675 2871 gemacht unnd seye der weniger
980 2735 2651 2955 nach empfangenem schulz noch
930 2800 2651 3034 etlich seit wyt gegen dem Peter
913 2910 2637 3124 stikeit zugangen unnd alsbald
943 3025 2596 3239 by demselbigen nider gesunken
938 3131 2564 3340 demme Herr Haller trostlich
931 3230 2541 3415 zugesprochen unnd ohnne mit
943 3317 2561 3534 eßig oder wyn angestrichen
950 3429 2635 3620 vnnd habe denselbigen mit hilff
925 3526 2621 3704 anderer persohnen vom ohrt da
936 3621 2529 3803 er zu Goden gefallen inn das
948 3733 2573 3917 wechter stübli tragen helffen
913 3820 2496 4000 allwo er alßbald verscheiden
909 3909 2587 4086 anders seye ihmme gezügen
922 3994 1931 4175 nicht in wießen.
1009 4261 2596 4492 Herr Amanuel Taller der
1172 4393 2119 4628 jünger zuget.
894 4632 2555 4848 aß nach dem er von ver¬
2412 4791 2463 4860 .
887 4765 2415 4985 wichnen 20 tag brachmonat
857 4841 2634 5060 Abends umb 6 Vhren ab der Schutz
861 4985 2514 5150 matten mehrmahlicher seiner
849 5019 2640 5283 gewohnheit nach die Kneuwbrigen
895 5120 2481 5342 dem schantz Graben nach uff
859 5227 2509 5464 dem veld- unnd von dargegegen
844 5329 2573 5523 dem oberen thor zu Spatzierend
846 5371 2543 5660 ggangen unnd er fur die ziegel
848 5472 2462 5729 atten wesen kommen, habe er glei
796 5561 2561 5826 Irn Frantz ludwig von Erlach¬
3044 1146 4764 1354 starck über die Brugg gegen dem
3046 1274 4779 1453 fahl brugg thür zu Ryffend gesechen.
3045 1370 4734 1509 Nach ey demselbigen habe er den
3037 1471 4739 1635 Peter streit unnd den abgelebten
3038 1553 4558 1720 Hanns Wenger angetroffen.
3042 1647 4695 1801 unnd mit denselbigen wort ge
4694 1670 4776 1799 .
3057 1728 4696 1896 wechßlet, die er gezug aber
3072 1824 4811 1990 nit verstehen können, vnnd nach
3030 1915 4796 2085 disem er getzung gesechen, daß der
4733 2068 4776 2117 .
3039 2004 4733 2189 Per den dägen gerickt unnd mit
3011 2099 4783 2286 großer fing unnd vollen streich
2992 2181 4756 2355 zwey oder frey mahlen Vnschen
3101 2281 4811 2448 wenger zugeschlagen, wenner sich
3074 2386 4682 2547 mit den ußgestreckten hendent
3051 2477 4773 2597 und dem darin gehaltenen stecken
3068 2560 4668 2721 oes sich gegen dem dagenstreich
3059 2649 4676 2815 gewehrt, daß er aber den gri
3084 2742 4695 2907 darmit geschlagen oder getroffen
3064 2865 4780 3003 habe er nicht gesechen, vnnd diß seye
3040 2933 4814 3127 bi oder uff der fahl brüggen beschichen.
3062 3057 4691 3193 allwo dem ern der Tagen vnß
3065 3111 4672 3274 der hand an boden gefallen. Alß
3072 3205 4732 3361 nun derselbige sich deß dägens
3047 3296 4696 3458 entblößt befinden, habe er sein
3071 3398 4704 3549 gesicht mit zornigen geberden uff
3072 3476 4774 3640 seine Pistolet gewendt, derselbigen
3052 3584 4678 3722 kin ergriffen empor gehalten
3082 3650 4652 3806 unnd als weniger verzwüschen
3061 3738 4659 3907 Vnd die andere sy khen kommen
3077 3826 4764 3985 inder deß Jre Pferdt durch der
3050 3910 4752 4082 lenen nachgehen wollen, habe der
3035 4011 4781 4177 Ir das Pferdt gegen dem Wenger
3072 4100 4704 4260 gewendt, sich gegen demselbigen
3071 4182 4791 4368 ind sich gebogen unnd ihm die Pistolen
3068 4282 4615 4450 mich uff die brust gehalten
3045 4371 4759 4540 vnnd vff denselbigen mit disem
3033 4468 4787 4658 wort (sa looß geschoßen, daruff
3073 4598 4749 4725 wänger abermahlen die hand und
3050 4662 4782 4842 Armen ob sich gestreckt und den
3054 4751 4739 4924 Kopf vmb etwas hinder sich ge¬
3070 4850 4701 5012 worffen, vnnd wie er an der
3050 4940 4788 5112 lenen sich haltend, noch etliche schrit
3047 5030 4791 5188 Vffrecht furers gangen, habe der
3040 5120 4735 5296 Ir demselbigen mit der hinder
2976 5205 4777 5378 fur dem der hand gehaltenen festolen
3064 5298 4760 5486 noch hart uff den kopf geschlagen
3032 5392 4735 5552 Worvon aber der abgelote sich
3046 5475 4702 5639 nit gebürkt, aber alßbald uff
4773 901 4879 1015 31.
