5472 7296
842 705 2666 1417 vestellen tag eine
1471 1041 1602 1174 18.
825 1007 2502 1549 sen der sein ein seige
820 1245 2626 1750 Eyhen, Catham, von der Stathalten h. Treibung legen
1419 1535 1951 1797 Gelrich. 36.
815 2259 2607 2768 Flogensi, Schland, v. Ertenbach, begen Mißhandlung
1327 2546 1689 2740 No. 162
788 2628 2533 3027 Distcher Burkhart H. Summel sohn, als Jenge. 21t
775 2833 2259 3160 Brütinger, Hand, wegen Ehebruch. 295
764 3632 2132 3922 Bander, Sammel, als Zeuge. 23.
725 4466 2391 4717 Haller, Ernannet, der jünger, als Zeuge. 20
703 4606 2442 4899 Hadorn, Anna, v. Erlebach, wegen Februch. 30.
676 5151 2572 5534 Inshoff dent, wegen nicht satisfaction s. Glückliger 16
653 5339 2306 5722 Jost, Verena, wegen 2. Ehebruch fühlen. 17
652 5612 1754 5912 alem Jenn v. Klenzenn.
2885 1180 4746 1436 Kramer, Susanna, wegen ihres 4. Ansucht fehlers 15
2866 1375 4488 1604 Kilian, Hand, v. Karburg, wegen Ehebruch. 17.
2867 1537 4095 1769 2. Kirch Adelbent, als jenge. 25.
2863 1700 4181 1952 Kupfer, Petermann, als Jenge. 27.
2849 1899 4631 2158 Klein term Erbeth und der Landschaft bschi, wegen
3298 2051 4107 2256 Ehebruchfählern. 29.
2849 2190 4621 2435 Kobi, Dent, v. Artenen sorgen Krandstchtung 15.
2833 2368 4742 2613 Korm, Anneli, wegen Mißhandlung ihres Kinder 50. 5.
2863 3065 4567 3325 Lang, Sicklund der Rauchschneider als jenge. 26.
2852 3249 4621 3496 Liecht, Immuel der geläßerknecht, als Jenge. 26
2859 3437 4646 3656 Kister Anna, und der kilchen yß, wegen Ehebruch. 31
3065 3592 4503 3829 Wilhelm, Ratt, begen Sodomiterer. 45.
2865 4338 4641 4607 Mullen, Dabi v. Rudentlÿl, lagen Substahl d. 1.
2840 4483 4388 4762 Moster. Jost, wegen Verdacht Ehebruch. 30
3110 4700 4330 4880 Andres Teufels beschworer. 32.
2845 4831 4538 5059 Meÿen, Jakob Pott, wegen Mißhandlung 60
2847 5369 4600 5607 Stichand, Jakob, der Oberthorbuchter, als Jenge. 22.
2827 5523 4256 5778 Syffenegger, Peter, wegen Ehebruch 61
