5472 7296
1104 816 2668 1288 venen ehr gelegen den
1055 971 2744 1423 Ir von Rhame abgelaßen, seyen
1077 1079 2623 1478 ohngefahr by 10 schritten für sy
1015 1182 2721 1596 usen gangen, da jungewischen der
2604 1390 2668 1468 .
1114 1314 2675 1661 weibel eyer von Bumpliken auch
1065 1386 2701 1773 hinzukommen, woruff der e
1040 1512 2692 1878 den tägen alßbald gezinkt und
993 1645 2633 1964 ddenselbigen dem enger by
1048 1726 2700 2063 Zweÿen oder dreyen malen vber¬
2614 1898 2682 1975 .
1027 1836 2665 2158 den kopf geschlagen. Woruff
1066 1950 2673 2257 wenger mit dem by sich gehabte
1055 2086 2618 2387 eines eingers dicken stackens
1027 2153 2598 2442 umb die streich uffzuhalten.
1034 2256 2668 2577 parirt, Inn demselbigen Pfächt
1064 2387 2657 2650 eye dem er der tägen uß der
1000 2487 2679 2759 hand an boden gefallen unnd seye
1034 2611 2685 2886 der schutz alß bald uff deswenger
1039 2694 2663 2952 lauß gangen, Vff wellichen Er¬
1007 2829 2639 3028 sich gegen der Lanen gewendt und
987 2915 2645 3167 sich an derselbigen habend gegen
1000 3012 2530 3214 ohmme gezügen gangen unnd
2523 3151 2632 3220 i
979 3112 2657 3337 gesprochen, Oftsals Petz muß ich
961 3221 2632 3437 Sterben mild darvber alß bald¬
986 3333 2637 3522 vor ihm für sich zu Goden gefallen
917 3437 2630 3615 von dannen er im das Wechter
959 3538 2675 3727 güßli getragen worden, und darinn
968 3642 2599 3822 gleich verscheiden seye. Anders
978 3742 2610 3929 seye ihnen nicht unwüßen.
1146 4042 2651 4245 Denricht eyer der weibel
1315 4169 2448 4385 von Bümpliken zugete
1370 4310 2125 4500 Ebenmäßig.
1091 4451 2647 4666 Laser uff gleichen Tag von
999 4562 2630 4791 Geschafften wegen Inn die Statt
2495 4717 2549 4763 .
944 4699 2504 4900 gangen unnd nach derselbigen
942 4770 2639 5025 verrichtung habe er neben anderen
912 4872 2631 5087 mehr inn mehren nenner Stürlers
885 4972 2631 5187 Këllers an der spittal gaßen, allwo
912 5062 2641 5297 streit unnd menger sich auch befunden,
867 5129 2637 5393 einen trunk genoßen nach verrichtin
885 5234 2631 5523 deßselbigen seyen sie mit einanderen uß
872 5336 2606 5589 stein keller, die send zwar die statt
878 5430 2543 5684 hinauff gegen dem oberen thor zu
2556 5547 2612 5605 1
811 5547 2565 5783 Er gezug aber die statt abgangen
902 5600 2638 5941 Wis broth zu kauffen, und so balder
2400 5767 2649 5909 das
3049 1161 4673 1376 das verrichtet, habe er sich ohne
4693 1244 4735 1336 .
3056 1291 4829 1477 lengers versaumnen, den strytt vnnd
3065 1402 4774 1558 wenger zur statt aus nach begeben
3060 1497 4835 1671 vnnd wie er gegen die beide Schant
3054 1593 4810 1773 thor zugangen, habe er den irn
3026 1697 4718 1863 Brantz ludwig uff dem Pferdt,
3073 1783 4808 1954 sitzend, by gesagtem Peter streit
3032 1878 4833 2053 unnd Hanns Wenger sel aller nechst
3060 1968 4826 2155 ferstahl bruggen gestehen, seye ihmme
3042 2070 4835 2248 alßbald zu sum gefallen, daß nichts
3048 2177 4822 2362 guts zwüschen ihnen abgeben werde.
2977 2284 4687 2457 Unnd nach deich er gezung er bey
3046 2380 4765 2550 kommen unnd gesechen laß der Ir
3069 2470 4813 2648 mechtig zornig, habe er denselbigen
3076 2570 4799 2689 darvon abgemahnt unnd Jhame
3075 2659 4830 2832 gebätten, er sölle sich nit allso hefftig
3060 2753 4716 2936 ab dhanne erzürnen dan der
3055 2859 4636 3024 s�ndel seye deßen nit wahrt,
3051 2946 4706 3118 unnd wohl gehört, daß sy deß
3064 3043 4726 3222 grichtschreibers gesetzsten stund
3067 3145 4825 3321 nit deß einen gsin unnd dieselbige
3070 3225 4751 3401 under ihnen, doch nit mit ruchen
3042 3323 4707 3481 worffen disputirt habind, gleich
3061 3406 4692 3556 darauff habe der Ir Vff den
3113 3493 4697 3661 tägen griffen und obwohl er
3083 3587 4735 3736 gegung understanden den von von
3098 3666 4780 3834 dem streich abzehalten, so seye es
3042 3756 4663 3923 aber wegen deßselbigen ge
3077 3846 4688 4020 schwindigkeit nit müglich gsin.
3050 3938 4687 4100 Maßen daß er denselbigen dem
3078 4019 4679 4181 wenger by zweyen oder dreyen
3070 4117 4706 4281 mahlen über den kopf geschlagen
3061 4220 4688 4373 von wellichem er gezug auch umb
3052 4289 4763 4449 etwas an einer und verleüt worden.
3037 4405 4788 4547 Ess habe aber der wenger sich auch
3081 4462 4736 4629 mit dem by sich gehabten stecken
3068 4542 4547 4708 unnd den henden so vil mügli
3072 4627 4709 4795 gewesen gegen dem sy deffendirt
3069 4718 4755 4899 unnd als wehrenden gerechts dem
3024 4818 4752 4972 iern der tagen uß der hand kommen,
3081 4896 4769 5052 unnd zu Goden gefallen, unwüssend
3056 4986 4556 5119 wie das eigentlich zugange
3048 5058 4779 5246 sein möchte, habe, der er sein pferdt
3036 5158 4700 5321 gegen der linggen sytten gewendt,
3049 5240 4753 5380 vnnd im aller erendung Ihne
3047 5325 4567 5484 gezogen, damit an ein sy ihr
3021 5403 4639 5578 gestoßen unnd seye alßbald
3056 5513 4677 5653 daruff der vngluckhafftige
3031 5566 4776 5751 schulz uff den weniger loß gangen
4761 890 4855 1030 20
