<?xml version="1.0" encoding="UTF-8" standalone="yes"?>
<PcGts xmlns="http://schema.primaresearch.org/PAGE/gts/pagecontent/2013-07-15" xmlns:xsi="http://www.w3.org/2001/XMLSchema-instance" xsi:schemaLocation="http://schema.primaresearch.org/PAGE/gts/pagecontent/2013-07-15 http://schema.primaresearch.org/PAGE/gts/pagecontent/2013-07-15/pagecontent.xsd">
    <Metadata>
        <Creator>prov=University of Rostock/Institute of Mathematics/CITlab|PLANET AI GmbH/Gundram Leifert/gundram.leifert@planet-ai.de:name=German_Kurrent_XVI-XVIII_M1(htr_id=19584)::::v=2.6.6
prov=University of Rostock/Institute of Mathematics/CITlab|PLANET AI GmbH/Tobias Gruening/tobias.gruening@planet-ai.de:name=de.uros.citlab.module.baseline2polygon.B2PSeamMultiOriented:v=2.6.6
prov=University of Rostock/Institute of Mathematics/CITlab|PLANET AI GmbH/Tobias Gruening/tobias.gruening@planet-ai.de:name=/net_tf/LA73_249_0mod360.pb:de.uros.citlab.segmentation.CITlab_LA_ML:v=2.6.6
Transkribus</Creator>
        <Created>2020-10-05T12:19:01.957+02:00</Created>
        <LastChange>2022-09-12T14:52:38.415+02:00</LastChange>
        <TranskribusMetadata docId="1334835" pageId="52361496" pageNr="54" tsid="114643277" status="IN_PROGRESS" userId="9570" imgUrl="https://files.transkribus.eu/Get?id=VIKWPXHWCCIUKKCUEFQSFTZC&amp;fileType=view" xmlUrl="https://files.transkribus.eu/Get?id=JVVJMOKWYOXRVZHCBWCSMZAN" imageId="16047833"/>
    </Metadata>
    <Page imageFilename="Turmbuch_StAB B IX 480_00054-20200925_094933.jpg" imageWidth="5472" imageHeight="7296">
        <ReadingOrder>
            <OrderedGroup id="ro_1687513704543" caption="Regions reading order">
                <RegionRefIndexed index="0" regionRef="r1"/>
                <RegionRefIndexed index="1" regionRef="r2"/>
                <RegionRefIndexed index="2" regionRef="r3"/>
                <RegionRefIndexed index="3" regionRef="r4"/>
            </OrderedGroup>
        </ReadingOrder>
        <TextRegion orientation="0.0" id="r1" custom="readingOrder {index:0;}">
            <Coords points="756,855 756,5810 2616,5810 2616,855"/>
            <TextLine id="r1l1" custom="readingOrder {index:0;}">
                <Coords points="916,919 1188,1058 1297,998 1381,1061 1613,1036 2336,1201 2616,1339 2633,1261 2449,1105 2215,1130 1866,925 1140,844 961,720"/>
                <Baseline points="930,910 1014,926 1098,940 1182,955 1266,970 1350,985 1434,1002 1518,1017 1602,1034 1686,1051 1771,1069 1855,1089 1939,1107 2023,1127 2107,1147 2191,1170 2275,1193 2359,1218 2443,1243 2527,1269 2612,1298"/>
                <TextEquiv>
                    <Unicode>de sichent der nachten</Unicode>
                </TextEquiv>
            </TextLine>
            <TextLine id="r1l2" custom="readingOrder {index:1;}">
                <Coords points="921,1085 1338,1127 1452,1238 1604,1187 1763,1293 1990,1257 2211,1344 2387,1335 2586,1475 2612,1350 2323,1200 1972,1132 1849,1174 1702,1068 1380,1060 1325,1001 1189,1061 1078,960 947,961"/>
                <Baseline points="940,1050 1022,1065 1104,1079 1187,1095 1269,1110 1352,1125 1434,1139 1516,1155 1599,1171 1681,1188 1764,1203 1846,1221 1928,1239 2011,1258 2093,1276 2176,1296 2258,1317 2340,1338 2423,1361 2505,1385 2588,1410"/>
                <TextEquiv>
                    <Unicode>de der gegen den werden</Unicode>
                </TextEquiv>
            </TextLine>
            <TextLine id="r1l3" custom="readingOrder {index:2;}">
                <Coords points="909,1171 1232,1274 1378,1253 1497,1351 1589,1323 1898,1426 1981,1394 2441,1487 2606,1587 2627,1489 2490,1462 2397,1340 2114,1362 1992,1257 1763,1293 1604,1187 1453,1241 1250,1112 1054,1157 926,1091"/>
                <Baseline points="918,1180 1002,1193 1086,1209 1170,1222 1255,1237 1339,1251 1423,1267 1508,1283 1592,1299 1676,1314 1761,1332 1845,1349 1929,1366 2013,1386 2098,1405 2182,1426 2266,1448 2351,1469 2435,1492 2519,1518 2604,1542"/>
                <TextEquiv>
                    <Unicode>vnd der gesten anden</Unicode>
                </TextEquiv>
            </TextLine>
            <TextLine id="r1l4" custom="readingOrder {index:3;}">
                <Coords points="898,1392 1050,1339 1166,1441 1456,1416 1630,1516 1753,1456 1881,1556 2292,1569 2503,1697 2603,1672 2616,1608 2301,1464 2161,1504 2078,1418 1914,1449 1669,1349 1535,1372 1380,1253 1244,1296 939,1182"/>
                <Baseline points="924,1312 1007,1326 1091,1340 1174,1354 1258,1369 1341,1383 1425,1396 1508,1410 1592,1424 1675,1439 1759,1454 1842,1469 1926,1486 2009,1503 2093,1522 2176,1541 2260,1560 2343,1581 2427,1603 2510,1629 2594,1656"/>
                <TextEquiv>
                    <Unicode>fleisterschen den einen</Unicode>
                </TextEquiv>
            </TextLine>
            <TextLine id="r1l5" custom="readingOrder {index:4;}">
                <Coords points="942,1485 1068,1557 1248,1524 1463,1609 1727,1612 2193,1770 2316,1707 2443,1806 2613,1789 2622,1742 2306,1573 2216,1610 2077,1539 1859,1561 1754,1457 1627,1515 1316,1407 1193,1472 966,1362"/>
                <Baseline points="960,1452 1042,1469 1124,1484 1206,1499 1288,1513 1370,1527 1452,1540 1534,1554 1616,1566 1698,1579 1781,1595 1863,1607 1945,1623 2027,1638 2109,1656 2191,1673 2273,1692 2355,1712 2437,1733 2519,1757 2602,1784"/>
                <TextEquiv>
                    <Unicode>tag, alß sy die gezügig uß ihre</Unicode>
                </TextEquiv>
            </TextLine>
            <TextLine id="r1l6" custom="readingOrder {index:5;}">
                <Coords points="917,1650 1170,1619 1283,1737 1475,1682 1643,1780 2263,1818 2589,1959 2612,1833 2432,1819 2318,1708 2211,1770 2095,1711 1982,1735 1727,1612 1307,1605 947,1484"/>
                <Baseline points="940,1586 1022,1600 1104,1615 1187,1628 1269,1641 1352,1656 1434,1669 1516,1683 1599,1696 1681,1709 1764,1723 1846,1738 1928,1753 2011,1767 2093,1784 2176,1801 2258,1818 2340,1836 2423,1855 2505,1875 2588,1896"/>
                <TextEquiv>
                    <Unicode>gemach die stegen hinunder gangen</Unicode>
                </TextEquiv>
            </TextLine>
            <TextLine id="r1l7" custom="readingOrder {index:6;}">
                <Coords points="890,1797 952,1765 1277,1851 1392,1812 1683,1951 1867,1885 2310,2023 2518,1993 2618,2042 2629,1977 2264,1819 2075,1847 1733,1753 1651,1791 1447,1696 1282,1737 1173,1637 911,1664"/>
                <Baseline points="912,1728 997,1741 1082,1756 1167,1768 1252,1781 1337,1793 1422,1805 1507,1817 1592,1828 1677,1839 1762,1852 1847,1863 1932,1876 2017,1890 2102,1905 2187,1920 2272,1936 2357,1954 2442,1974 2527,1994 2612,2016"/>
                <TextEquiv>
                    <Unicode>gesechen, daß sy das kind innder</Unicode>
                </TextEquiv>
            </TextLine>
            <TextLine id="r1l8" custom="readingOrder {index:7;} person {offset:0; length:6;}">
                <Coords points="909,1899 1092,1967 1153,1930 1290,2011 1619,1965 1892,2096 2135,2056 2603,2145 2611,2090 2411,1994 2011,1976 1853,1892 1634,1931 1403,1825 1305,1882 930,1759"/>
                <Baseline points="924,1866 1007,1881 1090,1893 1174,1907 1257,1918 1341,1929 1424,1940 1507,1951 1591,1960 1674,1971 1758,1982 1841,1991 1924,2004 2008,2016 2091,2029 2175,2043 2258,2059 2341,2075 2425,2095 2508,2116 2592,2138"/>
                <TextEquiv>
                    <Unicode>Kuchin inn die wieglen gelegt</Unicode>
                </TextEquiv>
            </TextLine>
            <TextLine id="r1l9" custom="readingOrder {index:8;}">
                <Coords points="904,2054 1143,2023 1212,2098 1338,2045 1487,2155 1890,2156 1993,2220 2064,2175 2157,2243 2289,2193 2552,2330 2618,2321 2634,2213 2443,2166 2383,2092 2135,2057 1930,2105 1684,2040 1617,1965 1297,2012 928,1889"/>
                <Baseline points="924,1992 1008,2004 1093,2017 1177,2029 1262,2041 1347,2053 1431,2064 1516,2075 1600,2086 1685,2098 1770,2109 1854,2121 1939,2133 2023,2146 2108,2160 2193,2174 2277,2190 2362,2205 2446,2222 2531,2240 2616,2258"/>
                <TextEquiv>
                    <Unicode>selbiges vnder einen Schafft gestoß</Unicode>
                </TextEquiv>
            </TextLine>
            <TextLine id="r1l10" custom="readingOrder {index:9;}">
                <Coords points="893,2147 1076,2153 1206,2243 1421,2182 2083,2282 2328,2390 2420,2340 2578,2359 2587,2296 2382,2231 2182,2252 2059,2173 1996,2218 1665,2131 1473,2155 1344,2045 1210,2098 1081,2016 906,2054"/>
                <Baseline points="908,2130 991,2137 1074,2146 1157,2155 1240,2163 1323,2172 1406,2182 1489,2193 1572,2202 1655,2213 1738,2225 1821,2236 1904,2247 1987,2260 2070,2272 2153,2286 2236,2300 2319,2314 2402,2328 2485,2343 2568,2358"/>
                <TextEquiv>
                    <Unicode>vnnd inn allein vnderen stoßen</Unicode>
                </TextEquiv>
            </TextLine>
            <TextLine id="r1l11" custom="readingOrder {index:10;}">
                <Coords points="862,2271 1367,2303 1502,2404 1649,2341 2587,2478 2467,2346 2326,2394 2105,2362 1936,2266 1844,2324 1621,2214 1371,2179 1177,2250 878,2140"/>
                <Baseline points="876,2252 961,2260 1046,2270 1131,2279 1216,2289 1301,2297 1386,2306 1471,2315 1556,2324 1641,2335 1726,2344 1811,2354 1896,2365 1981,2375 2066,2386 2151,2398 2236,2409 2321,2422 2406,2435 2491,2449 2576,2462"/>
                <TextEquiv>
                    <Unicode>dem kind zwen streich mit der</Unicode>
                </TextEquiv>
            </TextLine>
            <TextLine id="r1l12" custom="readingOrder {index:11;}">
                <Coords points="898,2412 1489,2434 1646,2461 1722,2543 1796,2496 2118,2567 2244,2521 2474,2591 2593,2592 2604,2497 2010,2378 1875,2425 1648,2340 1507,2413 1291,2300 914,2271"/>
                <Baseline points="912,2382 995,2393 1079,2403 1162,2412 1246,2422 1330,2431 1413,2440 1497,2449 1580,2455 1664,2464 1748,2473 1831,2481 1915,2490 1998,2499 2082,2508 2166,2519 2249,2529 2333,2542 2416,2554 2500,2567 2584,2582"/>
                <TextEquiv>
                    <Unicode>hand vff das hertzli geben, vnnd</Unicode>
                </TextEquiv>
            </TextLine>
            <TextLine id="r1l13" custom="readingOrder {index:12;}">
                <Coords points="851,2587 1139,2530 1354,2637 1474,2566 1803,2618 1891,2686 2194,2724 2386,2668 2601,2731 2613,2622 2244,2523 2122,2567 2032,2513 1713,2540 1640,2458 1548,2496 1486,2436 1406,2478 871,2409"/>
                <Baseline points="872,2506 958,2515 1044,2524 1130,2533 1216,2542 1302,2552 1388,2558 1474,2568 1560,2576 1646,2584 1732,2594 1818,2602 1904,2612 1990,2620 2076,2632 2162,2642 2248,2654 2334,2666 2420,2680 2506,2693 2592,2708"/>
                <TextEquiv>
                    <Unicode>ihres behalten darzu gesagt: So</Unicode>
                </TextEquiv>
            </TextLine>
            <TextLine id="r1l14" custom="readingOrder {index:13;}">
                <Coords points="883,2678 1974,2734 2159,2839 2440,2805 2555,2907 2603,2903 2621,2742 2427,2687 2342,2733 2279,2666 2194,2723 1871,2691 1763,2610 1424,2583 1357,2638 1203,2557 894,2576"/>
                <Baseline points="900,2636 985,2644 1070,2652 1155,2661 1240,2669 1325,2676 1410,2683 1495,2692 1580,2698 1665,2707 1750,2714 1835,2724 1920,2733 2005,2742 2090,2752 2175,2763 2260,2774 2345,2787 2430,2800 2515,2815 2600,2830"/>
                <TextEquiv>
                    <Unicode>Da hest eins zu, welcher worten</Unicode>
                </TextEquiv>
            </TextLine>
            <TextLine id="r1l15" custom="readingOrder {index:14;}">
                <Coords points="872,2832 1228,2805 1371,2892 1445,2839 1512,2898 1719,2841 1862,2948 2197,2961 2331,2897 2433,2978 2561,2955 2572,2840 2295,2791 2151,2840 2078,2764 886,2673"/>
                <Baseline points="888,2772 971,2780 1054,2788 1137,2796 1220,2803 1304,2808 1387,2816 1470,2823 1553,2828 1636,2834 1720,2841 1803,2849 1886,2855 1969,2862 2052,2871 2136,2880 2219,2890 2302,2900 2385,2912 2468,2923 2552,2936"/>
                <TextEquiv>
                    <Unicode>halber sy jedoch so eigentlich</Unicode>
                </TextEquiv>
            </TextLine>
            <TextLine id="r1l16" custom="readingOrder {index:15;}">
                <Coords points="899,2942 1031,2970 1099,2924 1340,3021 1555,2961 1691,3037 1787,2973 2414,3064 2560,3011 2326,2898 2203,2961 1861,2948 1670,2850 1516,2897 1442,2839 1377,2894 903,2883"/>
                <Baseline points="912,2914 993,2921 1075,2927 1157,2934 1238,2940 1320,2945 1402,2950 1483,2954 1565,2960 1647,2964 1729,2969 1810,2974 1892,2979 1974,2985 2055,2991 2137,2997 2219,3004 2300,3011 2382,3019 2464,3029 2546,3040"/>
                <TextEquiv>
                    <Unicode>sich nit zu versinnen wüße.</Unicode>
                </TextEquiv>
            </TextLine>
            <TextLine id="r1l17" custom="readingOrder {index:16;}">
                <Coords points="876,3053 1325,3124 1455,3093 1563,3161 1701,3089 1911,3094 1978,3160 2235,3202 2559,3166 2565,3063 1799,2985 1693,3038 1476,2964 1341,3020 1100,2927 982,3023 879,2996"/>
                <Baseline points="888,3038 971,3044 1054,3050 1137,3054 1220,3059 1303,3064 1386,3070 1469,3076 1552,3080 1635,3084 1719,3088 1802,3094 1885,3098 1968,3103 2051,3106 2134,3112 2217,3116 2300,3120 2383,3126 2466,3131 2550,3136"/>
                <TextEquiv>
                    <Unicode>Drüberhin sy die gezügig alß</Unicode>
                </TextEquiv>
            </TextLine>
            <TextLine id="r1l18" custom="readingOrder {index:17;}">
                <Coords points="857,3247 1012,3152 1159,3226 1318,3189 1535,3271 1753,3209 2035,3265 2534,3259 2537,3197 2412,3148 2277,3209 1935,3116 1570,3163 1482,3108 1368,3144 1294,3092 866,3076"/>
                <Baseline points="872,3168 954,3170 1037,3173 1119,3175 1202,3178 1285,3182 1367,3187 1450,3190 1532,3196 1615,3200 1698,3205 1780,3210 1863,3214 1945,3220 2028,3224 2111,3228 2193,3233 2276,3236 2358,3240 2441,3244 2524,3248"/>
                <TextEquiv>
                    <Unicode>sy diß gesechen widerumb die</Unicode>
                </TextEquiv>
            </TextLine>
            <TextLine id="r1l19" custom="readingOrder {index:18;}">
                <Coords points="883,3307 1131,3369 1229,3314 1552,3324 1802,3403 1934,3341 2459,3376 2491,3282 1966,3235 1606,3294 1319,3188 1204,3263 1024,3156 887,3212"/>
                <Baseline points="896,3284 975,3288 1054,3292 1133,3297 1212,3302 1291,3306 1370,3311 1449,3314 1528,3319 1607,3323 1686,3326 1765,3331 1844,3334 1923,3337 2002,3340 2081,3342 2160,3346 2239,3348 2318,3350 2397,3350 2476,3352"/>
                <TextEquiv>
                    <Unicode>stägen hinauff geloffen unnd</Unicode>
                </TextEquiv>
            </TextLine>
            <TextLine id="r1l20" custom="readingOrder {index:19;}">
                <Coords points="849,3479 1049,3420 1313,3426 1397,3500 1523,3434 1657,3501 1857,3456 1986,3534 2216,3458 2547,3514 2592,3395 2173,3409 1904,3344 1799,3404 1381,3333 853,3370"/>
                <Baseline points="862,3406 947,3408 1033,3412 1119,3415 1205,3418 1291,3422 1376,3426 1462,3430 1548,3434 1634,3438 1720,3442 1805,3446 1891,3449 1977,3452 2063,3456 2149,3458 2234,3460 2320,3462 2406,3464 2492,3464 2578,3464"/>
                <TextEquiv>
                    <Unicode>ihrer tochter geklagt, wie doch</Unicode>
                </TextEquiv>
            </TextLine>
            <TextLine id="r1l21" custom="readingOrder {index:20;} person {offset:4; length:6;}">
                <Coords points="875,3563 1434,3551 1616,3605 1709,3567 1793,3636 2234,3575 2451,3639 2529,3614 2534,3469 2279,3474 2131,3544 1956,3530 1865,3454 1396,3500 1217,3428 1080,3499 964,3422 878,3486"/>
                <Baseline points="888,3528 969,3532 1051,3536 1132,3540 1214,3542 1295,3546 1377,3548 1458,3550 1540,3553 1621,3556 1703,3558 1784,3561 1866,3564 1947,3566 2029,3568 2110,3570 2192,3573 2273,3576 2355,3578 2436,3581 2518,3584"/>
                <TextEquiv>
                    <Unicode>die Anneli mit ihrem kind, so</Unicode>
                </TextEquiv>
            </TextLine>
            <TextLine id="r1l22" custom="readingOrder {index:21;}">
                <Coords points="847,3730 1079,3667 1544,3731 1773,3675 2026,3754 2210,3688 2317,3770 2423,3725 2426,3620 1941,3592 1804,3635 1675,3572 1442,3605 1380,3549 1213,3582 1098,3540 851,3600"/>
                <Baseline points="860,3654 937,3656 1015,3656 1092,3656 1170,3658 1248,3658 1325,3660 1403,3662 1480,3663 1558,3664 1636,3666 1713,3668 1791,3670 1868,3672 1946,3674 2024,3678 2101,3680 2179,3682 2256,3686 2334,3690 2412,3694"/>
                <TextEquiv>
                    <Unicode>schnöd und unbarmhertzig</Unicode>
                </TextEquiv>
            </TextLine>
            <TextLine id="r1l23" custom="readingOrder {index:22;}">
                <Coords points="2424,3722 2435,3721 2441,3713 2446,3717 2453,3715 2458,3719 2469,3718 2463,3656 2452,3657 2446,3665 2441,3665 2439,3668 2432,3662 2418,3663"/>
                <Baseline points="2432,3696 2456,3694"/>
                <TextEquiv>
                    <Unicode>.</Unicode>
                </TextEquiv>
            </TextLine>
            <TextLine id="r1l24" custom="readingOrder {index:23;}">
                <Coords points="818,3786 1085,3851 1451,3786 1725,3851 1924,3800 2009,3861 2076,3806 2492,3840 2495,3733 2415,3706 2300,3770 2147,3689 2011,3768 1781,3690 1611,3739 1246,3692 1160,3738 1052,3684 819,3724"/>
                <Baseline points="830,3774 912,3774 995,3776 1077,3776 1160,3776 1243,3776 1325,3778 1408,3778 1490,3780 1573,3780 1656,3782 1738,3784 1821,3786 1903,3788 1986,3790 2069,3794 2151,3796 2234,3800 2316,3804 2399,3808 2482,3812"/>
                <TextEquiv>
                    <Unicode>eingehe, welche Ihre hieruff</Unicode>
                </TextEquiv>
            </TextLine>
            <TextLine id="r1l25" custom="readingOrder {index:24;}">
                <Coords points="831,3968 904,3925 1070,3987 1157,3928 1432,3963 1542,3900 1685,3955 1837,3908 1976,3981 2111,3915 2584,3922 2584,3842 2361,3818 2086,3811 2011,3863 1383,3797 1134,3858 984,3805 832,3838"/>
                <Baseline points="842,3906 928,3904 1015,3902 1101,3901 1188,3900 1274,3900 1361,3900 1447,3900 1534,3900 1620,3900 1707,3900 1793,3900 1880,3902 1966,3902 2053,3904 2139,3904 2226,3906 2312,3906 2399,3906 2485,3908 2572,3908"/>
                <TextEquiv>
                    <Unicode>gesagt, daß diß nichts eines</Unicode>
                </TextEquiv>
            </TextLine>
            <TextLine id="r1l26" custom="readingOrder {index:25;}">
                <Coords points="828,4043 1165,4016 1294,4100 1397,4019 1659,4085 1957,4024 2048,4083 2524,4013 2387,3919 1980,3983 1782,3905 1670,3978 1506,3914 1401,3966 1158,3930 1071,3989 901,3929 828,3975"/>
                <Baseline points="840,4022 923,4020 1007,4018 1090,4018 1174,4016 1258,4016 1341,4014 1425,4014 1508,4014 1592,4014 1676,4014 1759,4014 1843,4016 1926,4016 2010,4016 2094,4017 2177,4018 2261,4018 2344,4020 2428,4020 2512,4020"/>
                <TextEquiv>
                    <Unicode>dan dieselbige schon mehrmahlen</Unicode>
                </TextEquiv>
            </TextLine>
            <TextLine id="r1l27" custom="readingOrder {index:26;}">
                <Coords points="830,4157 990,4215 1189,4139 1356,4135 1454,4200 1549,4140 1993,4128 2103,4198 2209,4138 2346,4191 2414,4139 2537,4170 2536,4010 2320,4091 2152,4036 2045,4096 1956,4024 1660,4085 1398,4019 1294,4101 1061,4042 829,4098"/>
                <Baseline points="840,4136 924,4134 1008,4132 1092,4130 1177,4129 1261,4128 1345,4126 1430,4126 1514,4124 1598,4124 1683,4124 1767,4122 1851,4122 1935,4122 2020,4122 2104,4122 2188,4122 2273,4122 2357,4122 2441,4122 2526,4122"/>
                <TextEquiv>
                    <Unicode>allso mit ihmme umbgangen</Unicode>
                </TextEquiv>
            </TextLine>
            <TextLine id="r1l28" custom="readingOrder {index:27;}">
                <Coords points="843,4308 1118,4245 1342,4305 1573,4233 1813,4312 1976,4243 2539,4267 2537,4171 2441,4143 2362,4197 2209,4140 2085,4201 1959,4148 1549,4140 1443,4206 1357,4137 992,4215 841,4165"/>
                <Baseline points="854,4258 937,4254 1021,4249 1104,4245 1188,4242 1272,4238 1355,4237 1439,4236 1522,4234 1606,4234 1690,4234 1773,4234 1857,4232 1940,4232 2024,4232 2108,4232 2191,4230 2275,4230 2358,4228 2442,4226 2526,4222"/>
                <TextEquiv>
                    <Unicode>seye, unnd als sy am montag</Unicode>
                </TextEquiv>
            </TextLine>
            <TextLine id="r1l29" custom="readingOrder {index:28;}">
                <Coords points="838,4406 1894,4340 2109,4402 2517,4338 2541,4267 2083,4243 1991,4306 1809,4312 1575,4233 1419,4314 895,4277 837,4322"/>
                <Baseline points="850,4366 934,4363 1018,4358 1102,4356 1186,4354 1270,4351 1354,4350 1438,4348 1522,4346 1606,4346 1690,4344 1774,4343 1858,4342 1942,4340 2026,4340 2110,4338 2194,4336 2278,4332 2362,4329 2446,4326 2530,4322"/>
                <TextEquiv>
                    <Unicode>Morgens widerumb ohngefahr</Unicode>
                </TextEquiv>
            </TextLine>
            <TextLine id="r1l30" custom="readingOrder {index:29;}">
                <Coords points="826,4550 1021,4515 1086,4562 1259,4484 1445,4522 1525,4471 1645,4528 1748,4462 1955,4517 2045,4450 2364,4487 2523,4430 2519,4335 2449,4333 2114,4402 1861,4341 1477,4432 1326,4354 1135,4350 999,4431 821,4418"/>
                <Baseline points="836,4496 919,4490 1003,4484 1087,4479 1170,4474 1254,4472 1338,4468 1421,4465 1505,4462 1589,4460 1673,4456 1756,4454 1840,4451 1924,4448 2007,4445 2091,4442 2175,4438 2258,4434 2342,4428 2426,4424 2510,4416"/>
                <TextEquiv>
                    <Unicode>darzu kommen, da sy das kind</Unicode>
                </TextEquiv>
            </TextLine>
            <TextLine id="r1l31" custom="readingOrder {index:30;}">
                <Coords points="794,4683 961,4609 1165,4663 1269,4583 1341,4631 1931,4545 2293,4587 2559,4522 2555,4463 2444,4431 2388,4487 2046,4449 1956,4518 1722,4462 1637,4527 1566,4483 1472,4541 1366,4493 787,4563"/>
                <Baseline points="802,4630 889,4620 976,4612 1063,4603 1150,4596 1238,4589 1325,4584 1412,4577 1499,4572 1586,4567 1674,4562 1761,4559 1848,4555 1935,4550 2022,4546 2110,4541 2197,4536 2284,4531 2371,4525 2458,4518 2546,4510"/>
                <TextEquiv>
                    <Unicode>vffgehaben, vnnd dasselbige Inn</Unicode>
                </TextEquiv>
            </TextLine>
            <TextLine id="r1l32" custom="readingOrder {index:31;}">
                <Coords points="804,4751 1083,4766 1199,4718 1353,4775 1566,4725 1632,4762 2027,4656 2338,4701 2441,4678 2434,4558 2343,4605 2128,4545 1705,4648 1501,4585 1304,4655 1055,4679 942,4626 799,4676"/>
                <Baseline points="814,4736 894,4731 975,4726 1056,4719 1136,4714 1217,4708 1298,4702 1378,4697 1459,4692 1540,4686 1621,4680 1701,4676 1782,4670 1863,4667 1943,4662 2024,4658 2105,4654 2185,4650 2266,4646 2347,4643 2428,4640"/>
                <TextEquiv>
                    <Unicode>allein vffheben mit allerley¬</Unicode>
                </TextEquiv>
            </TextLine>
            <TextLine id="r1l33" custom="readingOrder {index:32;}">
                <Coords points="783,4925 925,4843 1127,4890 1468,4803 1576,4848 2081,4794 2172,4842 2300,4753 2547,4728 2537,4632 2339,4700 2244,4654 2138,4728 2052,4682 1913,4743 1145,4790 915,4732 773,4791"/>
                <Baseline points="790,4868 877,4857 964,4848 1051,4840 1139,4830 1226,4822 1313,4815 1401,4808 1488,4801 1575,4795 1663,4789 1750,4783 1837,4777 1924,4771 2012,4766 2099,4761 2186,4755 2274,4749 2361,4743 2448,4739 2536,4732"/>
                <TextEquiv>
                    <Unicode>heßlichen nammen wie vorgemelt</Unicode>
                </TextEquiv>
            </TextLine>
            <TextLine id="r1l34" custom="readingOrder {index:33;}">
                <Coords points="813,5011 956,4965 1080,5013 1276,4921 1555,4984 1776,4890 1942,4937 2017,4878 2251,4914 2427,4863 2497,4913 2575,4858 2569,4777 2432,4753 2138,4841 1782,4792 1536,4862 1357,4817 1128,4890 1002,4834 804,4900"/>
                <Baseline points="822,4988 909,4977 996,4966 1083,4955 1170,4945 1257,4937 1344,4928 1431,4920 1518,4914 1605,4906 1692,4900 1779,4893 1866,4888 1953,4882 2040,4876 2127,4870 2214,4865 2301,4859 2388,4853 2475,4847 2562,4842"/>
                <TextEquiv>
                    <Unicode>belegt, habe sy die gezügen selbigen</Unicode>
                </TextEquiv>
            </TextLine>
            <TextLine id="r1l35" custom="readingOrder {index:34;}">
                <Coords points="810,5128 921,5167 1078,5080 1251,5130 1433,5034 1939,5074 2078,4991 2193,5031 2550,4981 2542,4885 2210,4929 2137,4881 2045,4953 1893,4915 1548,4988 1272,4922 897,5048 801,5019"/>
                <Baseline points="820,5096 905,5087 991,5078 1077,5070 1163,5061 1249,5052 1334,5044 1420,5036 1506,5029 1592,5021 1678,5013 1763,5006 1849,4998 1935,4992 2021,4986 2107,4979 2192,4973 2278,4968 2364,4961 2450,4956 2536,4952"/>
                <TextEquiv>
                    <Unicode>beschallten, warumb sy doch so grob</Unicode>
                </TextEquiv>
            </TextLine>
            <TextLine id="r1l36" custom="readingOrder {index:35;}">
                <Coords points="758,5241 1017,5193 1213,5232 1359,5160 1601,5208 1802,5108 2447,5131 2535,5099 2527,5011 2314,4981 2206,5049 1799,5031 1566,5102 1415,5050 1283,5133 1055,5089 935,5172 749,5148"/>
                <Baseline points="768,5224 855,5213 943,5201 1030,5191 1118,5182 1205,5171 1293,5163 1380,5154 1468,5146 1555,5138 1643,5129 1730,5123 1818,5115 1905,5106 1993,5100 2080,5090 2168,5082 2255,5074 2343,5066 2430,5057 2518,5046"/>
                <TextEquiv>
                    <Unicode>unnd unbarmhertzig mit ihrem</Unicode>
                </TextEquiv>
            </TextLine>
            <TextLine id="r1l37" custom="readingOrder {index:36;}">
                <Coords points="747,5371 2514,5154 2499,5050 2242,5151 1809,5107 1586,5209 1344,5170 1226,5242 1019,5193 812,5266 733,5233"/>
                <Baseline points="756,5340 843,5328 930,5316 1017,5306 1105,5296 1192,5286 1279,5277 1367,5268 1454,5259 1541,5250 1629,5243 1716,5233 1803,5225 1890,5216 1978,5207 2065,5197 2152,5188 2240,5179 2327,5168 2414,5157 2502,5146"/>
                <TextEquiv>
                    <Unicode>Kind vmbgehe, sy werde es auc</Unicode>
                </TextEquiv>
            </TextLine>
            <TextLine id="r1l38" custom="readingOrder {index:37;} person {offset:17; length:4;}">
                <Coords points="769,5503 885,5430 1020,5496 1166,5408 1435,5436 1531,5372 2291,5325 2406,5268 2502,5331 2582,5290 2568,5159 755,5372"/>
                <Baseline points="774,5446 863,5436 953,5426 1042,5414 1132,5404 1222,5394 1311,5383 1401,5373 1490,5361 1580,5351 1670,5342 1759,5331 1849,5321 1938,5312 2028,5302 2118,5293 2207,5284 2297,5275 2386,5266 2476,5258 2566,5250"/>
                <TextEquiv>
                    <Unicode>jüngsten tag vor Gott versprechen</Unicode>
                </TextEquiv>
            </TextLine>
            <TextLine id="r1l39" custom="readingOrder {index:38;}">
                <Coords points="799,5593 1532,5471 1611,5520 2045,5405 2497,5394 2475,5259 2211,5361 2127,5304 2007,5373 1803,5339 1651,5412 1223,5452 1149,5410 1024,5496 786,5482"/>
                <Baseline points="806,5550 889,5543 973,5535 1057,5527 1141,5518 1225,5508 1308,5499 1392,5489 1476,5478 1560,5467 1644,5457 1727,5447 1811,5437 1895,5426 1979,5416 2063,5406 2146,5398 2230,5389 2314,5381 2398,5374 2482,5368"/>
                <TextEquiv>
                    <Unicode>mußen, welche Ihre daruff</Unicode>
                </TextEquiv>
            </TextLine>
            <TextLine id="r1l40" custom="readingOrder {index:39;}">
                <Coords points="765,5720 1550,5577 1625,5623 1993,5593 2526,5475 2518,5414 2290,5383 2184,5452 2040,5405 1636,5530 1321,5505 1238,5580 1120,5530 1026,5588 748,5586"/>
                <Baseline points="770,5674 857,5665 944,5657 1031,5646 1118,5637 1206,5626 1293,5615 1380,5604 1467,5592 1554,5580 1642,5569 1729,5557 1816,5546 1903,5534 1990,5524 2078,5511 2165,5502 2252,5491 2339,5481 2426,5473 2514,5464"/>
                <TextEquiv>
                    <Unicode>zur antwort geben. Es gescheche</Unicode>
                </TextEquiv>
            </TextLine>
            <TextLine id="r1l41" custom="readingOrder {index:40;}">
                <Coords points="798,5841 1465,5706 1773,5724 1840,5646 1996,5692 2252,5600 2372,5655 2500,5546 2480,5454 2305,5554 1719,5582 1517,5651 1342,5614 1121,5711 780,5706"/>
                <Baseline points="802,5784 886,5775 970,5765 1055,5755 1139,5744 1224,5734 1308,5722 1392,5711 1477,5700 1561,5689 1646,5677 1730,5665 1814,5653 1899,5641 1983,5629 2068,5618 2152,5606 2236,5595 2321,5584 2405,5574 2490,5562"/>
                <TextEquiv>
                    <Unicode>ihrem kind raht genug, wan sy</Unicode>
                </TextEquiv>
            </TextLine>
            <TextLine id="r1l42" custom="readingOrder {index:41;}">
                <Coords points="2317,5776 2335,5775 2352,5762 2401,5768 2471,5743 2488,5753 2499,5747 2511,5753 2524,5742 2542,5745 2536,5677 2518,5681 2478,5667 2463,5680 2433,5657 2405,5676 2371,5680 2354,5670 2333,5688 2309,5695"/>
                <Baseline points="2326,5754 2351,5752 2377,5749 2402,5746 2428,5744 2453,5741 2479,5739 2504,5737 2530,5734"/>
                <TextEquiv>
                    <Unicode>aber</Unicode>
                </TextEquiv>
            </TextLine>
            <TextEquiv>
                <Unicode>de sichent der nachten
de der gegen den werden
vnd der gesten anden
fleisterschen den einen
tag, alß sy die gezügig uß ihre
gemach die stegen hinunder gangen
gesechen, daß sy das kind innder
Kuchin inn die wieglen gelegt
selbiges vnder einen Schafft gestoß
vnnd inn allein vnderen stoßen
dem kind zwen streich mit der
hand vff das hertzli geben, vnnd
ihres behalten darzu gesagt: So
Da hest eins zu, welcher worten
halber sy jedoch so eigentlich
sich nit zu versinnen wüße.
Drüberhin sy die gezügig alß
sy diß gesechen widerumb die
stägen hinauff geloffen unnd
ihrer tochter geklagt, wie doch
die Anneli mit ihrem kind, so
schnöd und unbarmhertzig
.
eingehe, welche Ihre hieruff
gesagt, daß diß nichts eines
dan dieselbige schon mehrmahlen
allso mit ihmme umbgangen
seye, unnd als sy am montag
Morgens widerumb ohngefahr
darzu kommen, da sy das kind
vffgehaben, vnnd dasselbige Inn
allein vffheben mit allerley¬
heßlichen nammen wie vorgemelt
belegt, habe sy die gezügen selbigen
beschallten, warumb sy doch so grob
unnd unbarmhertzig mit ihrem
Kind vmbgehe, sy werde es auc
jüngsten tag vor Gott versprechen
mußen, welche Ihre daruff
zur antwort geben. Es gescheche
ihrem kind raht genug, wan sy
aber</Unicode>
            </TextEquiv>
        </TextRegion>
        <TextRegion orientation="0.0" id="r2" custom="readingOrder {index:1;}">
            <Coords points="2636,3994 2636,4144 2660,4144 2660,3994"/>
            <TextLine id="r2l1" custom="readingOrder {index:0;}">
                <Coords points="2625,4111 2636,4111 2643,4104 2650,4109 2652,4106 2659,4111 2672,4111 2672,3986 2656,3986 2652,3981 2636,3995 2625,3995"/>
                <Baseline points="2636,4094 2660,4094"/>
                <TextEquiv>
                    <Unicode>1</Unicode>
                </TextEquiv>
            </TextLine>
            <TextEquiv>
                <Unicode>1</Unicode>
            </TextEquiv>
        </TextRegion>
        <TextRegion orientation="0.0" id="r3" custom="readingOrder {index:2;}">
            <Coords points="2906,1305 2906,5692 4756,5692 4756,1305"/>
            <TextLine id="r3l1" custom="readingOrder {index:0;}">
                <Coords points="3033,1391 4683,1424 4684,1340 4154,1222 3986,1283 3803,1255 3669,1328 3343,1264 3258,1313 3036,1236"/>
                <Baseline points="3044,1360 3125,1360 3206,1360 3288,1358 3369,1358 3451,1358 3532,1358 3613,1360 3695,1360 3776,1361 3858,1362 3939,1364 4020,1366 4102,1368 4183,1368 4265,1372 4346,1374 4427,1376 4509,1380 4590,1382 4672,1386"/>
                <TextEquiv>
                    <Unicode>aber vermeine daß demselbigen</Unicode>
                </TextEquiv>
            </TextLine>
            <TextLine id="r3l2" custom="readingOrder {index:1;}">
                <Coords points="3036,1515 3109,1484 3368,1556 3781,1488 3989,1543 4115,1486 4238,1542 4293,1490 4516,1507 4556,1398 3037,1402"/>
                <Baseline points="3048,1474 3122,1472 3197,1470 3272,1468 3347,1466 3422,1466 3496,1466 3571,1466 3646,1468 3721,1469 3796,1470 3870,1472 3945,1474 4020,1476 4095,1478 4170,1479 4244,1481 4319,1482 4394,1484 4469,1484 4544,1486"/>
                <TextEquiv>
                    <Unicode>nit gnug gescheche, sölle sy es</Unicode>
                </TextEquiv>
            </TextLine>
            <TextLine id="r3l3" custom="readingOrder {index:2;}">
                <Coords points="3016,1606 3337,1594 3410,1649 3656,1593 3899,1660 3977,1610 4111,1652 4466,1608 4557,1663 4648,1611 4648,1552 4296,1489 4123,1554 3781,1489 3016,1554"/>
                <Baseline points="3028,1592 3108,1588 3188,1585 3269,1582 3349,1580 3430,1578 3510,1578 3590,1576 3671,1576 3751,1577 3832,1578 3912,1578 3992,1580 4073,1581 4153,1583 4234,1584 4314,1586 4394,1588 4475,1590 4555,1592 4636,1592"/>
                <TextEquiv>
                    <Unicode>nemmen vnnd seinem Schelmen</Unicode>
                </TextEquiv>
            </TextLine>
            <TextLine id="r3l4" custom="readingOrder {index:3;}">
                <Coords points="3028,1737 3543,1702 3884,1762 4162,1703 4589,1799 4733,1730 4733,1659 4497,1610 4255,1683 3789,1668 3655,1596 3427,1658 3339,1594 3029,1646"/>
                <Baseline points="3040,1710 3124,1706 3208,1702 3292,1698 3376,1696 3460,1696 3544,1694 3628,1694 3712,1696 3796,1696 3881,1698 3965,1700 4049,1702 4133,1703 4217,1705 4301,1706 4385,1708 4469,1710 4553,1711 4637,1712 4722,1712"/>
                <TextEquiv>
                    <Unicode>vatter zu bringen, auch zugleich</Unicode>
                </TextEquiv>
            </TextLine>
            <TextLine id="r3l5" custom="readingOrder {index:4;}">
                <Coords points="2962,1854 4054,1877 4289,1813 4624,1854 4717,1839 4718,1746 4588,1799 4153,1703 3934,1788 3830,1719 3527,1714 2962,1772"/>
                <Baseline points="2974,1832 3060,1826 3147,1822 3233,1818 3320,1816 3407,1814 3493,1812 3580,1812 3666,1814 3753,1814 3840,1816 3926,1816 4013,1819 4099,1820 4186,1823 4273,1826 4359,1828 4446,1830 4532,1830 4619,1832 4706,1832"/>
                <TextEquiv>
                    <Unicode>vermelt, sy könne, das kind nit</Unicode>
                </TextEquiv>
            </TextLine>
            <TextLine id="r3l6" custom="readingOrder {index:5;}">
                <Coords points="3025,1976 3105,1949 3209,2017 3369,1939 4712,1970 4552,1856 4465,1893 4320,1834 4151,1896 3826,1850 3736,1895 3361,1846 3026,1884"/>
                <Baseline points="3036,1936 3119,1934 3202,1932 3285,1932 3368,1930 3452,1930 3535,1930 3618,1930 3701,1930 3784,1930 3868,1931 3951,1932 4034,1934 4117,1936 4200,1938 4284,1940 4367,1944 4450,1947 4533,1952 4616,1956 4700,1962"/>
                <TextEquiv>
                    <Unicode>lieben vnnd wolle es nit lieben.</Unicode>
                </TextEquiv>
            </TextLine>
            <TextLine id="r3l7" custom="readingOrder {index:6;} place {offset:17; length:7;}">
                <Coords points="2997,2089 4766,2091 4767,2011 4470,1946 4143,2020 4071,1962 3593,1945 3531,1993 3370,1941 3185,2025 2999,1964"/>
                <Baseline points="3010,2048 3097,2047 3184,2046 3271,2046 3359,2046 3446,2046 3533,2046 3621,2046 3708,2046 3795,2046 3883,2046 3970,2048 4057,2049 4144,2050 4232,2052 4319,2054 4406,2056 4494,2060 4581,2062 4668,2066 4756,2070"/>
                <TextEquiv>
                    <Unicode>Auch habe sy von Paul- und hin¬</Unicode>
                </TextEquiv>
            </TextLine>
            <TextLine id="r3l8" custom="readingOrder {index:7;}">
                <Coords points="3019,2213 3673,2163 3818,2251 3937,2150 4189,2248 4385,2177 4489,2246 4561,2179 4612,2229 4690,2191 4691,2114 4571,2065 4490,2132 4336,2065 4167,2138 4022,2059 3905,2127 3630,2087 3518,2134 3396,2071 3286,2125 3194,2056 3021,2058"/>
                <Baseline points="3030,2168 3112,2164 3195,2162 3277,2160 3360,2158 3442,2158 3525,2158 3607,2158 3690,2158 3772,2160 3855,2160 3937,2162 4020,2164 4102,2166 4185,2168 4267,2169 4350,2172 4432,2173 4515,2174 4597,2176 4680,2176"/>
                <TextEquiv>
                    <Unicode>läßigkeit wegen dem kind sein</Unicode>
                </TextEquiv>
            </TextLine>
            <TextLine id="r3l9" custom="readingOrder {index:8;}">
                <Coords points="3020,2317 4664,2293 4664,2207 4480,2256 4357,2180 4120,2253 3966,2180 3815,2251 3684,2171 3364,2249 3021,2213"/>
                <Baseline points="3032,2282 3113,2280 3194,2278 3275,2276 3356,2276 3437,2275 3518,2274 3599,2274 3680,2274 3761,2274 3842,2276 3923,2276 4004,2276 4085,2278 4166,2280 4247,2280 4328,2282 4409,2284 4490,2285 4571,2288 4652,2290"/>
                <TextEquiv>
                    <Unicode>Järlin abgeschnitten nur damit</Unicode>
                </TextEquiv>
            </TextLine>
            <TextLine id="r3l10" custom="readingOrder {index:9;}">
                <Coords points="3010,2466 3365,2385 3522,2435 3695,2389 3929,2457 4221,2390 4435,2440 4642,2408 4642,2328 4455,2301 4289,2349 4154,2284 4045,2350 3984,2295 3931,2332 3804,2287 3738,2344 3488,2358 3123,2293 3010,2352"/>
                <Baseline points="3022,2396 3102,2394 3182,2390 3263,2388 3343,2386 3424,2384 3504,2384 3584,2382 3665,2382 3745,2382 3826,2382 3906,2382 3986,2382 4067,2384 4147,2384 4228,2385 4308,2386 4388,2386 4469,2388 4549,2388 4630,2388"/>
                <TextEquiv>
                    <Unicode>sy ihmme nit zupfen müße.</Unicode>
                </TextEquiv>
            </TextLine>
            <TextLine id="r3l11" custom="readingOrder {index:10;}">
                <Coords points="2961,2545 3617,2563 3745,2498 4566,2544 4566,2487 4466,2482 4362,2395 3925,2460 3868,2408 3552,2444 3327,2391 3231,2447 2962,2459"/>
                <Baseline points="2972,2506 3051,2506 3130,2504 3209,2502 3288,2502 3368,2502 3447,2502 3526,2502 3605,2502 3684,2502 3764,2502 3843,2502 3922,2504 4001,2504 4080,2506 4160,2508 4239,2508 4318,2510 4397,2512 4476,2514 4556,2516"/>
                <TextEquiv>
                    <Unicode>allso daß sy das kind inn</Unicode>
                </TextEquiv>
            </TextLine>
            <TextLine id="r3l12" custom="readingOrder {index:11;}">
                <Coords points="3008,2645 3227,2619 3524,2702 3602,2637 3828,2618 4029,2686 4142,2633 4261,2696 4358,2650 4653,2715 4735,2684 4737,2600 4585,2547 4473,2586 4299,2504 4197,2584 3863,2564 3755,2498 3583,2566 3234,2587 3142,2535 3009,2583"/>
                <Baseline points="3020,2622 3105,2619 3190,2618 3275,2616 3360,2616 3446,2616 3531,2616 3616,2618 3701,2618 3786,2620 3872,2622 3957,2624 4042,2626 4127,2628 4212,2631 4298,2634 4383,2636 4468,2639 4553,2642 4638,2644 4724,2646"/>
                <TextEquiv>
                    <Unicode>allweg schandtlich umbher gezogen</Unicode>
                </TextEquiv>
            </TextLine>
            <TextLine id="r3l13" custom="readingOrder {index:12;}">
                <Coords points="2993,2749 3198,2738 3293,2808 3421,2741 3537,2797 3840,2731 4413,2786 4543,2761 4544,2695 4228,2713 3828,2617 3524,2704 3229,2616 3137,2687 2994,2658"/>
                <Baseline points="3004,2734 3080,2731 3156,2728 3233,2727 3309,2726 3386,2726 3462,2726 3538,2726 3615,2728 3691,2728 3768,2730 3844,2732 3920,2734 3997,2736 4073,2738 4150,2739 4226,2742 4302,2742 4379,2744 4455,2746 4532,2746"/>
                <TextEquiv>
                    <Unicode>unnd gleichsam im unraht</Unicode>
                </TextEquiv>
            </TextLine>
            <TextLine id="r3l14" custom="readingOrder {index:13;}">
                <Coords points="2944,2907 3324,2838 3622,2926 3766,2854 4150,2836 4348,2910 4474,2851 4653,2934 4735,2918 4736,2720 4522,2817 4372,2753 4258,2814 3828,2738 3563,2810 2944,2786"/>
                <Baseline points="2956,2846 3044,2842 3132,2841 3221,2840 3309,2838 3398,2838 3486,2838 3574,2838 3663,2838 3751,2840 3840,2840 3928,2842 4016,2842 4105,2844 4193,2844 4282,2846 4370,2846 4458,2848 4547,2848 4635,2848 4724,2848"/>
                <TextEquiv>
                    <Unicode>verfaulen laßen, daß nit gnugsam</Unicode>
                </TextEquiv>
            </TextLine>
            <TextLine id="r3l15" custom="readingOrder {index:14;}">
                <Coords points="2990,3028 3116,2951 3541,3035 3705,2954 3835,3005 3960,2964 4085,3038 4211,2963 4582,2960 4484,2867 4395,2919 4031,2855 3610,2924 3324,2838 3143,2890 2991,2864"/>
                <Baseline points="3002,2950 3080,2950 3158,2950 3237,2950 3315,2950 3394,2950 3472,2952 3550,2952 3629,2952 3707,2954 3786,2954 3864,2955 3942,2956 4021,2956 4099,2956 4178,2956 4256,2956 4334,2956 4413,2956 4491,2954 4570,2954"/>
                <TextEquiv>
                    <Unicode>gemelden seye, vnnd habe da</Unicode>
                </TextEquiv>
            </TextLine>
            <TextLine id="r3l16" custom="readingOrder {index:15;}">
                <Coords points="3017,3094 3418,3070 3615,3125 3793,3070 3929,3131 4146,3073 4198,3126 4392,3078 4619,3124 4724,3112 4725,3048 4209,2967 4083,3040 3722,2962 3543,3038 3018,3012"/>
                <Baseline points="3028,3060 3112,3060 3196,3060 3280,3060 3364,3062 3449,3062 3533,3062 3617,3064 3701,3064 3785,3066 3870,3066 3954,3068 4038,3068 4122,3070 4206,3072 4291,3072 4375,3074 4459,3076 4543,3078 4627,3080 4712,3082"/>
                <TextEquiv>
                    <Unicode>einiches zusprechen nit geholffen.</Unicode>
                </TextEquiv>
            </TextLine>
            <TextLine id="r3l17" custom="readingOrder {index:16;}">
                <Coords points="2993,3174 3467,3191 3514,3237 3761,3175 3919,3247 4753,3185 4401,3083 4291,3129 3993,3084 3895,3154 3716,3079 3501,3141 3211,3071 2994,3112"/>
                <Baseline points="3006,3174 3092,3174 3179,3174 3266,3174 3353,3176 3440,3176 3526,3178 3613,3178 3700,3180 3787,3180 3874,3182 3960,3182 4047,3184 4134,3184 4221,3184 4308,3186 4394,3186 4481,3186 4568,3184 4655,3184 4742,3182"/>
                <TextEquiv>
                    <Unicode>sonderen seye an stat der beßerung</Unicode>
                </TextEquiv>
            </TextLine>
            <TextLine id="r3l18" custom="readingOrder {index:17;}">
                <Coords points="3001,3329 3855,3292 4012,3357 4206,3290 4542,3377 4688,3314 4688,3255 4509,3210 4413,3269 4190,3217 3903,3256 3760,3175 3639,3231 3303,3183 3002,3231"/>
                <Baseline points="3012,3290 3095,3290 3178,3290 3261,3290 3344,3290 3428,3290 3511,3290 3594,3290 3677,3290 3760,3290 3844,3290 3927,3290 4010,3290 4093,3292 4176,3292 4260,3294 4343,3296 4426,3298 4509,3300 4592,3303 4676,3306"/>
                <TextEquiv>
                    <Unicode>eher böser unnd erger worden.</Unicode>
                </TextEquiv>
            </TextLine>
            <TextLine id="r3l19" custom="readingOrder {index:18;} person {offset:17; length:10; continued:true;}">
                <Coords points="2999,3415 3156,3406 3227,3472 3427,3386 4585,3430 4586,3360 4130,3296 4003,3368 3646,3302 2999,3365"/>
                <Baseline points="3010,3402 3088,3400 3166,3398 3244,3396 3322,3396 3401,3396 3479,3396 3557,3396 3635,3396 3713,3396 3792,3398 3870,3398 3948,3398 4026,3398 4104,3400 4183,3400 4261,3400 4339,3400 4417,3398 4495,3398 4574,3396"/>
                <TextEquiv>
                    <Unicode>welches alles aber Gott dem</Unicode>
                </TextEquiv>
            </TextLine>
            <TextLine id="r3l20" custom="readingOrder {index:19;} person {offset:0; length:4; continued:true;}">
                <Coords points="3003,3563 3082,3513 3294,3567 3383,3503 3966,3504 4182,3583 4305,3503 4382,3567 4466,3512 4614,3570 4701,3538 4701,3443 3995,3397 3676,3473 3412,3398 3192,3483 3096,3406 3002,3418"/>
                <Baseline points="3014,3506 3097,3506 3181,3506 3265,3506 3349,3506 3433,3506 3516,3506 3600,3506 3684,3506 3768,3504 3852,3504 3935,3504 4019,3504 4103,3504 4187,3504 4271,3502 4354,3502 4438,3502 4522,3502 4606,3504 4690,3504"/>
                <TextEquiv>
                    <Unicode>Herren bekant unnd ihro sonsten</Unicode>
                </TextEquiv>
            </TextLine>
            <TextLine id="r3l21" custom="readingOrder {index:20;}">
                <Coords points="3014,3637 4058,3612 4423,3689 4650,3629 4650,3563 4466,3520 4181,3584 4026,3525 3760,3558 3444,3508 3293,3568 3013,3530"/>
                <Baseline points="3026,3608 3106,3608 3187,3608 3267,3608 3348,3608 3429,3608 3509,3608 3590,3608 3670,3610 3751,3610 3832,3610 3912,3610 3993,3610 4073,3610 4154,3608 4235,3608 4315,3608 4396,3606 4476,3605 4557,3604 4638,3602"/>
                <TextEquiv>
                    <Unicode>deßorts verners nichts inn</Unicode>
                </TextEquiv>
            </TextLine>
            <TextLine id="r3l22" custom="readingOrder {index:21;} person {offset:10; length:1; continued:true;}">
                <Coords points="3007,3720 3210,3741 3247,3770 3294,3756 3384,3793 3440,3739 3486,3773 3608,3695 3669,3712 3668,3624 3614,3650 3531,3624 3482,3656 3442,3625 3391,3672 3322,3621 3274,3617 3231,3643 3194,3625 3111,3677 3005,3631"/>
                <Baseline points="3018,3716 3050,3716 3082,3716 3114,3714 3146,3714 3178,3714 3210,3712 3242,3712 3274,3712 3306,3711 3338,3710 3370,3710 3402,3710 3434,3709 3466,3708 3498,3708 3530,3708 3562,3706 3594,3706 3626,3705 3658,3704"/>
                <TextEquiv>
                    <Unicode>wüßen seye.</Unicode>
                </TextEquiv>
            </TextLine>
            <TextLine id="r3l23" custom="readingOrder {index:22;} person {offset:0; length:10; continued:true;}">
                <Coords points="2894,3971 3782,3942 4003,4023 4166,3952 4738,3975 4737,3841 4519,3780 4328,3872 4107,3827 3989,3903 3790,3803 3453,3827 3317,3905 2894,3829"/>
                <Baseline points="2906,3954 2997,3952 3088,3952 3179,3952 3270,3952 3361,3952 3452,3952 3543,3950 3634,3950 3725,3950 3816,3950 3907,3950 3998,3948 4089,3948 4180,3948 4271,3948 4362,3948 4453,3948 4544,3948 4635,3946 4726,3946"/>
                <TextEquiv>
                    <Unicode>Anneli Stain herr hat volgendess</Unicode>
                </TextEquiv>
            </TextLine>
            <TextLine id="r3l24" custom="readingOrder {index:23;}">
                <Coords points="3005,4121 3205,4073 3287,4113 3360,4061 3435,4115 3606,4067 3768,4137 4088,4058 4168,4124 4282,4062 4648,4091 4664,4013 4356,3951 4117,3960 4006,4025 3781,3943 3694,4021 3562,3953 3483,4029 3403,3970 3004,3973"/>
                <Baseline points="3016,4054 3097,4056 3179,4058 3261,4060 3343,4060 3425,4062 3506,4062 3588,4060 3670,4060 3752,4060 3834,4058 3915,4058 3997,4056 4079,4056 4161,4054 4243,4054 4324,4054 4406,4054 4488,4054 4570,4056 4652,4058"/>
                <TextEquiv>
                    <Unicode>gezüget, daß ihres behalts am</Unicode>
                </TextEquiv>
            </TextLine>
            <TextLine id="r3l25" custom="readingOrder {index:24;}">
                <Coords points="3012,4201 3641,4227 3723,4166 4032,4226 4264,4169 4515,4241 4528,4057 4367,4130 4169,4124 4121,4076 3713,4136 3593,4070 3477,4141 3363,4068 3267,4134 3203,4073 3144,4130 3012,4135"/>
                <Baseline points="3024,4170 3098,4170 3173,4170 3248,4170 3322,4170 3397,4170 3472,4170 3546,4168 3621,4168 3696,4168 3771,4166 3845,4166 3920,4166 3995,4166 4069,4166 4144,4166 4219,4166 4293,4168 4368,4168 4443,4170 4518,4172"/>
                <TextEquiv>
                    <Unicode>ersten sontag nach osteren, sy</Unicode>
                </TextEquiv>
            </TextLine>
            <TextLine id="r3l26" custom="readingOrder {index:25;}">
                <Coords points="3000,4286 3316,4280 3394,4343 3755,4266 4097,4267 4209,4333 4424,4259 4714,4310 4759,4162 4515,4240 4142,4171 4033,4233 3830,4184 3739,4239 2999,4236"/>
                <Baseline points="3012,4272 3098,4272 3185,4274 3272,4274 3359,4274 3446,4274 3532,4274 3619,4272 3706,4272 3793,4270 3880,4270 3966,4268 4053,4268 4140,4266 4227,4266 4314,4266 4400,4266 4487,4266 4574,4268 4661,4270 4748,4272"/>
                <TextEquiv>
                    <Unicode>einsmahls zu dem Fenster maus</Unicode>
                </TextEquiv>
            </TextLine>
            <TextLine id="r3l27" custom="readingOrder {index:26;} person {offset:14; length:13;}">
                <Coords points="3003,4431 3456,4372 4027,4422 4268,4367 4631,4423 4714,4320 4426,4261 4211,4331 4060,4273 3926,4345 3760,4267 3662,4343 3516,4290 3414,4348 3325,4294 3232,4358 3104,4280 3002,4306"/>
                <Baseline points="3014,4382 3098,4382 3182,4382 3267,4380 3351,4380 3436,4378 3520,4378 3604,4376 3689,4376 3773,4374 3858,4374 3942,4374 4026,4372 4111,4372 4195,4370 4280,4370 4364,4370 4448,4370 4533,4368 4617,4368 4702,4368"/>
                <TextEquiv>
                    <Unicode>hinüber inn der Anneli Kormin</Unicode>
                </TextEquiv>
            </TextLine>
            <TextLine id="r3l28" custom="readingOrder {index:27;}">
                <Coords points="3022,4506 3898,4537 4116,4472 4695,4544 4756,4508 4756,4399 4556,4447 4296,4372 4192,4438 3966,4389 3540,4433 3472,4371 3374,4456 3215,4392 3021,4420"/>
                <Baseline points="3032,4486 3117,4486 3203,4486 3288,4486 3374,4485 3460,4484 3545,4484 3631,4482 3716,4482 3802,4482 3888,4481 3973,4480 4059,4480 4144,4480 4230,4480 4316,4480 4401,4482 4487,4482 4572,4484 4658,4486 4744,4488"/>
                <TextEquiv>
                    <Unicode>stuben, da die fenster offen gewesen</Unicode>
                </TextEquiv>
            </TextLine>
            <TextLine id="r3l29" custom="readingOrder {index:28;}">
                <Coords points="3014,4642 4755,4600 4754,4509 4689,4543 4627,4494 4399,4552 3937,4511 3803,4560 3600,4488 3471,4546 3013,4526"/>
                <Baseline points="3024,4596 3110,4596 3196,4596 3282,4596 3368,4596 3454,4596 3540,4594 3626,4594 3712,4594 3798,4592 3884,4592 3970,4590 4056,4590 4142,4590 4228,4588 4314,4588 4400,4588 4486,4588 4572,4588 4658,4590 4744,4590"/>
                <TextEquiv>
                    <Unicode>gesechen, vnnd wahr genommen, daß</Unicode>
                </TextEquiv>
            </TextLine>
            <TextLine id="r3l30" custom="readingOrder {index:29;}">
                <Coords points="3013,4724 3157,4772 3300,4709 3373,4777 3612,4708 3821,4782 4053,4704 4659,4704 4658,4647 4547,4620 4308,4667 4048,4606 3923,4668 3821,4600 3588,4608 3502,4668 3343,4621 3013,4647"/>
                <Baseline points="3024,4708 3105,4706 3186,4705 3267,4704 3348,4702 3430,4700 3511,4700 3592,4698 3673,4698 3754,4697 3836,4696 3917,4696 3998,4696 4079,4696 4160,4696 4242,4696 4323,4698 4404,4698 4485,4700 4566,4701 4648,4702"/>
                <TextEquiv>
                    <Unicode>dieselbige das kind, zwerch vber</Unicode>
                </TextEquiv>
            </TextLine>
            <TextLine id="r3l31" custom="readingOrder {index:30;}">
                <Coords points="3004,4825 3400,4810 3708,4871 3867,4804 4616,4829 4645,4720 4481,4775 4317,4703 4008,4770 3853,4697 3712,4768 3589,4719 3371,4778 3250,4704 3157,4772 3072,4709 3004,4743"/>
                <Baseline points="3016,4806 3096,4806 3177,4806 3258,4806 3339,4805 3420,4804 3501,4804 3582,4803 3663,4802 3744,4802 3825,4800 3905,4800 3986,4800 4067,4800 4148,4800 4229,4800 4310,4800 4391,4800 4472,4802 4553,4804 4634,4806"/>
                <TextEquiv>
                    <Unicode>die Stuben von dem einen Banck</Unicode>
                </TextEquiv>
            </TextLine>
            <TextLine id="r3l32" custom="readingOrder {index:31;}">
                <Coords points="2964,4970 3057,4918 3735,4918 3910,4973 4345,4908 4546,4918 4616,4980 4698,4934 4698,4807 4605,4864 4125,4808 3868,4805 3679,4875 3401,4810 3282,4871 2964,4829"/>
                <Baseline points="2976,4906 3061,4906 3147,4904 3232,4904 3318,4904 3403,4903 3489,4902 3574,4902 3660,4902 3745,4902 3831,4902 3916,4902 4002,4904 4087,4904 4173,4904 4258,4905 4344,4906 4429,4907 4515,4908 4600,4910 4686,4912"/>
                <TextEquiv>
                    <Unicode>Zum anderen geführt, als wan sy</Unicode>
                </TextEquiv>
            </TextLine>
            <TextLine id="r3l33" custom="readingOrder {index:32;}">
                <Coords points="3013,5011 4645,5045 4673,4952 3013,4941"/>
                <Baseline points="3024,5000 3105,5002 3187,5004 3269,5005 3351,5006 3433,5007 3514,5008 3596,5008 3678,5008 3760,5008 3842,5008 3923,5008 4005,5008 4087,5008 4169,5008 4251,5008 4332,5009 4414,5010 4496,5012 4578,5014 4660,5016"/>
                <TextEquiv>
                    <Unicode>es uff das schämelin zu setzen</Unicode>
                </TextEquiv>
            </TextLine>
            <TextLine id="r3l34" custom="readingOrder {index:33;}">
                <Coords points="3011,5143 3115,5119 3211,5187 3307,5127 3885,5118 4026,5181 4131,5121 4397,5165 4495,5108 4625,5168 4738,5127 4738,5065 4510,5010 4324,5070 4091,5009 3848,5065 3406,5002 3010,5031"/>
                <Baseline points="3022,5110 3107,5110 3192,5110 3277,5110 3362,5110 3448,5110 3533,5108 3618,5108 3703,5106 3788,5106 3874,5106 3959,5104 4044,5104 4129,5104 4214,5102 4300,5102 4385,5102 4470,5104 4555,5104 4640,5104 4726,5106"/>
                <TextEquiv>
                    <Unicode>begehrte unnd als sy daß selbige</Unicode>
                </TextEquiv>
            </TextLine>
            <TextLine id="r3l35" custom="readingOrder {index:34;}">
                <Coords points="3000,5225 3216,5263 4211,5204 4620,5272 4743,5259 4744,5170 4218,5113 4026,5180 3801,5122 3200,5178 3116,5119 3000,5177"/>
                <Baseline points="3012,5210 3098,5210 3184,5210 3270,5208 3356,5208 3442,5206 3528,5204 3614,5204 3700,5202 3786,5202 3872,5202 3958,5202 4044,5202 4130,5202 4216,5204 4302,5206 4388,5209 4474,5212 4560,5217 4646,5222 4732,5228"/>
                <TextEquiv>
                    <Unicode>etliche mahl uff und nidergezogen</Unicode>
                </TextEquiv>
            </TextLine>
            <TextLine id="r3l36" custom="readingOrder {index:35;}">
                <Coords points="2974,5375 3159,5313 3420,5311 3514,5373 3805,5304 4008,5361 4222,5302 4358,5361 4420,5307 4738,5329 4656,5254 4511,5222 4424,5273 4208,5204 4101,5259 3648,5204 3184,5284 2974,5254"/>
                <Baseline points="2986,5316 3073,5314 3160,5312 3247,5310 3334,5310 3421,5308 3508,5306 3595,5306 3682,5304 3769,5304 3856,5304 3943,5304 4030,5304 4117,5304 4204,5304 4291,5306 4378,5308 4465,5310 4552,5313 4639,5316 4726,5320"/>
                <TextEquiv>
                    <Unicode>gleich als ob sy es setzen selbiges aber</Unicode>
                </TextEquiv>
            </TextLine>
            <TextLine id="r3l37" custom="readingOrder {index:36;}">
                <Coords points="3008,5418 3269,5455 3372,5409 4130,5396 4437,5476 4697,5423 4633,5330 4478,5353 4421,5307 4357,5362 4282,5307 4007,5362 3891,5305 3650,5378 3404,5314 3008,5366"/>
                <Baseline points="3018,5416 3101,5414 3184,5412 3268,5410 3351,5409 3435,5408 3518,5406 3601,5406 3685,5404 3768,5404 3852,5404 3935,5404 4018,5404 4102,5404 4185,5406 4269,5406 4352,5408 4435,5410 4519,5412 4602,5416 4686,5420"/>
                <TextEquiv>
                    <Unicode>nit sitzen wolte oder könnte habe</Unicode>
                </TextEquiv>
            </TextLine>
            <TextLine id="r3l38" custom="readingOrder {index:37;}">
                <Coords points="2995,5600 3195,5521 3671,5524 3737,5583 3875,5517 4181,5587 4367,5532 4677,5554 4676,5424 4449,5479 4216,5418 4139,5471 4056,5402 3936,5446 3442,5415 3247,5474 2994,5445"/>
                <Baseline points="3006,5536 3089,5530 3172,5524 3255,5520 3338,5516 3421,5512 3504,5508 3587,5508 3670,5506 3753,5504 3836,5504 3919,5504 4002,5504 4085,5504 4168,5506 4251,5506 4334,5507 4417,5508 4500,5508 4583,5510 4666,5510"/>
                <TextEquiv>
                    <Unicode>sy das kind mit gantzem gewalt</Unicode>
                </TextEquiv>
            </TextLine>
            <TextLine id="r3l39" custom="readingOrder {index:38;}">
                <Coords points="4502,5737 4518,5738 4598,5668 4616,5664 4639,5681 4675,5683 4678,5608 4657,5612 4642,5602 4628,5606 4578,5558 4553,5555 4537,5540 4533,5545 4510,5542"/>
                <Baseline points="4516,5662 4545,5659 4575,5659 4604,5661 4634,5664 4664,5666"/>
                <TextEquiv>
                    <Unicode>In</Unicode>
                </TextEquiv>
            </TextLine>
            <TextEquiv>
                <Unicode>aber vermeine daß demselbigen
nit gnug gescheche, sölle sy es
nemmen vnnd seinem Schelmen
vatter zu bringen, auch zugleich
vermelt, sy könne, das kind nit
lieben vnnd wolle es nit lieben.
Auch habe sy von Paul- und hin¬
läßigkeit wegen dem kind sein
Järlin abgeschnitten nur damit
sy ihmme nit zupfen müße.
allso daß sy das kind inn
allweg schandtlich umbher gezogen
unnd gleichsam im unraht
verfaulen laßen, daß nit gnugsam
gemelden seye, vnnd habe da
einiches zusprechen nit geholffen.
sonderen seye an stat der beßerung
eher böser unnd erger worden.
welches alles aber Gott dem
Herren bekant unnd ihro sonsten
deßorts verners nichts inn
wüßen seye.
Anneli Stain herr hat volgendess
gezüget, daß ihres behalts am
ersten sontag nach osteren, sy
einsmahls zu dem Fenster maus
hinüber inn der Anneli Kormin
stuben, da die fenster offen gewesen
gesechen, vnnd wahr genommen, daß
dieselbige das kind, zwerch vber
die Stuben von dem einen Banck
Zum anderen geführt, als wan sy
es uff das schämelin zu setzen
begehrte unnd als sy daß selbige
etliche mahl uff und nidergezogen
gleich als ob sy es setzen selbiges aber
nit sitzen wolte oder könnte habe
sy das kind mit gantzem gewalt
In</Unicode>
            </TextEquiv>
        </TextRegion>
        <TextRegion orientation="0.0" id="r4" custom="readingOrder {index:3;}">
            <Coords points="4670,916 4670,1074 4738,1074 4738,916"/>
            <TextLine id="r4l1" custom="readingOrder {index:0;}">
                <Coords points="4655,1052 4664,1053 4687,1068 4699,1067 4713,1080 4730,1075 4743,1077 4757,961 4735,956 4727,946 4668,937"/>
                <Baseline points="4670,1016 4704,1024 4738,1024"/>
                <TextEquiv>
                    <Unicode>52</Unicode>
                </TextEquiv>
            </TextLine>
            <TextEquiv>
                <Unicode>52</Unicode>
            </TextEquiv>
        </TextRegion>
    </Page>
</PcGts>
