5472 7296
842 823 1018 1040 1
2834 1346 4722 1628 Allen, Jakob, dauber zu Sannen, sorgen Ehebruch. 31.
2849 1542 4309 1778 Abegglen, Christen, wegen Ehebruch. 29t
2843 1725 4417 1979 Achbacher, Margreth wegen Gebruch 29
2852 2570 4346 2804 Büelen, Heinrich wegen Ehebruchen. 13.
2852 2746 4593 3015 Bigk March, v. Schbartenburg wegen Ehebruch. 17.
2832 2909 4012 3152 Bunghalten, solen, als zuge. 28.
2837 3070 4427 3343 Bücken, wiedrich, der Barben, als Jungen 26.
2862 3272 4517 3519 Sulmann, Christen, wegen diebstählen: 31
2838 3427 4749 3689 dind. Uns v. dopp, wegen Versuch seine Tochter mehrlich
3280 3611 3908 3805 zu machen. 66.
2837 4298 4610 4602 Christen weid, hundlirth zu Webern, als Junge. E.
2842 4468 4722 4765 Chenard, sean, wegen Verbeigerung der Ehelichung 66.
2853 5126 4658 5438 Türinger Stadle geb. Woher, begen Ehebruch. 61
