5472 7296
801 2868 879 3030 2
963 879 2654 1260 fuß hin zu Godt gefallen, vnnd
967 1063 2689 1368 wüße er gezeig us yngenommenen
969 1139 2710 1464 Schrecken diser kamerlichen action
949 1232 2674 1535 sach nit geversichnen, daß er vil
915 1321 2693 1647 Wort gehört habe, noch daß der
920 1421 2659 1726 er geschlagen gestoßen, geschmächt
946 1510 2676 1819 oder sonsten an ehren oder wys ver
951 1645 2667 1914 lent worden seye, vnnd wan Ihme
913 1745 2628 2013 arzig recht seye, so habe er den
928 1853 2626 2082 den mit geruffen vnnd denen
882 1953 2650 2194 worten, nit nit ir abgemahnt
917 2038 2581 2307 welches er aber an die vbrigen
871 2126 2587 2359 kundtschafften laße, alß er nun
943 2231 2601 2470 inn allem disem traurigen
924 2341 2642 2546 wesen zum wächter Hüßli (allwo
910 2420 2603 2659 Jacob Niehaus der Wechter mit
944 2537 2656 2778 seiner ern kitzig sich befunden.
908 2623 2596 2847 unnd daruff zum ern kommen
904 2730 2494 2885 unnd gfragt was das seye
917 2813 2599 3009 unnd er gezüg inn dise wort
892 2915 2619 3128 ußgebrochen, sy sy ets ist gar zu
893 3022 2624 3216 Bibel gangen neben anderen worten,
921 3112 2587 3316 mehr, were er doch ehr darzu
891 3214 2618 3377 kommen. Es habe aber der Ir
910 3298 2601 3501 sein tägen gevorderet und sein
867 3384 2617 3582 bscheid geben. Worüber er den
880 3495 2603 3670 gezügen mit nammen genambset
854 3567 2617 3769 unnd gsagt gut mir mein wegen
883 3649 2581 3833 Worüber er gezüg zur ant
898 3750 2585 3909 wort geben kein wir gebend Euch
895 3840 2615 4023 denselbigen nit ihr versprechind
887 3931 2561 4104 dan den nit mehr zu gebruchen.
866 4029 2487 4187 Vff welches beiders die Ver¬
866 4117 2567 4294 herechen unnd halltung deßselbigen
854 4207 2589 4386 geschechen, vnnd von Iren zu dem
882 4307 2592 4461 gezügen disere wort geredt.
895 4396 2576 4552 worden, ehr werdet deßen züg syn
816 4485 2536 4651 vnnd seye daruff starck vort
825 4570 2519 4763 geritten unnd habe er gezüg
852 4652 2524 4841 als ehr den abgelebten am boden
843 4768 2548 4931 uff dem angesicht ligend gesechen
829 4857 2591 5028 dem irn ( welcher dem wechter
803 4937 2606 5147 Niehams seines behalts den mann
819 5022 2583 5213 oder handel anbefelchen sein bestens
835 5117 2583 5313 darby zu thun nach geraffen. Dir
812 5228 2534 5410 es ist frey gar zu übel gangen
805 5294 2527 5457 vnnd daruff von den Wechteren
716 5390 2562 5580 eßig oder wyn gevorderet, unnd
811 5490 2589 5670 nach dem erfen entlybten uff den
822 5551 2572 5776 ruggen geweltzt unnd an demselbigen
772 5666 2577 5879 Etwas wyns mit ynschuthen unnd
2967 1107 4793 1336 unnd anstreichen gebrucht auch im
3039 1257 4770 1447 angryffen deß haubts ihme be¬
4767 1343 4823 1404 .
3046 1356 4836 1541 edunckt daß er an dem hinderen theil
3020 1451 4817 1635 deßselbigen vom Pistolen Streichen
3039 1551 4814 1732 dumpf gehabt unnd mit anders
3067 1653 4681 1819 vermeint weder bis seye der
3084 1744 4719 1882 wenger nit vom Pistolen schützen.
3054 1844 4721 2029 sonderen vom Pistoltz Streich zur
4721 1921 4771 1978 .
3068 1956 4755 2124 erden gesunken, biß erst durch
3045 2047 4780 2226 beschechene Visitation des lybs
3072 2143 4786 2318 er anzung gesechen, daß der ir
3042 2240 4729 2411 muße Scharff geladen, vnnd dem
4733 2310 4782 2372 .
3049 2344 4727 2502 abgelybten den Teilung darmit.
3045 2433 4839 2609 gegeben haben, wie kan derselbige
3028 2541 4824 2710 Etlicht lacher mit blut unnd waßer
3017 2634 4831 2818 Tropfen mitten uff der brust gehabt
3034 2741 4746 2897 unnd alß bald gebirret und von
3028 2825 4813 3011 verstand kommen seye das gesechen.
3073 2938 4756 3067 habe er die umbständ zum patten
3000 3019 4736 3193 eines vatter unsers vermahnt,
3046 3121 4723 3303 unnd dem ihnn letsten zügen zu
4721 3189 4771 3250 .
3051 3219 4821 3347 legenen vor unnd darnach beides
3046 3311 4804 3479 Vff der Brugg vnnd Ihm Wechter
3056 3410 4817 3588 stübli dahin er ihn tragen helffen
3055 3500 4793 3664 müglichster mahlen trostlich zu¬
3036 3594 4784 3758 gesprochen biß er verscheiden gsin.
2995 3677 4661 3873 Dass seye allso sein deß gezügen
3022 3789 4670 3968 Über disen trauwrigen zu fahl.
3052 3882 4791 4050 wüßenthafften bericht vnnd ußsag,
3035 3970 4775 4146 Ein anders seye ihmme nicht inn
3047 4069 3437 4231 wüßen
3214 4349 4708 4573 Hans Richaus der Obert.
3278 4481 4392 4682 horwächter züget.
3051 4639 4705 4857 aß als er den Peter Streit und
3040 4780 4718 4954 wenger ohngefahr umb halber
3019 4865 4779 5042 siben uhren by dem mußfallbrägen
3084 4961 4740 5136 thor by einanderen stehend gesetzen
3045 5059 4750 5208 seye der fr Frach zu Ludwig ihne
3052 5139 4762 5306 nach uß der statt kommend, neben
3041 5236 4712 5389 Denselbigen mit dem Pferdt inn
3015 5308 4748 5473 vollen lauff durch getritten, vnnd
2997 5395 4624 5557 habe nun allein furchriften sein
3038 5474 4789 5631 Angesicht, vff das von Ihnen demselbig
3023 5556 4761 5745 zugesprochenes wort s welches er
4766 898 4868 997 22
