3024 4032
887 387 1675 590 demnach hatt berchttolldtnd
874 487 1682 657 halb, habe es sich begeben das
860 555 1656 738 ein minttkall im breufartt
874 650 1692 834 pfallen da er und sin gsel
846 741 1700 919 ime denselben erlonptt ✳ uff
859 841 1721 1011 verfolgen, das er nict da erfelen
856 938 1705 1138 darim habe er sy zu jastghet
875 1105 1676 1322 vnne am hochen donstag, habe
869 1227 1667 1399 Hans Mardt der knehr zei
870 1307 1648 1477 schussel dem kartten mich
867 1421 1696 1575 im tanen brachtt ✳ mit anzeyg
875 1486 1683 1614 er habe ein redell von einen
857 1563 1670 1727 g In an siin gstellen, da
851 1665 1588 1801 er in lassen faren
780 1851 1701 2015 Itte ehillich scherer dem habe
879 1953 1648 2095 sy bin grosen hinder by
854 2041 1704 2188 dernuven brug ernett dari
858 2132 1692 2280 sy ein sastmall enpfangen
850 2317 1693 2466 Hans Fustlers Jacob Bundelis
820 2439 1687 2561 und barttli faltters ✳ und des
842 2499 1695 2626 hrsnowtts iner Obern pfistern
836 2585 1665 2728 halb, rypte er an so syhel
824 2667 1686 2826 us der brengartt gfùrtt ✳ nag
861 2761 1671 2918 in, jedoch so hatt er inen
826 2856 1540 3034 jar nigitt erouett ✳
830 2987 1608 3147 Hanns Dicke halb derouch
852 3085 1667 3209 soͤlle ✳ vill erbd₎ usz dem eren
831 3170 1646 3332 gartt gfürett han ✳ habe er
827 3246 1642 3418 m ah mitt erkonett ✳
2617 271 2778 382 100
1854 401 2638 604 petter Rulen halb der ein
1843 519 2649 683 in der eyhin spällen, ben
1859 581 2691 769 aiß möli gmaht, sye be
1871 677 2671 877 thechenn aber er habt Im
1874 787 2629 943 vmlchs sans theylls mit
1832 901 2149 1033 Erkenett✳
1848 1032 2620 1224 der in buchen halb. die
1857 1148 2680 1336 fillgen, dem Petter erben
1856 1246 2667 1398 solle geben haben, harnn
1842 1337 2714 1478 so eme Bora far mitt zu¬
1883 1435 2102 1555 wassen
1850 1590 2736 1743 getter Murers falb, dem nun
1936 1681 2747 1828 hnn ein futtertrog gschenckt.
1832 1765 2784 1907 vnd aber Ime noch ein bufdarzu
1835 1844 2680 1971 worden, weygtt er an, das er
1841 1954 2792 2087 mit wusse, wer im die erlan¬
1818 2035 2714 2182 dan er nitt darbi gsen, alls
1848 2122 2553 2267 die ghouwen worden.
1845 2291 2695 2436 der brichen halb die pillpen
1856 2370 2639 2489 dem Hans Kempfft dm 18
1845 2463 2691 2599 ken solle verkauffer han, sye
1839 2532 2691 2691 A mier wußkent, ob es sen
1841 2603 2678 2771 Dienste holtz gsie oder mor
1852 2705 2732 2869 dan er hillg. die pfanwen
1864 2786 2656 2926 ob er an dienst koinen
1864 2906 2714 3086 Denne, habe er bora, von sinem
1858 3006 2691 3157 dienstfolg in fuder, an ein
1859 3082 2708 3255 spellck beyen greytt jedoram
1852 3190 2647 3358 dan er nitt in sinem fust
1840 3239 2322 3386 brg ghenr.
