3024 4032
639 181 1464 389 uff fryttag dem 23 jag
614 286 1471 476 Mertens im 1565 iar Pr¬
638 364 1504 548 sentibe Herr petter von widt
619 447 1466 630 Grosweyfels vnd der weyb¬
640 534 1344 684 len inner g. Herren
584 690 1470 856 st Amhonii Jacob der Keßler
605 785 1398 939 Von Escherlin zu Marpli
590 867 1468 1018 Ann der deffen befragt
579 937 1422 1099 und im fùrghaltn usz was
536 1025 1418 1172 ursacgen er sein wyb, zu
590 1120 1481 1257 Marzilly also ghouwen inmaßen
592 1210 1454 1328 ebesorgen sy darab sterben oder
560 1283 1448 1404 Erlamen wwerde, daruff
593 1385 1447 1498 er geanttwurtt wie das iro
594 1459 1446 1564 dry man und dey frouwen
575 1525 1506 1662 so masn wins am laffttruncfen
562 1606 1432 1747 Da er leyder trunck₎ und
561 1688 1519 1820 vol worden und zu sierfrauwn
581 1757 1463 1896 gsagt, so soltte das gschw so er
560 1842 1459 1987 Den bett butzt heimtragen
572 1935 1452 2057 vnd dazs gelt darumb honschen
560 2016 1464 2138 als sy aber heivag gangz und
563 2074 1482 2216 er nit von ir vernemmen könden.
569 2186 1466 2308 ob sy dz gschie uberantwurt
550 2249 1463 2386 oder zubehalten geben habe, syo er
530 2340 1424 2458 erzerbet und ceye ant
547 2394 1446 2533 dem dagen sampt der scheid
548 2485 1428 2624 welen flachlingen zu ir schlachen
555 2579 1407 2699 das im aber nispratf₎n und
530 2651 1426 2787 dscheide In allem sreich w
580 2721 1449 2856 gschwützt und pe im wi
551 2786 1465 2941 hertze eyd das aber also ergangen
547 2882 1443 2998 Er hatt buch anzeigt das sein
560 2965 1468 3082 fefrome von murtt svo und ir
569 3026 1464 3154 mutter habe ein Man zu keb¬
590 3099 1470 3231 nach mnomen daselbst sy ouch
542 3178 1522 3328 bride zkilchen gang₎n sye umpfar¬
2510 121 2601 210 33
1710 173 2583 379 lich e jar inn der zytt
1706 280 2569 453 er nito meee dann Zwop
1700 360 2586 520 kind by siner hnstfrouw₎n
1740 453 2599 638 sheiht das ein spe gstorben
1656 597 2529 759 Wil sonst gar dheier
1692 649 2554 858 eishandlung bchantlich sein
1710 744 2581 917 nit anzeig ds er sy den e
1690 794 2638 997 jarx inn dis statz zwandler
1718 924 2577 1073 und inn der zytt nie inn
1711 1007 2534 1194 gfengeknus gleyt noth
1711 1078 2478 1263 sonst verwysen worden
1754 1453 2561 1590 uff pfritag dem 6. tag
1720 1542 2622 1687 Apprellens Im. xv f Exn jar
1687 1642 2570 1777 tsn gegenwurttigekheytt
1706 1716 2595 1882 der fromen ersamen wysen
1703 1821 2541 1978 Herr Petter buchers des
1731 1924 2554 2051 ratths Niclans Thoms
1686 1970 2645 2150 der Briegern Weiter bezunsen
1679 2096 2578 2225 Griegtschrybers und der
1673 2167 2580 2319 weyblen miner e herren
1664 2333 2636 2510 Hatt Hanns Trachsell verns
1712 2448 2634 2605 von oberlindach uff gechans
1708 2512 2609 2668 ferhalttung zu mar ill
1697 2597 2649 2777 bkhent und verzachen namlichen
1688 2687 2589 2863 wie das er leyder her zum
1715 2786 2538 2956 vwrttenw�ll von siner
1690 2853 2582 3046 diebstallen wegen so er für
1693 2949 2595 3131 und für begang alhie jn¬
1692 3024 2596 3221 pfengetumb ennthaltten word
