3024 4032
644 50 1474 315 fi vnd fu ggeng
655 199 1471 399 gweynet und im solichs
639 274 1468 493 groffenbaren Deßhalb es
662 343 1446 588 sich ein mallbegen da e
633 480 1485 648 ersattiger im mit samptt
671 541 1482 756 Petter Bolli von Tappetllen
658 651 1496 851 by dem siech husz bugegnen
634 757 1440 911 da er zu im gsagn de
630 814 1495 1019 hudler hast mir ein anderst
669 928 1460 1093 wellen dienen, dann iun¬
606 980 1477 1193 Der gstaln vnnd mir ninhus
626 1086 1473 1271 frouw wellen gschenden, da
626 1177 1476 1333 er frattiger im geantwrt
638 1287 1477 1426 er habe es erschuyen deß¬
615 1347 1480 1518 halb er krattiger Im dermaß
1198 1451 1382 1527 Mancher
595 1433 1478 1584 antwurt geb das er ✳ zifaren
633 1522 1459 1683 und inn mit funst uff
596 1605 1466 1771 Das erdirich gschltagen undd zu
587 1683 1457 1835 Im gsagtt er mus keinem
637 1803 1456 1922 nider sin eewes eitfurenn
605 1844 1450 2001 Sonnders er muse siner henden
621 1944 1478 2110 sterb vnd wie wol er solchs
615 2003 1434 2167 gsagt, se er doch mi stums
1174 2118 1247 2181 n
605 2128 1428 2259 vnd willens gsin, nit ze¬
590 2215 1451 2349 murdt noch vmbegebrungen
597 2611 1401 2759 Dum snnderen ist zum
594 2718 1416 2832 ouch furghaltte, wie das er
579 2778 1441 2936 Juncker ouch uff ein zytt¬
581 2882 1438 2997 inn einer gasen zwüschenn
571 2951 1431 3078 zwogen fuß stapffen zuacht
595 3032 1404 3171 umb die xj sund dem
2531 62 2606 138 21
1659 111 2632 337 Jorg Koschenn nachgluffenn
1659 234 2621 412 vber inn gschruwen also ware
1698 322 2590 476 er ein biderbman, so soltte
1689 405 2571 550 er warttenn, als er blosch
1696 503 2604 651 aber sin strass fürzogen sye
1683 573 2590 728 er ancker Im der massen nath
1672 675 2598 816 zegn das er zum erzhen, da er in
1654 742 2624 916 blosch uber ein gutt₎ zuyfache
1679 854 2552 991 trostuig nidergschlag unnd
1652 913 2631 1076 inmassen mit im gfandlet
1670 1017 2596 1157 das er blosh gschruwen da Im
1640 1090 2620 1212 der vorbrinelt Hands Franger
1684 1164 2657 1342 zhilff komen vnd wo daselb
1685 1269 2612 1396 ig nit bschech hatte er inn
1673 1342 2589 1500 blosch lyotoss gmacht daruf
1676 1444 2591 1585 er onch sie verantwurttung
1685 1529 2598 1673 geben, als er sy siner schwester
1666 1610 2583 1730 zuͦ Nidouw welche domaln
1667 1674 2498 1809 franck für unnd als er
1691 1754 2617 1898 widerumb vff sinem heim¬
1692 1838 2556 1972 wag sye er blösch uber ein
1680 1909 2554 2049 ebem abher gegn im komen
1690 2000 2580 2130 Da er zu Iue gschrewenn
1685 2064 2607 2231 biste ein oiderb man so warn
1694 2173 2600 2316 vnd hienit vernemen wolle
1697 2243 2617 2383 wer er doch gsin, als er aber
1696 2336 2661 2471 dhem nechte straß gang gedoch
1690 2404 2611 2574 zu Lettst vff die rechte straß
1685 2469 2639 2634 komnen, haben Er anncker Ine
1717 2579 2624 2717 bezog da er blottsch angantz
1684 2648 2621 2794 zu siuem gwer griffen vnd
1695 2733 2609 2871 ouch Ieie anckeren wol zum
1677 2794 2579 2971 viertte maln an ein sytten
1700 2887 2557 3047 gstosn und hienet gsagt
1681 2988 2584 3164 bist gut man ✳ als er blosch
1686 3071 2597 3237 ader mit sinem stoßen nit
