3024 4032
614 360 1350 507 zum tach talbach gannzt und
596 434 1321 580 wie sy den fus sendt ssplenn
563 499 1331 652 dahar gsechen kommen, habe er
617 581 1301 735 Ghallandon denn ersten ratth
600 654 1324 781 geben dennselben gselen zewurden.
592 716 1347 864 vff, das er den willen dein geben
591 767 1359 915 Andem wie derselbig gsel, dahar
597 831 1359 968 komen habe bemeltter galanden
596 897 1348 1033 Inn des Ersten mitt einem zum
600 967 1334 1105 stecken. zitod geb gschlagen uff das sy
597 1041 1332 1135 Inne gholffen mitt einandern dem
603 1109 1353 1206 bach nachtrafen und inn nebent
578 1156 1366 1279 dem sach vergrab sye oderhar
580 1223 1332 1341 zwoy jar das solichs bschaihen unnd
594 1302 1327 1405 spe also ergangen, wol daruff
543 1342 1312 1471 Serb₎ und gnasem und thupe im
591 1407 1283 1527 solichn vnd andern stmen hieuor
568 1485 1355 1594 anzeigt unßshandlng noch gedachten
576 1534 1346 1657 Balando v mi unrechtd sonders
576 1625 1345 1720 hab sin constentz gruupt unnd
558 1685 1355 1788 die warhert anzeige, dorby er
580 1739 1013 1842 ouch bliben woll
567 1895 1327 2003 din wiedermmb hatt wilhelm
553 1972 1304 2068 Gallandon sen antwert geben
611 2033 1321 2139 wie nit unnd dann, das sy zu burg
614 2098 1336 2198 dorff Zesamen komen im spital
562 2158 1319 2260 Da. habe Jorg Müller in mas vmns
626 2215 1312 2330 bzalt die sy truncken, indein er
608 2287 1347 2394 Ballandon mit einem ununs word
565 2342 1329 2449 der Inn mit einem Muser Inns
604 2410 1343 2512 Houwen gestochenn deßhalb er den
618 2474 1301 2594 Herren daselbst und s zbuß
613 2552 1381 2656 und den tharer pß artzet konn
618 2627 1345 2716 heben müssen darnach spene
611 2675 1354 2765 sy mit einandern alhar goen da
594 2731 1351 2837 er zun müllern umbh gschrkkt
624 2798 1303 2897 in meyttlin alhie zesuchen wwie
595 2847 1369 2959 ehrs aber ein finde kunden spent
607 2915 1327 3027 den nechsten widerum sen
1501 251 2270 484 gelten radt
1493 333 2253 549 gan murtt zogen und wie sy wider
1510 412 2230 597 nmn gan Burgdorff Eman
1497 477 2245 684 gob er Balandon in Bar uff
1524 561 2228 715 in Ernnen mantel Eantlent
1491 602 2258 791 darnunb so zwo mas wins konft
1515 698 2294 819 und eruncken und als er sin mantel
1518 761 2212 892 wederumb losen welle habe er
1495 807 2268 962 von sinem schahrer in batzen uff
1551 877 2233 1036 im taschen hiennter den mangel
1517 963 2268 1096 Rosen Bonüdt Emnclenn welch
1546 1023 2272 1151 tharer fue nach für und für den
1570 1113 2219 1222 sich geartzner beare, das man
1527 1157 2264 1281 denselbet darumb fragen soll
1538 1211 2246 1319 werde, wol konen anzeige, das
1538 1272 2248 1400 er für umb für in der zytt
1551 1371 2309 1433 denn allem den tag um do er mit
1538 1419 2287 1519 im müllern alher zogen zu burg.
1536 1485 2290 1587 dorff gsin vnd er zn gar zuuer
1516 1551 2227 1647 vnnd thrge im deshalb garn
1529 1589 2254 1702 Groblich unnrecht den er sein
1521 1675 2245 1778 Laben lannh nie zlonppenn
1584 1725 2251 1834 gsin und sye im weder zwurden
1564 1792 2279 1889 noch zstallten er zun stemren sin
1526 1844 2263 1943 konen, vnd well ouh daruff
1585 1907 2315 2028 sterben und gnasen, das im bemalt
1552 1983 2255 2081 muller nrecht ihner vnd er
1576 2048 2349 2156 hieran ganz vnnd gar unschuldig
1566 2111 1678 2214 sy.
1557 2354 2269 2459 vff, mittwuce dem 22 tag
1547 2420 2176 2544 Nonembers Im 1504 jar
1551 2490 2294 2606 Presenebus herren Albracht
1568 2561 2260 2659 von Erlach der atts Herr
1546 2625 2235 2732 Hanng Annsonin Tllers
1539 2701 2213 2773 er Burgere Hans aend
1557 2748 2243 2858 des Pars Viwenn fidelbogen
1599 2806 2321 2941 der Burgern Hannsschuz
1563 2869 2226 2968 Großweybels vnnd der
1574 2959 2290 3057 weyfflen miner 8 herrenen
