3024 4032
555 538 750 634 erbruner.
748 145 1589 416 bise en ermehen
788 240 1584 479 96 a 1
755 355 1558 588 das er im rechte potten an
747 433 1581 683 gseng schegle und here
785 572 1547 745 in frouw₎ gnolmen und
773 653 1575 880 zu im Brunern ssage
737 734 1554 945 In der finde vogten uff
709 826 1563 1050 gstandt vnd gsprochen er
722 925 1574 1113 ware der kind vatter und
705 1028 1570 1237 wie sein ffrouw nit by ihm an
707 1131 1533 1334 Eisth bloben wollen hab
704 1232 1536 1430 er fra zwen streich geben
706 1308 1546 1522 und ein mal habe er sy
682 1403 1565 1605 Inn der kuchi von wegen das
686 1506 1526 1675 soy mi esen wellen unnd
689 1598 1563 1796 so nst mie grschlagen unnd sye
674 1711 808 1847 5
814 1726 1519 1868 solich ursach der masenn
656 1810 1520 1953 er hurat und wider wartig
672 1908 1452 2055 worden, das er Ertlich schwur
631 1978 1523 2135 touff lasen in das er die
664 2058 1529 2222 kind sol mit kurblen usz
662 2171 1546 2310 geragt und gsagt haben werd
660 2252 1494 2406 über sy war nit hund so
637 2329 1515 2493 kinde o sy jar zuod schlachen
653 2425 1509 2581 Han er anzeige, das ne und
620 2524 1499 2645 dann das er einmal sine buben
629 2616 1523 2774 usgsagt ✳ sye im aber nit
688 2724 1505 2861 zwüsen, das er gredt weie
571 2785 1481 2948 Liber sy warmt hund so
620 2868 1490 3034 kunde er sy zur rod schlachen
619 2954 1448 3139 und so sölchs geschechen ware
636 3078 1487 3231 sye es im doch von Hertze
605 3171 1502 3323 Leyd ✳ x daz er sol mit
2575 189 2720 293 164
1743 258 2674 425 der halber im schach umbh
1767 377 2633 514 zog₎ sin ✳ hatt er anzeigt
1788 414 2676 587 wie das im sein frouw unnd
1751 511 2665 683 kand heiste us dem zus
1772 628 2627 769 gan hab er im schahen
1793 723 2676 833 also inn einem widermut
1712 811 2651 950 En gütt mach wellen sein
1742 887 2711 1053 hussratt darin gebehaltten
1799 980 2600 1133 und sye sonst also mit der
1722 1073 2654 1241 halbatn iin unssunter wis
1766 1183 2697 1327 hin und wi zogi hienin
1754 1276 2673 1386 und er ettwan andersw
1751 1348 2684 1500 under sthlouff pfund₎n hatte
1750 1427 2671 1605 wil sonst nit wih bkantlich
1800 1550 1887 1621 in
1804 1598 2642 1700 ist mitt dem eydt vß miner h
1786 1656 2686 1796 E. statt lannd vnd geprett fereissen
1895 1722 2649 1884 Eodem In gegenwertig
1921 1826 2482 1975 kheytt vorstatt ✳
1744 2025 2671 2199 Ist Hanns Esthann uff der
1699 2132 2654 2301 furen, Inn der egersthafft
1718 2221 2639 2394 zignoup ouch inn dkefften
1742 2298 2621 2477 befragt und in fürgehalten
1702 2379 2626 2544 als dann Hanns aly man sih
1728 2497 2608 2624 gegen minen s ferren und
1745 2554 2583 2724 horsam, der töufferg halb.
1729 2678 2625 2816 Erzegt ye das nin 8 herrn
1731 2759 2656 2911 iin gut enn verpott legg
1689 2827 2660 3028 Lassen vber das mit deser
1731 2933 2624 3082 nun e guit eonst ✳ wie
1732 3043 2672 3169 aber nun g. Herren vnan¬
1742 3108 2607 3277 gstich deselben das gunt zu
1717 3218 2602 3354 iren sannd₎n zogenn
1768 3325 2352 3499 Jorg Hreysenn
