3024 4032
879 104 1255 289 Eodem
705 263 1511 535 zur versfte
700 363 1495 589 bolttung usz dem oberseben
709 477 1525 706 thalben ouch 2 marzely ab
693 601 1509 823 er glichter gstaltt befrgt
676 678 1548 902 vnd abzogen worden, anzegt
689 796 1524 973 wie das er von Jugentvf
700 886 1482 1062 zu thun erzogen und ouch
645 939 1514 1173 fer und fur sich daselbst
679 1064 1491 1236 Beholff das er den 4 jm
676 1151 1509 1336 aben gwerhett und des
613 1234 1510 1414 halb vor ettlichen tagen zu
637 1315 1476 1497 Elsasz gwollen Eo se er
583 1437 1497 1633 Tupferdt zu bemeltt Hans
628 1509 1470 1660 frachsels komen mit dem
638 1611 1508 1769 er der tag umbher zoh
577 1677 1508 1847 In denen tagen habe bemehet
610 1771 1493 1936 trachstl ob kesen ein spicher
568 1854 1510 2013 uffbrochen vnd zn vffgensten
570 1963 1476 2088 ouch oser redt dz er ghuter
606 2049 1486 2193 und im von demselben sor
575 2142 1503 2286 daruff gnomen scheyt e76
587 2211 1497 2366 und dem ackpf eeben di
588 2307 1497 2465 aisige stysz palidt sy gesen
524 2398 1476 2563 und diß göller seine her
548 2509 1482 2648 komen sonst habe er sein laben
489 2587 1481 2736 Tiig sich nigtt nisz shand¬
564 2670 1442 2789 lett und wen er im zu
544 2753 1469 2909 gedochen Trachstel komen ward
566 2856 1445 3008 solichs vnn gschechen bitter
563 2938 1440 3084 umb gnad ✳ mit auzls
526 3020 1435 3182 er wele sich furhin verlich
559 3128 1274 3266 und redlich hautten.
528 3254 1403 3456 Ister mite dem kleinen stein
493 3341 1458 3495 Demmaln bar uffzogen werden.
529 3441 1159 3636 i Lodch usfluasfen
2553 155 2651 235 35
1914 282 2567 436 uff sampstag dem 7
1801 378 2606 499 Apprillis 1565 in gegen-
1789 447 2590 618 wurttgebheytt des fürnemen
1759 551 2612 673 w h. Herman Jentts us
1779 621 2610 783 thars vnd der peybten
1788 713 2205 870 vnmbr g. hid
1720 929 2580 1105 ist Hanns Harttman ✳ oben
1685 1061 2593 1210 in pittlingdns thurn buttlis
1690 1147 2592 1299 befragtt worden, vonwagen
1678 1239 2615 1384 eins kalbs so venner iner
1709 1322 2603 1479 man von ihn alhar geschickt
1689 1427 2572 1568 wellches er solle, in Haus
1689 1513 2610 1684 suffen huß alhie abgfordertt
1695 1613 2572 1784 vnd ingsallzen haben
1667 1796 2559 1999 daruff er disen bscheyde geben
1661 1913 2560 2074 es sye verschiens imstag un¬
1674 1994 2587 2190 pfarlch by achtt oder vierzechen
1673 2085 2549 2245 tag gsin, das er vnd petter
1649 2184 2562 2355 Enderli im oberlandt gele
1646 2286 2586 2425 gnrogen, syende desselben tag
1646 2356 2544 2544 gad thun in die schalt komen.
1631 2475 2606 2645 da inen der jung miren jeden
1646 2543 2557 2736 ein halbs urerwel geben die
1638 2648 2472 2822 ste im bealltt, mitt anryh
1649 2744 2593 2917 er wette hern Ein halt in Born
1641 2838 2503 2991 haben das allso gutt unnd
1621 2923 2550 3095 feyß were, daruff ercenr.
1625 3020 2556 3186 inen verheysen, eins gan Bern
1617 3107 2590 3349 gn handt Kriffen hass geschicken
