3024 4032
727 267 1459 539 Uff Menndah den hn
653 387 1454 573 Apprellen im 1469 iar In
633 510 1463 655 gapenwurttgkheytt des f w
637 608 1519 779 vetter v werts des fars
613 657 1493 853 Alraham V grauenriedt groß
659 763 1518 924 wegbells vetter v grauennedt
640 845 1523 1065 der begern vnd die weybel
647 981 1134 1104 mier g hn
591 1092 1474 1318 In Jeore neiir, der jung
622 1237 1501 1412 alhie in der koffi befragt
621 1326 1414 1483 und im fürghalleren, ob er
622 1430 1518 1547 nitt geschinen mits bttwas gellig
592 1493 1479 1666 von brugdorff brahrt, so Ine
625 1582 1448 1767 von seiem hußfrouwen wes
605 1676 1460 1821 daselbs wordenn unnd vor
606 1773 1469 1920 Ettli lutten gttwan galdt
601 1877 1357 2010 oder gelltt alhie In der
567 1957 1028 2106 Billen pegeoltt.
617 2114 1440 2275 daruff er angeygrt Er sye
581 2229 1425 2370 fen in versliner hohwesen
585 2290 1454 2464 in Bngdorff by Frane
593 2387 1479 2541 inder dem schullmeyster gsin,
585 2500 1454 2642 den von putter ✳ lilb₎ wegen
577 2584 1500 2740 osuchet. Da er mit Im hinber
587 2685 1427 2821 v krnner und die wider
580 2756 1406 2912 far tragen, so habe er auch
572 2855 1515 2995 Ein schwoster zu berydorff shon
590 2935 1500 3071 so daselbs zur kronen dienett
575 3018 1464 3185 die sye aber gstorben, sunst
582 3123 1435 3300 sye er In 2 farren me zu
2510 202 2594 281 41
1694 280 2682 483 burgdorff gsin. Eiuer husframen
1689 429 2644 570 habb, sye dieselbige von samt
1706 490 2645 653 hallen und mit von bergdorff
1710 574 2676 744 gsin, die sye Im ach mit dode
1707 658 2618 841 abgangen. Da aber dr hieuor
1696 742 2630 927 in sandt fallen gsin, sye ben
1682 854 2611 1005 von siner hußfrouwen solls
1701 931 2609 1108 erbheyll worden, by den
1695 1048 2574 1189 40 gueldmen und alls er
1681 1106 2568 1283 harm kommen, habe er sinem
1704 1191 2625 1360 vatter vnd mutter Jedem 1 b
1691 1323 2641 1482 geben das sy im ebst thattent
1684 1402 2591 1558 de mit uszsachssunt ✳ das siy
1673 1492 2568 1636 im domallen bewielgett ✳ sye
1666 1598 2565 1746 Ion uff ostern 2 jar gsin
1727 1709 2667 1850 inst habe es me von buchdorff
1680 1817 2640 1950 weder sollde noch gelltt braht
1691 1896 2640 2077 ottsteil nach Langem anfaltt
1721 2032 2572 2164 hatt er angougtt, alls er in
1721 2114 2590 2239 der focheruhn vnd daruor dem
1721 2186 2604 2326 herer vnder dem schuusee
1726 2267 2569 2436 so franckk gsin gwachert.
1714 2390 2644 2516 by etc. oder 12 tof, habe er
1677 2440 2629 2609 by hinan baher zum fusern
1711 2535 2654 2732 ein silbernen purttellhrunfft
1707 2616 2569 2789 fùnden den er snomen vn
1708 2719 2651 2871 einem frombden silberkremer
1726 2814 2619 3009 so vor den meygern feyel
1718 2950 2589 3059 gheptt um x beien ver¬
1721 3014 2612 3165 khauffet, habe Ihn sin anmt
1698 3117 2641 3312 Jarin treben, wycher hatt
