3024 4032
813 311 1659 499 man inn den husratt mit
797 403 1666 585 nitz hatte lasen verkouffenn
761 461 1645 655 Warmt die geben sieinlich
775 572 1663 770 bzalt worde dann der Hustean
761 662 1665 823 sy den hundert kromen wa
791 749 1683 906 hsin ✳ sye aber stumb und wlene
794 854 1666 1009 wan dzs husz verkouff werd
761 915 1675 1064 man nitzen an hesolderenn
754 1007 1695 1208 und dieh gelten all bhalt werden.
844 1253 1675 1450 uff Zintag dem lasten
813 1383 1649 1543 tag jullei am 1565. jar.
789 1479 1675 1628 In bysin herren abraham .
829 1579 1672 1717 Graffenriedts Großweybels
826 1664 1693 1815 petter Erzinsen grichtscheibert
813 1758 1663 1908 vnd der weyblen miner S
803 1848 1650 1994 herren. ist einer gnempt
791 1962 1650 2075 Aiclanbs so siin ubernamten
814 2028 1668 2178 nit weys pedoch furgeben
798 2102 1626 2266 das er zu Breyrenbach zu
772 2198 1695 2349 Solochurner piet geboren spe
787 2286 1650 2448 In. der Keffien befrag
766 2394 1675 2546 und im fürghalten wie es sich
776 2506 1698 2637 des diebstals halb ✳ so er beganst
795 2573 1668 2733 zugetragten habe, was er ouch
789 2655 1671 2821 wichers getan vnd ghandet
759 2742 1712 2920 ob er ouch nit das geltnamlen
777 2819 1670 3005 mengerley einer frouwen u
756 2933 1676 3095 dem srl gnomen daruf
760 3019 1692 3176 Er anzeigt, das sin varer selib
775 3085 1677 3299 so mit Einer hiren vmbh
773 3186 1701 3374 30 g pedoch, voderman bekante
765 3302 1688 3487 gsen zu nuwi alhie und
2692 292 2764 371 92
1887 358 2795 567 ih gstorbt, da er nach dem
1849 458 2816 635 o ergeheget sein vater ver¬
1856 550 2695 736 lasen knachfrag ghepst
1850 613 2757 782 ain zwe eplachen er¬
1828 737 2733 871 fragt so im ffurman
1852 773 2786 989 schept, dr im ein dickeg
1861 890 2824 1082 pffenung und ettwas kram
1850 994 2811 1132 lis als namlich ettliche gut
1841 1084 2772 1225 zeyil vnd messel darumb
1855 1162 2781 1338 giebe. sannt ur im land¬
1848 1232 2806 1398 umbz zogin daran er frumen
1831 1320 2763 1458 vnd andern kram koufft
1861 1427 2780 1588 und Lerstlich sein kram einem
1831 1531 2757 1671 framer gneutzt peier den
1863 1610 2736 1759 kram allen lamenthaft
1870 1706 2789 1850 berkoufft der an dz seltzam
1846 1795 2733 1939 sele so mann by im fund
1870 1872 2770 2026 geb und hab das stelt
1852 1967 2749 2119 nit Entfrömbden dar nach
1835 2064 2777 2195 als er von Lureen durch
1862 2141 2794 2296 di Rutlybuch zogen ✳ p
1822 2209 2773 2365 Er vff ein hoff komen
1846 2308 2763 2446 willens milch Zeesen vnd In
1817 2388 2769 2558 sie stubn gattg₎ da syr
1862 2488 2765 2637 memant anheinisch gsin in
1825 2560 2825 2732 dem er ein bschlagner gurtel
1858 2633 2817 2832 so er an Ehmei nagel ghan¬
1864 2739 2774 2919 ger vrsecl denselben, Er
1870 2800 2783 2999 yder, Da danen gkomen
1871 2907 2756 3042 mit ii hin was tragen
1877 2968 2717 3153 welches In darnach gar
1864 3056 2769 3242 mechtig gruwen vnd hare
1867 3131 2815 3304 steen den gurtel widerum
1869 3244 2768 3417 dachin tragen der habe er
1882 3330 2794 3497 nit dorffn, wit nit wich
1884 3385 2394 3567 bemlich sein.
