3024 4032
737 294 1661 516 Das Inne ein welcescher von
753 406 1638 583 Nuwenburg ouch einer von
760 491 1653 674 bely gnempt drin soring
730 575 1678 748 Enckegs lassen und namlichen
722 699 1656 829 von Vetter Heimseller zmamen
697 744 1653 921 vnd verwaltter deselbenn
750 852 1644 1002 wehttschen im vasem winl
733 926 1648 1097 alsoufft welchen win er Im
745 1035 1679 1186 bezalt bis an xxi fronen der
730 1110 1670 1268 umb der weligten und beriger
725 1196 1665 1342 Gennseller Grosen Costenn
727 1298 1667 1445 uff In tryben jedoch zelest
732 1372 1658 1526 Im ancamter iinen schuld₎
755 1476 1637 1612 daran zegeb uff das er sy
730 1541 1682 1697 Inn ✳ bysin ei bat₎ einmal
761 1611 1687 1768 mit schuldn die er Inen vbergeben
750 1712 1661 1842 und uber antwurttung ettlich
746 1797 1657 1938 Schuldbrieffen bhelt welche,
755 1898 1672 2025 schuld berilffe sy abernachte shest
722 1974 1683 2097 im die morndes wider sebenn
758 2054 1680 2183 und wichern costen uffwyben wln
731 2137 1690 2266 darum er ein gelibtag angstehen
734 2216 1682 2350 als im der vom junckhernn
705 2299 1680 2424 erlouptt, hab er inn gfragt wir
709 2383 1680 2516 er funt simen gelten machen wi
720 2461 1674 2591 Darüber r im ganzwert
756 2526 1658 2673 wan man im usz dem hus
719 2602 1672 2768 und gnsrat well gan lasen
726 2683 1671 2825 was. wertt sye weide im
716 2775 1695 2929 ertwan 1gulde uberblyben
735 2851 1692 3022 vff, das der welitsch mit andern
740 2957 1673 3109 gmneinen gcht inngelts gee tag
721 3018 1698 3209 Angang Ittem bewahen
735 3124 1636 3273 Hern Enung von Belp
738 3189 1698 3393 so inn ouch inn legs lassen
726 3259 1696 3458 tharen anffer bschend geben das¬
709 3365 1686 3568 derselbig fùtr gi geg₎ den
1764 294 2766 522 Lanndenoger zu Trachste
1796 408 2786 592 wald nnb xxi fronen
1803 503 2728 702 burg worden welich mit
1795 589 2775 797 sampt ✳ fungelloch von Nuntz
1818 676 2727 858 von gmeinen gelt er well
1805 757 2790 932 wordtn sin gussrat zeverkoufen
1786 837 2794 1034 Als absr f. Hanns von Erlat¬
1818 940 2756 1123 xxvn kronen uff solichem
1783 1008 2810 1213 hnsrat ghept dann er ouch 8i
1801 1110 2798 1294 di sem fùr in burg worden
1819 1195 2787 1364 dar ni er jarl solich zusprat
1812 1301 2754 1465 fungsetzt, hat er sich nit zu¬
1831 1401 2787 1535 geltts tag znlassen wellenn
1817 1484 2765 1624 xy verburgett od brzalnt
1810 1569 2747 1716 inn dann so weler junen
1828 1636 2784 1775 guien spelte den husz✳
1799 1729 2742 1865 rarth innschlysen und mnelg
1806 1809 2732 1947 lafsen als solichs en zit
1788 1892 2773 2038 Lanns angstannd sr j. Hans
1823 1979 2734 2120 mit dei fahr ürgfaren
1821 2052 2754 2200 michern Costen Trobt ye das zm
1817 2139 2769 2282 hus rat zuͦ Kher als
1817 2211 2787 2367 mach dennselb ehnstratt us
1804 2295 2790 2459 Dem Sppther gehen sye der
1833 2363 2792 2533 selbig tum theill verrickt
1815 2461 2757 2617 und mit allen da gstin uf
1815 2535 2825 2691 ds er dem Junckhern augunter
1835 2637 2770 2788 er sol im erlonb den hus
1820 2683 2820 2859 nath alhie in der statt zuuer¬
1810 2762 2766 2897 rauff und was er as er
1843 2853 2823 3009 im schuld losen wurde gmeinen
1816 2948 2780 3109 geli Erschießen zelaßen, un
1831 3001 2752 3182 angseehn sins ergarens hab
1815 3123 2833 3300 Hangs  erlachn un¬
1832 3188 2731 3394 selben gnstrat ✳ ir dic₎
1826 3283 2730 3470 umb sin schuld winlich 27
1802 3337 2724 3535 brdnen werboufft unnd
