4160 3120
1088 126 1926 293 sampft einem mässer gegäben, die
1112 208 1889 377 krätzen unnd das ubrig, so sy bim
1098 288 1915 443 frauwe funden, habe siin bride
1098 354 1851 481 unnd Vetter genomen unnd
1125 426 1410 518 dehalltten
1079 512 1885 692 Darnach gegen tag am morgen
1092 602 1926 751 Früy als es noch finster und dunckel
1121 702 1873 840 gsin underhalb dem phynwaldt
1096 784 1867 899 inn einem gstrup oder gstüd bim
1100 858 1886 974 Roden, abermals nach fürgenommee
1125 942 1875 1052 wöß, vff luch gewartten. Inn
1107 984 1866 1107 dem dann zwen Mann mitt ein
1118 1079 1877 1194 ainderen khomen, wolche, sy dry
1108 1138 1866 1259 vuuersachenlich angriffen, Hamli
1128 1223 1881 1326 Roman unnd Hanns Zuber den
1110 1289 1860 1394 einen, den sy ouch betod gschlagen
1110 1355 1898 1443 knnd ermüntt unnd er krenz den
1105 1413 1892 1535 aunderen, so sich den die fluchenbey
1107 1503 1872 1603 gaben, mitt hartten strychen
1110 1554 1832 1666 ussmanen siner beyder mittgnoss
1116 1616 1869 1739 nachgluffen, aupfallen vnnd ge¬
1126 1702 1850 1805 schlagen, Den er aber nitt ge
1114 1771 1874 1877 eumen, niderschlachen, noch beheren
1110 1834 1862 1943 mahen, sonnders sic im derselbige
1110 1905 1862 2022 mitt luchem gschey, entrinnen
1087 1980 1875 2076 unnd daruon khon, von dem
1102 2059 1881 2150 ersten als dem ermurtten habind
1097 2130 1876 2211 sy ein Alpkäste vnnd viereronen
1100 2193 1876 2301 hällts bekhommen unnd den erodtn
1087 2254 1900 2397 Corpell inn die studen enschleyfft
1095 2340 1877 2451 von söllicher git sy imme frenngen
1084 2425 1871 2531 den ellpfäst unnd ein diekempfe
1096 2463 1810 2590 haben unnd die beydt das
1091 2570 1463 2665 übrich behalten.
1607 2604 1751 2756 ff
2724 152 2802 227 34
2036 180 2820 343 Vff seinliche sin des genampten
2011 274 2709 388 frantz zubers bekhannte verich
2044 318 2802 465 khoche, gresse vnnd schwärrer musserhan
2044 411 2783 542 habend hochgenampt nin
2034 464 2828 612 herrn unnd oberen shulcheys thar
2032 555 2799 673 und bunger ✳ diser loblichen statt
2017 621 2792 765 eynn ✳ uff dren sydt zuͦ racht
2028 644 2880 808 erkhene umd esprochen, das man
2030 752 2849 895 denselben frennz buben dem nacht
2039 835 2783 966 ichter bewelchen, der Inno vff
2030 910 2776 1008 einen laden gebunden, oben uß
2023 985 2796 1106 vff gewonliche Eichtstatt schleyffen
2023 1079 2816 1173 ime alda us gnad unnd parm
2017 1136 2746 1243 gerzigkheytt, Inansachen sines
2005 1214 2847 1331 eugens und vorheytt sin soupt
2013 1283 2762 1403 abschlachen, demnach das Heupt
2017 1362 2757 1469 sampt dem Corpell, inn ein
2008 1437 2751 1542 vnd flechten, inn die Höchi uf
2010 1516 2785 1615 rieften unnd also vom läben
1998 1568 2794 1705 zum tad nach eysserlichen tächtn
2004 1668 2361 1777 richten soll.
1990 1937 2748 2076 Imme alda sine glider mitt dem
1992 2010 2772 2148 vnd verstossen, Demnach den
2004 2104 2687 2216 Cörpell dun ein tad flecht
2010 2175 2751 2282 Inn die höchi ufrichen, unnd also
2003 2249 2684 2339 mitt dem rad von läbe
2011 2310 2760 2430 zum tad nach beysselichen füehe
2003 2373 2509 2494 rehten soll
1991 2490 2752 2602 ist denen von wällig mitt sampt
2017 2559 2741 2667 diser siner vergicht abgschrifft vb
1995 2632 2273 2717 schickt werden
2845 2400 2887 2446 2
2801 2467 2874 2517 elis
2824 1361 2865 1422 s
