4160 3120
1267 90 2028 267 ernd geschiiten, ein fängell
1308 186 2009 336 thirr genomen, vnnd einem
1250 268 2050 432 frembden schuitter, umb fünffthalben
1272 349 1956 493 sachen ze thouffen gäben.
1229 477 2030 648 Dene vor acht wuchen zu vo¬
1251 583 2044 725 lochurn dem Hanmb Benchart
1254 665 2027 790 dem er gewoshn, vier mäß khore
1366 756 1991 849 Deinenwagen unnd en
1260 826 2065 962 yedes maß umb dey bätzen verkhanfft
1216 1013 2028 1125 Item umb nechstuerschume ostenn
1251 1080 1992 1170 habe er sampt abgemellttem
1282 1140 1995 1247 mein gsellen zu Merkilchen
1273 1203 2001 1293 im Kaller, mitt dem vorgedachtn
1267 1272 1988 1390 laucen schröttysen ufgebrochen.
1255 1342 1968 1452 darufs sen kass ✳ unnd on¬
1267 1420 1947 1520 guarlich. 6i maß aucfen
1260 1480 1958 1597 gestolen die eydt kùsz ✳ umb
1284 1552 1973 1656 ei batzen unnd den ancken
1268 1627 1991 1724 se ein mass umb 1n bat zu
1275 1691 1994 1812 solochurn verkhönfflich hingabn
1211 1806 1988 1933 denne habe er mitt hilff und
1255 1893 1898 1996 zuthun, zwöyer siner gsellen
1248 1955 1993 2070 und mittgnossen diss angeenden
1223 2031 2009 2131 Jarb zu Munchringen dem bytt
1241 2104 2007 2196 Wiemier, sinen wycher by nacht
1247 2153 1946 2273 unnd näbell mitt einem sächen
1233 2260 2015 2356 das sy uff einem veld us einem
1244 2314 1996 2416 pfluc genomen ufgebrochen
1253 2391 1992 2492 darufs zächen wyberrok ein
1235 2462 2029 2570 wellen Zinm tuch, so onguerlich
1219 2537 1978 2663 sy den 7t ellen gehallten
1785 2619 1908 2701 En
2925 112 2977 177 4
2172 144 3015 298 Ein wyss par Hosen, ein schwartzin
2217 218 3035 368 Hart ein frouwen seckell, darinn
2199 299 2933 429 vierthalb pfundt gälles gsin, samp
2191 349 2975 498 anhangender besteckli massern
2167 417 2996 540 ein sinn unnd ein par cweissen
2165 495 3014 623 Belli ermell liben tüchli ein
2197 552 2996 711 hwartzen Lünschin gschopen, bin
2145 659 3011 779 goott schwytzer Barrett gestolen
2190 744 2981 840 von dem allem imme unnd verpen
2180 810 2989 934 namptem sinem ersten gstellen
2169 889 2981 1006 die wyssen hosen der frouwen
2192 964 2969 1075 vekell sampt dem galltt unnd
2181 1042 2923 1156 bsteckd massenn, die ui tuchl
2184 1092 2972 1221 unnd das roott schwytzer Barrer
2162 1186 2970 1282 inn der rylung gegen irem dritt
2156 1255 2994 1362 gsellen worden sye. wolche ir
2165 1312 2970 1442 beyder gezüchende theyl, sy zu
2151 1386 2982 1518 solochurn, an ettlichen wuchmaritten
2151 1470 2967 1579 verkhonfft, das erlößnn pälle pe¬
2141 1546 2952 1645 theylln. darvon imme ottinper
2152 1624 2988 1734 onguarlich by den n eroner
2148 1704 2539 1798 gezigen habe.
2112 1816 2293 1955 Irem
2315 1848 2969 1948 zu oberbueren mitt hilff
2124 1919 2970 2031 genampter seiner beyder esellen
2168 1985 2883 2093 naches gegen tag, aber einen
2139 2049 2961 2167 Erycher mitt gedachtem laupen
2124 2135 2913 2243 schweysen gptägen darufs
2156 2219 2926 2314 der husstuthin wyber rorkt
2163 2281 2917 2377 eregen, vnnd deren ein ged
2147 2341 2965 2479 zu Solochuen um i lb ver
2154 2413 2976 2535 khoufft, daruon Imme der dritt
2184 2507 2900 2637 heyl an gällt woden sye
