4160 3120
1233 158 1949 334 odem praesemribus obstadt
1531 303 1693 390 ouch
1351 412 1958 555 Blnnxi Salmngmalhie
1639 519 1811 591 qurttig
1157 607 1975 720 durch genampte herrn zu Marckhil
1165 685 1868 779 exammer und befragt worden.
1163 747 1971 870 Erstlich ob sy behantlich, das sy den
1160 812 1942 933 irlans Mweyen als sunste deselb
1188 901 1942 1023 ein mal von di gescheyden
1184 966 1966 1094 worden, angethan habe, daper spa
1184 1039 1993 1173 mit habe mogen lassen, vnd geglig
1188 1113 1962 1219 nit on spa blyben mosen. Deß
1206 1159 1997 1291 alb dann sy beyde sampt von hohgen
1362 1275 1938 1357 men E. Hern, uß Jer
1172 1337 1933 1433 gard₎ statt lad und eepier
1182 1397 1919 1497 mitt dem Eyd verwisen worden
1200 1469 1970 1582 ber den selbigen byd, sy sich aber har
1191 1547 1968 1650 gelassen vnd sy beyde sich
1201 1607 1970 1727 zitt laug zu Vlleitz ame
1179 1690 1944 1795 vohren gepieten einthalbten. Da
1191 1758 1874 1861 dann sy zugriffen gestolen
1200 1805 1986 1937 und sonderlich der Müllen zu Bamma
1192 1891 1971 1987 ein Erbar Ana pallis uss den
1199 1943 1977 2061 füller mit fräubder, velgendts auf
1194 2022 1960 2153 tern man darrzu anewisen, das er auch
1194 2097 1971 2214 uss denselbign küller gallt geor¬
1188 2163 1930 2279 wie er sich den alhie näche alt
1185 2231 1913 2349 selbs erkhnt und sy dess angaben
1177 2293 1936 2412 habe. Item das sy alhie Im
1179 2367 1953 2482 Vatter, vnd anderlichen Inn der necht
1191 2445 1963 2555 furschafft hin vnd wider vil zugs
1175 2551 1925 2641 untrrgn und geetrüwen, söllt
1170 2607 1891 2744 darb die warhyytt anzug
1670 2722 1811 2828 Vff
2846 99 2922 165 13
2113 177 2954 357 Vff seinlichs sy gentzlich mit gisten
2121 261 2896 414 wollen das sy zn man ertwag
2108 315 2887 467 anhan oder zeässe gen, das er habe
2262 405 2821 510 eilliche ubrsie willen
2105 462 2922 595 ra angemeng sin, sonnders sy habind
2107 543 2955 679 sunste ein liebe zusonen ernermen
2119 617 2885 734 als wol zzu im, als wol er
2106 725 2285 805 zu Jra
2078 755 2936 892 Denne so wüsse sy ouch dun dhene
2115 838 2893 955 wëg von Thenren die bstal mit des
2111 910 2859 1014 Auch Iren man zu Vllun oder
2112 960 2923 1087 Bamma beschächen, nach Ime vl vnd
2103 1046 2905 1163 zestëlen abwißen, sonders sy hab
2114 1124 2874 1226 sich alda mitt napen Eerlich vnd
2092 1177 2924 1316 kndlich erhallen, vnd weadin
2112 1276 2878 1378 eenewer. Vnnd so Ir man
2123 1348 2887 1461 sy des ortts beschulditen, habe
2114 1432 2891 1515 ie dare gwallen vn vter
2102 1482 2905 1590 gechen. doch khöne sy mit
2115 1577 2311 1662 aberd sin
2492 1558 2905 1673 das sy leyder) über
2322 1564 2482 1644 dan
2106 1647 2934 1750 vorgedachen eydt einwen in den
2115 1713 2942 1817 mal alhar In die Statt preyssen
2082 1775 2873 1867 vdd danabern, von In Vorter
2087 1847 2854 1938 Grott maln, vnd ettliche stueck
2105 1914 2933 2025 husrrch mipfas dauch sust alda
2112 2003 2855 2069 ettwas eineig darzu e
2102 2059 2831 2139 als des vemenes das sy deß
2112 2132 2855 2217 Ee Ir vatter vol gwalle
2122 2188 2897 2280 ette, Ouch Irer Gase Barbli
2113 2247 2903 2341 salun gr uff in zytt zwe
2109 2316 2915 2417 fienen fleyschmagen, vnd andes
2691 2385 2919 2454 gne
2168 2381 2680 2464 zu bess vhandlet
2549 2430 2836 2500 Ist getdn
2116 2444 2417 2512 s xrd
2109 2477 2859 2580 worden, und nychtr  behonnlich
