4160 3120
1404 293 2137 444 Die ordnung so im vorplässen
1418 356 2143 504 zuschwerenn dro stat zethund
1412 413 2167 569 vnnd darwider niemen zuhanndte
1418 477 2154 633 mit gannn demutter vitt im
1434 519 2170 707 so söllich tarffts sundten zehelff
1423 587 2161 751 Damit sin Härr gerüeiget wede
1422 642 2105 799 Soll die orndeinng schweren
1418 710 2151 847 vnd ein b In der Cantzl, neme
1492 856 2124 999 rodem usenntibus zu
1497 921 2074 1086 groß veyellg Mannehs
1496 989 2137 1130 vnnd F Hanns Wilhelms von
1297 1023 1799 1131 mulmendr Burgern
1520 1097 1632 1197 hatt
1478 1198 2055 1375 Hunn Rung is feyn
1488 1293 2019 1413 burg plett der filchom
1488 1355 1791 1457 Tuttfugenn
1337 1458 2040 1589 sich vor Hanns Meis. dem
1376 1531 2061 1662 Leyger von oching₎ ✳ entschlos
1334 1595 2056 1719 unnd anzeift das es sich un¬
1349 1653 2040 1772 pfarlich vor 2 jaren begaben
1334 1704 2018 1822 das er zu friburg alls ir die
1358 1776 2029 1889 tatt uffganng vsondt das
1334 1851 1991 1945 Herr Werlli dissm Hanns
1361 1901 2016 2004 wyer der Meygen urlouben
1314 1965 2022 2050 gabt unnd nach dem un vf
1470 2016 2056 2107 vil inn des wurtts hus
1338 2086 2055 2161 im böuwenn khommen willens
1290 2129 2034 2221 ein trunck sthund ✳ hab er sen
1333 2187 2018 2270 nellt meypen alda fundt, der
1307 2235 2012 2337 gfraget, wo er us welle uff
1298 2305 2047 2384 das er im prantwurttet erwell
1315 2349 2032 2457 vff den abendte gan Tutting
1272 2422 1985 2506 Jedoch alda by einanndeen
1298 2477 2001 2569 tlich ✳ unnd alls sy am monn
1292 2524 2015 2637 uff psfannd ✳ habe er nach sin
1285 2606 1994 2704 naßen tumppenn Gryffe aller
1294 2661 1940 2763 denselben istt mher fan
1284 2723 2013 2848 thon₎ sins inn die rachi
2895 289 2952 367 51
2419 358 2955 461 alda den menger fun
2254 419 2400 511 pann
2374 395 3005 540 uff der fhürblatten zellen
2264 477 2374 551 pellt
2271 440 2991 605 vnr zu dem er vrsaten
2285 498 3036 652 o er villicht nun im gschruffen
2324 573 2968 697 solltr er im sin pellt wider
2277 641 2960 783 gebenn, wellches der meyper
2272 690 2990 818 nit fürgutt uff gnommen sprach
2267 767 2958 883 ende sin h hatt im des pel¬
2273 812 2987 951 leben so er angent zu sein hern
2284 882 2985 987 gang₎ unnd pfragt ✳ ob im alls
2298 954 2983 1049 ice der hab im pranntrenten
2294 1005 2976 1101 wem er habe im uin prbeie
2251 1075 2950 1172 unnd innt pheyssenn das so der
2281 1133 2948 1219 menger pellt hab das er imb
2258 1187 2991 1282 nemme, dann er wußt das sekein
2267 1248 2998 1348 pellt phent, dem erpenolten
2300 1304 2958 1415 iderum inn das wurtthuß
2256 1373 2892 1481 gangn sich zum merger ps
2265 1434 2932 1528 unnd plich nach sin secfell
2271 1490 2943 1599 griff den obgsthintt₎ ✳ und
2259 1549 2938 1655 der wurttin zum domren
2255 1624 2968 1736 Anna Trumettern vff Racht
2264 1674 2987 1796 gebehallt gebenn, Mornendes
2259 1735 2978 1859 bebindt s das pellt gezelle
2249 1792 2942 1920 habind es min alles sammen
2219 1844 2888 1967 Runck deßtalb er den
2232 1905 2939 2040 Meyger dahin gfalle das
2243 1965 2950 2117 er suchenn müssee, wo des hin
2240 2049 2930 2206 gethann, der sige zur tfür
2247 2109 2291 2167 u
2291 2125 2949 2248 spannpt im sinen taßen
2246 2164 2939 2319 lumppen berracht unnd versproch
2243 2219 2906 2391 gätt inn in schuyen fünt
2239 2273 2940 2456 vff das gönsche die wurtte
2233 2359 2942 2523 Ermellt Metger eetiras pellts
2215 2419 2944 2595 das erbi tra vezeit od wollte
2238 2478 2911 2641 iin schiert behallt batte en
2216 2500 2973 2730 vn die iten  re
2233 2581 2935 2778 eyt so es inmasse wellte er
2213 2635 2873 2838 vn ges be dngen
2210 2698 2434 2810 e g
2227 2765 2394 2846 und e.
2452 2765 2923 2907 di errgehen
2074 2788 2917 2958 ereiftt vd zu Shöneh, das er Jra¬
2191 2855 2813 3010 heid tagen schweln mi
