4160 3120
1314 247 2105 408 wägen, genengklich engelebt worden.
1312 313 2074 454 unnd dahar billich sin lyb unnd
1304 373 2108 539 läben verwürckt. Aber uß grosser
1303 444 2100 587 gnad unnd Barmerzickheytt von
1306 523 2090 661 hochgenampsten minen g herrn
1307 576 2072 733 unnd obern, schulltheyssen unnd
1301 654 2123 804 ethatt diser statt bern ✳ uff trung¬
1304 720 2112 875 einliche fürpitt siner nachpurschafft
1392 789 1460 853 ihr
1306 809 2089 957 Berender frunden unnd schwanger
1300 876 2070 1018 frouwen, imme erzeyen, siin ver¬
1294 954 1976 1069 wurckt laben, vff ein vber
1967 988 2057 1085 sich
1306 1027 2083 1165 selbs gegäben ursech gesthnunckt
1298 1110 2071 1231 vnnd vff verhoffte besserung vß¬
1305 1182 2079 1292 glassen, hiemitt ime ingebundn
1314 1260 2041 1374 wo er sich dafürhin, vber kurt
1297 1343 1563 1433 oder lang,
1560 1350 2034 1437 Inn derplychen oder
1304 1399 2061 1525 annderen übellhättigen sachen, miß
1302 1495 2049 1588 gutten, Man alsdann aupendts
1299 1559 2054 1679 one alles uerheyl sprächen, ab seinem
1282 1627 2046 1740 lyb unnd laben richten unnd
1293 1707 2056 1810 gegen imme erstatten unnd hand
1293 1769 2075 1886 len sölles, wie sich gepüren wurde.
1306 1843 2026 1952 Wölche straaff aber an imme mit
1310 1914 2040 2010 spuil erschieslich noch fruchber
1298 1987 2042 2087 gsin, dann das er sich darüber
1305 2042 2048 2150 wyther mißhutten unnd übell
1302 2111 1686 2208 vergangen habe.
1272 2209 2030 2337 Alle erstlichen vor Eiben Jaren
1276 2304 2021 2406 Inn der Brud dem Heinrichen
1283 2376 2066 2475 Im Beld Metzger zu Farouw sinem
1296 2440 2053 2538 pfatteren, inn der suben ab dem
1292 2522 2005 2617 Tisch ein faler inn bemellts
1311 2581 2052 2686 ins gfattern gagenwürttigtheyrt
1298 2648 2039 2766 Heimlich erwütschen, vnnd darmitt
1852 2735 2029 2805 darvon
2245 329 2971 438 daruon zogen, wie aber derselb
2234 398 2972 499 imme nachgeöllen antroffen unnd
2242 465 2998 567 gschlagen, habe er imme denselbigen
2241 527 2931 630 Faler wider umb hin gäben muß
2204 630 2986 750 Denne als er uff ein zytt mitt
2267 712 2967 814 mein stieff zun ✳ hinab gan
2222 786 2974 887 ollten greyssen, habe er under
2228 856 2989 955 wisen an der straaßs, dry rächen
2231 915 2962 1032 an einem zum fundenstan, nie
2224 982 2937 1101 mandes darby gsächen, deßhalb
2232 1042 2959 1149 vermeinen, Es hatte ettwar die
2245 1113 2998 1221 selben kächen alda verloren, darumb
2225 1173 2979 1307 die rëchen uff sich gnon, da sige
2224 1246 2949 1359 bald ein knab macher khon lauffen,
2229 1319 2963 1435 unnd sy umb die rächen angsprochen
2217 1403 2968 1502 mitt anzeyg, das er vier fächen
2228 1470 2953 1575 verloren unnd nit allein dey, da
2224 1525 2921 1644 er dem knaben grantwurtten
2209 1609 2935 1734 so wurdens die dey mit siner sin
2223 1695 2917 1796 unnd alß abchädigert, volgenndts
2204 1762 2914 1870 solliche rachen underthalb inn
2211 1824 2914 1952 einem dorff, umb dey doppler
2215 1893 2532 2023 verkeheufft
2153 2024 2926 2166 Denne onguarlich dem Borung
2171 2122 2902 2225 Weelin zu Klttingen, als derselb
2199 2196 2917 2298 noch niemandts annders sy hus
2191 2247 2866 2377 esin, die hus thür ufflüpfft
2186 2318 2949 2438 zunn gangen unnd alda us einen
2183 2370 2913 2507 Fraß, so mit bschlossen fünff
2181 2448 2565 2555 diekpf gestolen
2158 2543 2947 2669 Item aber zu Küttingen dem grören
2171 2617 2915 2743 kircher, inn seier stuben uß eine
2185 2677 2893 2794 bschopen ein taler veruntruwert
2960 1737 3009 1805 pil
2961 1794 3009 1860 d
2968 2331 3036 2364 n
