4160 3120
1207 396 1901 520 Hieruff er soilichen bscheidt
1238 476 1946 573 bschrydt geben ✳ ob sye war ✳ als
1237 540 1922 629 ims von einem khonffherren
1232 595 1949 691 von teuff ai namen milans
1239 649 1892 744 Duferr zwey und fünffzig
1232 709 1983 803 vas mit wyn gan frouw z furen
1247 764 1914 848 verdinget worden, mir dem
1269 823 1934 893 vorbehalt, das er du frre zeln
1273 882 1935 970 gleyt zelen soltte, Eie der
1277 943 1901 1037 elbig myn durch den vogt
1256 1006 1901 1099 von nydouw von des zolns
1277 1069 1926 1159 gleyts wäxt von wagen das
1295 1116 1971 1219 edachter duferren im gegenwürtig
1266 1184 1974 1272 Ewäre, das er es abricht khome
1285 1234 1945 1331 syeer domalen der selbig zold und
1277 1303 1872 1394 gleet versprochen worden
1262 1369 1905 1462 Da fyeer damalen inanser
1295 1400 1953 1510 das syne knech zuͦ Nydbuw
1286 1476 1933 1563 acht tag im kosten glägen und
1274 1526 1957 1626 uff den wyn grwirtter ✳ und an
1275 1593 1977 1687 das ir an ein unfal von ettliches
1308 1643 1956 1749 buchs wägen kkhommen, sin wyb
1289 1707 1887 1805 und bind ouch jar und tag
1599 1756 1946 1852 Verursacher das
1272 1765 1600 1865 branck glägen.
1280 1822 1940 1920 er söllcher gstaht mir dem wyn
1255 1856 1979 1966 hinweg ghiren vor und be zoln
1277 1952 1985 2021 und reytt erlegt worden, jede
1855 2004 1958 2086 nd
1290 1997 1848 2091 achwets seye es erleyt
1260 2070 1948 2165 ehaht worden, welche inne
1271 2134 1902 2227 Obel seruwen, das er solcher
1272 2197 1933 2296 gstalt ich nun e heren über¬
1271 2258 1912 2357 sachen, Bige aber allein usz
1282 2322 1898 2410 denen oberheltten vrsachen
1274 2358 1926 2481 beschächen, das ir grn sine
1262 2440 1938 2543 dienst ab dem kosten pferen
1251 2517 1393 2613 Häre
2765 310 2835 388 105
2059 334 2822 478 Zum anderen ist im ancdfürgheltn
2098 418 2784 539 ober bstendig sein, das er iu
2075 469 2853 597 fauel vber das vergott ouch ettwa
2084 529 2691 675 zigs huweg gfùrtt habe
2256 633 2864 769 seilichs er grant wurtter
2115 683 2255 781 uff
2119 715 2883 823 es möge sin das er seinlichs gedan
2108 762 2831 882 hatte, es habe sich aber die sode
2112 839 2891 948 zutragt, als er von Hans Im fanel
2100 895 2842 1006 die wirttschafft sechs jar Lanng
2118 963 2793 1067 empfangen, da er imce alle jar
2112 1011 2854 1127 ein vnd drissig eronen zegeben
2106 1086 2780 1199 versprochen, oulso zebehallenn
2100 1161 2792 1258 den halbe theyl uff wienachten
2111 1186 2828 1294 vnd der ander gegegt vff H. Johans
2117 1282 2765 1375 tag man gidinge wan imb
2081 1333 2864 1438 Rummen die wirttschafft im gfellig
2126 1418 2876 1509 er sy vermelttem hins im fancl
2102 1455 2868 1558 vor einem halben jar uffgeben
2198 1527 2833 1635 ann habf es sich begeben
2139 1542 2201 1626 oll
2111 1581 2860 1698 Als dem khauffheren von Teuff
2134 1655 2846 1744 den wyn hinwweg gfrget, seg
2136 1707 2870 1820 Hanns iin janel ims Rum̄el
2141 1772 2847 1882 und siner zuszfrouwen sinder¬
2629 1825 2706 1882 noch
2155 1848 2817 1948 ucks über das er Eme nutet
2143 1912 2867 2012 schuldig ✳ die wirtschafft ouch mir
2159 1971 2861 2081 uffgeben ✳ zugfaren dieselbig
2128 2046 2864 2149 Wirtschafft einem andern verlyde
2124 2123 2853 2217 und ime all sin haab und gur
2141 2176 2865 2284 schnomed sige er zuͦpfarenn
2155 2240 2903 2340 als er widerumb von frouw uffher
2145 2299 2897 2406 eannen und siner husfrouwen
2127 2369 2922 2471 Eliyder, als der vott von keurn
2141 2435 2895 2537 vergott mir gwüst im fauel
2168 2496 2955 2597 erycht hunweg gfùrtt und als
2171 2570 2949 2668 der regt darzu haben vermemt
