4160 3120
1121 121 1909 284 Denne dis Eeents, dem Wil¬
1128 219 1851 351 Selin Böcklin usz siner kuch
1113 262 1925 398 ab einem sthafft ein goott willen
1128 350 1866 476 zembdli unnd einem meygen
1098 390 1902 563 Bnächen vmb vd batz verkhoufft
1092 563 1883 694 Denne zu Solochurn auh diß
1116 646 1915 775 gerpsts im spittaal uss zuson
1127 737 1932 836 gang ein houwmässer, das ergen
1093 801 1929 919 Berren traxen, daselbst zur frono
1119 881 1754 991 fin hero Uri gaben
1071 1007 1900 1128 Dene zu pritmen inn des
1122 1102 1883 1209 Ammans guss als ir alda uber
1138 1174 1874 1295 nacht gsin, seinem krächt uß
1130 1248 1913 1355 der kameren ein schinlich tram¬
1145 1323 1889 1432 stell, dasselbig zu thun
1137 1398 1887 1501 em murtt im feynn hoff
1155 1463 1828 1585 umb zwo vii glassen
1088 1572 1799 1702 Denne nechstuerschimens
1139 1664 1874 1764 frulings ✳ us des predicann
1152 1705 1916 1833 guss zu Biplen der june übr
1132 1791 1920 1900 nacht behallt, ouch schürlich wam
1153 1834 1917 1945 ull unnd eiem Müllerbech
1139 1910 1884 2030 umb pii batz vkhoufft.
1104 1977 1889 2101 Denne vor dieen Jaren, alle wyl
1133 2064 1905 2166 er zu inderlappen gedieren ine
1119 2131 1905 2249 des Almano zu Ihmn huß
1123 2214 1877 2311 ein kleinen silbereumen bäch
1126 2271 1928 2370 entfrömbden unnd Ludi nüw
1111 2315 1927 2475 enschwandern gewäsenem dener
1135 2419 1901 2556 zu munstingen umb gxbatz
1109 2502 1787 2622 unnd zwo rettmen gäbe
1631 2617 1856 2699 Deme
2010 173 2813 300 Denne aber diß feülings zzu
2048 258 2771 383 Ulmitz Inn Echindles snss
2039 318 2803 462 zwen yße weggen uss der buch
2056 405 2843 543 gnon den einen figgysen dem
2045 478 2861 622 sthundt umb 2 gross unnd den
2042 553 2843 669 anndern einem holzschytter umb
2045 628 2707 768 m ernzer verkhonfft.
2022 745 2839 871 Denne zu trunsten verangnen
2053 819 2852 923 winntes, eines Burenknächt, inn
2044 897 2870 992 des kameren er vbernacht beheiben
2213 964 2852 1074 ussten seckell der inn einem
2054 982 2201 1047 worden.
2044 1025 2678 1144 Eschopen gstin ein diebenp
2026 1160 2860 1264 Denne aber domals zu erunsten
2064 1246 2858 1345 ein heblich nagell uß einem wag
2053 1315 2828 1411 zogen, unnd einem puren, vmb
2062 1378 2396 1497 2 ß gäben.
2038 1501 2822 1614 Denne aber berangnen wmmittes
2055 1587 2825 1682 obemhalb Nüwenege, da er auch uber
2067 1633 2838 1731 nacht gsin, ein alltt boss Biel
2055 1711 2817 1806 Ouch mandes daselbst inn einem
2058 1762 2811 1881 annderen huss ein ysenen wege
2061 1807 2855 1942 beyde stuet dem wurtt zu Toff
2063 1904 2815 2017 umb p trutzer gekhauffen glasen
2019 1985 2885 2118 Denne als er nachttuersthinnen osten
2051 2077 2820 2187 alhie zun päblichn ubemnacht plax
2052 2132 2864 2233 habe er morndes am morgen, inn der
2038 2198 2853 2305 jungkfrouwen farneren, uss einem
2054 2268 2883 2374 unbeschlossnen Tröglin unnd darin
2052 2342 2862 2432 lippenden eeekell, dru pfund
2049 2402 2823 2502 galltts gestolen, wolches aber sein
2058 2483 2639 2582 vatter bezalltt habe
