4160 3120
1189 133 2000 358 uff donstag dem v tig wig
1208 258 1973 416 monatts, diss pv Lxxi Jarr
1185 314 1992 505 Inn gagenwürttigkgeytt, der from
1190 405 1970 559 en ehersammen unnd wysen herr
1197 473 1984 635 Vetter Buchers des ehharts hug
1193 548 1960 696 Müllers der Burgeren, Hanns
1193 624 1952 759 Mannels Großweybellis unnd
1188 696 1967 847 der weeblen miner g Herren
1184 794 1501 901 gmeinlich.
1193 965 1974 1100 hatt diser gägenwürttiger lupolen
1181 1051 1946 1183 Sutor der junp alhie vmtlg
1185 1126 1927 1233 zu Marckzili nachvolgende dieb¬
1195 1197 1941 1307 staln vkhennt unnd verzëchen
1086 1379 1932 1523 Erstlich das er vor vier Jaren
1163 1463 1917 1597 Jacob Lienhartten dem metzger
1179 1543 1911 1663 alhie uss sinem guss im gang
1167 1626 1938 1735 zwo schlegell alchs genonemen
1167 1693 1935 1801 die byden, er dem jungen figp¬
1182 1738 1918 1867 osen uff platz umb fùnff groß
1169 1813 1637 1922 verkhonfft habe.
1128 1901 1915 2034 enne aber vor vier Jaren, als
1146 2008 1895 2108 er mitt einem gutten gsellen
1148 2051 1925 2173 zu Schwarzenburg scharff khoufft
1139 2119 1870 2231 habe er im heimterben sollcher
1149 2184 1934 2302 chaaffen, sinem gsellen unwüssenden
1126 2252 1912 2362 ein schaaff, das nitt das sin gsun
1139 2330 1886 2430 unnd uff einem veld geweyden
1128 2390 1912 2497 shan zu seiner kuppellen gehes
1110 2457 1916 2572 alhar gebracht, unnd inn der fleyß
1108 2546 1567 2639 schaal vermetzgett.
2101 222 2925 344 Genne vor desen jaren dem
2124 315 2949 393 Burckhartten von Erlach zu Bin
2120 365 2924 482 lich uffei veld ein sthauff ufghang
2121 421 2954 543 henm triben, inn dee schaal gemetzgn
2109 507 2924 605 ußcheylle vnnd das erlößen pallt ver¬
2112 577 2885 683 Zern, wolches schaaff aber daruah
2112 639 2904 755 beruettem e Bunckhaute be¬
2097 714 2598 790 zalltt worden
2092 833 2883 983 Aber zu Biinelin vor deyen
2086 936 2865 1036 jaren einschaaff ufpfangen
2115 982 2785 1088 unnd wollen sein tryben
2115 1052 2868 1184 sig es im aber durch den hirrt
2100 1131 2502 1221 abgezagt worden.
2505 1157 2566 1245 .
2076 1263 2864 1417 Item vor zwoyen jaren, plycher
2086 1364 2868 1479 Wys zu Binplin uff veld, aber
2097 1425 2862 1532 ein schaaff genommen unnd als er
2089 1485 2855 1600 darmitt gan Wyyermans hus
2089 1537 2819 1690 thon, siy imme der Jhenig, deß
2079 1615 2868 1735 dasselbig schaaff gsin begegnen
2082 1681 2829 1827 dem habe ers widerumbhin lase
2076 1744 2237 1846 müssen
2057 1830 2810 1972 Denne diss herpsts daoben zu
2078 1928 2859 2025 Ihnn vff der alllmend aber ein
2100 1976 2863 2093 chaaff ufpfangen, alhar geriben
2069 2064 2875 2146 unnd dem württ zum hirren
2070 2122 2803 2242 alhie umb ein gnldi zekhouff
2085 2163 2227 2248 gäben
2097 2278 2873 2402 Denne vor vier Jaren, von Ulrichn
2076 2337 2851 2460 dem wagner an der Eingnune
2081 2394 2851 2504 ein elchs entlenen, die er dem
2072 2457 2858 2585 Spiesmadher im liedbach ✳ umb
2066 2518 2705 2662 i batzen gekhanffen glassen
