4160 3120
1086 118 1843 276 denne diss simers zu Klrberg
1110 229 1858 329 ei Bader, vß der kamnen Inn
1098 281 1887 401 deber uberacht glag ein hembdl
1098 350 1888 465 das einem welschen psellen zu be¬
1098 413 1738 524 lach, umb 1x. truzer gab
1077 479 1890 625 Denne wischer gedachtem Badeen
1101 580 1888 702 ein stuck ader darufs vier schu¬
1104 653 1463 748 blatz gmachen.
1067 746 1896 889 Denne dem Predicannen zu sre
1116 823 1906 965 dorff ussen näbend paden, ein ysine
1119 912 1881 1003 eggen, den dem schmid zu Mee¬
1096 954 1808 1091 kilchen umb 11 ß verkhaufft.
1062 1109 1890 1245 Denne als er vnnd sunst noch einen
1104 1196 1847 1314 dem Groy geuttern gehollffen
1116 1264 1896 1384 zehuß ziechen, habend sy uss einem
1110 1337 1832 1454 enckli zwoy Hembdl verstoke
1092 1399 1893 1526 das ein einem schmid bracht umb
1110 1480 1911 1584 ß. vnnd das ander sunst einem
1088 1539 1852 1660 umb un  ß khönfflich hinglass
1055 1662 1853 1761 Denne vor einem Jar, Hant
1116 1752 1887 1842 zu Riedpurg, bydem er zu lebeig
1109 1807 1883 1929 gwäsen, inn der stuben uss einem
1116 1887 1894 1990 ramell in dickpf vermnenert
1062 2009 1841 2138 Denne verschinnens wuntters zu
1085 2096 1849 2191 Hagstetten, eines puren knacht,
1080 2153 1889 2275 by dem er glägen, uss der kammern
1076 2244 1824 2337 Ain Hembdli unnd alhie einem
1085 2294 1818 2414 welschen gsellen umb 4 ß gaben
1080 2388 1836 2493 Denne aber veschinnens wuttes, dem
1096 2449 1863 2546 Hans suorn uss seinem husgung
1090 2503 1799 2626 ein ysien weggen, den dem
1083 2549 1896 2664 Sthund zu Wattenwyl umb 6 s
1084 2624 1601 2753 zekhauffen glassen.
2021 162 2835 300 Denne plycher wys dise iemtters
2028 224 2828 353 dem aman zu Walckenp ein alchs
2023 292 2839 418 ab dem offen müwli gnod, die dem
2025 365 2699 471 schmid zworb umb v. battz
2024 429 2388 545 verkhonfft.
1998 492 2837 639 Denne vor ostern zu Ubistorff
2027 575 2838 716 uss einem susts aber ein yseinen wegen
2026 651 2858 773 aben offenmunli entraus unnd eine
2042 726 2835 812 surem em obereerd umb d ernh
2031 800 2462 903 gekhauffen gäbe
2003 892 2839 1016 Denne yetz am solochurner Marit
2039 959 2848 1075 einem eemuttenpresser, vor sinem
2012 1046 2810 1154 Laden ein halb mässige zimmne
2015 1112 2809 1228 fläschn guon, die dem kannten,
2022 1187 2788 1293 giesser zu Burgdorff ✳ umb uns
2033 1273 2333 1383 verkhonfft.
1995 1375 2850 1512 Denne kirzlich dienor zu Zoffingn
2013 1447 2811 1586 im mirttshuss zum schlüssell
2028 1539 2786 1640 da er vbernachte gstin, ein zumne
2016 1597 2783 1711 orlechte schuselen, uss der stuber
2023 1685 2825 1780 entfrombdett unnd zu Solohur
2016 1737 2812 1852 umb und rrünen verkhönfflich hinpaben
1973 1858 2834 1973 Denne zu vätterkhingen us einen
2002 1935 2776 2056 Huse ab einem offen mürli, aber
2010 1997 2805 2099 ein ysinen weigen den einem
2016 2058 2769 2197 schmid zu solochnen ouch umb
1989 2152 2356 2262 ud eih gäb
1990 2192 2832 2334 Demne vor zweyen jaren eman Eylin
2013 2286 2837 2396 zu Fräypen uß seinem tal ein wann
2001 2351 2853 2471 betten unnd ein achs entragen, die betti
2007 2428 2824 2527 dem elman zworb umb ij diekpf
2002 2494 2859 2596 vnnd zwo vrtti, vnnd die alchs seinem
1985 2547 2854 2674 landtman umb 8 ß zekhauffen
2001 2610 2188 2697 gäben.
