4160 3120
1128 180 1753 298 nnr abermalls im alltiser
1766 221 1852 317 zu
1063 226 1845 353 ira Ehon san gsprechen du e
1098 280 1875 428 men ✳ unnd must min in daruff s
1093 339 1768 458 grantwurttet, Eehb muße,
1104 436 1890 553 bermals so sieer zu fratton ✳ ain
1074 513 1871 609 Wyle folr ✳ unnd predt du weyst
1073 552 1812 652 das du nin dist unnd bepeitt
1074 611 1885 715 das er sy beschlaffen mocht oder st imme
1036 660 1877 763 Ira Linckenfuss zepfandt gebe, das
1116 722 1864 819 aber nitt tnn willenn, da hab er
1100 768 1825 884 abermals grschlagen unnd gstosen
1062 831 1904 929 unnd inn einsach werff wöllen
1113 889 1912 1009 yndannt am linden fuß gezeichnet
1042 955 1319 1015 oe
1118 1083 1204 1193 De
1260 1099 1885 1191 diß verschinen grupsts als
1099 1157 1877 1257 van einem morgen früy uffgstenden
1089 1216 1869 1296 unnd pan Goppingen jang₎ willens
1234 1273 1853 1355 honschen da sige abermalls
1053 1265 1208 1345 Brott
1083 1325 1881 1414 obdenthalb Copping im holtz de
1107 1375 1826 1468 Gosr unnd hinder Eluse Elych
1092 1429 1828 1531 gstanden sy vfragt unnd am psproc
1095 1484 1834 1575 waan wiltt, daruff s pre da
1131 1539 1831 1628 im gan brott sonschen ✳ inn
1112 1584 1880 1661 ein Er Jra ein seckin vnd ertanat
1091 1654 1878 1727 dulffers darin anbotten, mitt begar¬
1155 1700 1841 1778 wollte daßelbig von im empfar
1086 1740 1801 1824 unnd sin unnd wider uff deme
1099 1804 1837 1905 welderen weiden vnnd holtzeren
1119 1859 1832 1943 äsen unnd alls s inn pfrapt
1083 1900 1856 2001 Warumb das satten vff das das
1114 1960 1850 2064 voch so da weyden wurde sterben
1108 2018 1827 2128 muft unnd hiemit inne witter
1093 2069 1847 2180 gfragt wer er were spreche erse
1085 2126 1816 2235 were janslin ✳ unnd soͤllichs uff ir
1057 2190 1886 2287 erfragenn ettlichemal peanntwurtter
1086 2229 1826 2332 er were Hannslin unnd endtli
1102 2278 1812 2395 ouch fürgebetwere der bos pütt
1061 2334 1859 2451 darumb  sifunt anruffung gotter
1063 2381 1874 2503 vor im pfegnett ✳ desz halb fra verschirung
1053 2445 1859 2554 darnach ain wider vrer von Toprung
1076 2489 1832 2598 abeinals inn gedactt₎ hatz begliett
1054 2552 1818 2669 unnd vorbenempts secklin den ✳ inx
1048 2597 1828 2715 darin zesayen angotten, das sy von
1039 2632 1838 2757 im emptang darus einen theyl
1048 2731 1616 2816 ann einem holtz versaytt ✳
2752 209 2807 276 18
1980 215 2812 343 Tenne u unnd vor dem allenn
2067 304 2800 405 age disse boße gryst an manchen
2086 353 2828 445 unnd und vilmallen begegnett
2034 410 2839 511 und böswo zethun angstifftet, st
2033 465 2680 572 ilmaler gschlagn unnd prstosen.
2013 575 2819 681 Denne habe erouch ira uff ein zut
1989 635 2767 732 ettwas schwarzer selbenn gebenn,
2016 695 2765 777 das sy darmitt jettwan ein stull
2052 750 2780 850 albenn druff sitzen, vnnd also vff
2028 821 2804 914 Brattellenmatten Rytten, dasselbst
2017 876 2830 968 denn ander weben nihr syn worden
2025 925 2771 1021 unnd gutt laben hann wurdenn
2023 995 2759 1078 das spethan einen dey beumen
2049 1045 2721 1138 tul gsalbett daruff gsassen unnd
2022 1099 2806 1194 uff Brattellenmatt₎ grittenn ✳ daseelbs
2046 1156 2736 1252 danneffliche weber pfunden
2013 1215 2763 1307 unnd under einem birbon gutt
2034 1269 2799 1360 asen unnd trunf ghan ✳ getannnett
2024 1322 2735 1413 unnd gsprungt, sy wiss aber nitt
2637 1373 2746 1416 n
2030 1377 2770 1465 wannen far sollich sprßennd ween
2023 1432 2728 1512 bracht worden sye unnd siye des
2025 1484 2744 1584 Boßgrist by fuengsin volgendts
2043 1533 2753 1634 widerumb uff iren stul versäßenn
1975 1591 2768 1685 Dnn genn grytten ✳ unnder denselbn
2026 1647 2759 1734 vi wybern, sigend zwo ab der wollt
2012 1699 2779 1779 son ✳ die ein gerichtet die ander hab
2034 1745 2777 1826 ach zu thornach inn de pfengnng selbs
2032 1792 2768 1869 enbracht ✳ unnd die ubrig zwro hinab
2040 1843 2741 1940 gan söllin entlüffenn, da sy des
2001 1888 2756 1996 fritteitt unnd ungestraff worund.
1977 2001 2774 2105 Deme so hab er st auch uff ein zit
2022 2066 2734 2157 uff den sonpttg pladenn ✳ dahin
2039 2124 2444 2210 e aber sy nitt thon
1978 2227 2724 2341 senne alls dann sy mitt irem
2007 2295 2811 2387 Tochtterman stöszig und zu unfriden
2020 2358 2757 2435 wordenn, unnd bedacht ime ettwas
2034 2417 2785 2521 thadens zuzefugen, siy der bos geis
2026 2483 2766 2573 vor dem hus zu frathen ✳ ira haben
2026 2531 2777 2626 gebenn, so den eynsinen änlich ist
2014 2592 2783 2677 aab sy es irem tochttenvan inn de
2076 2654 2818 2738 us gebenn unnd demnach syman¬
2037 2699 2762 2799 athe Krafft, mitt nachvolgeunder
