4160 3120
1313 319 2024 408 desselbig mitt trarttend gs
1312 370 2076 465 dann aucf er nu gwußt ghu
1326 418 2072 523 ob bemellter hhrr Clans Zürih
1321 481 2086 583 domaln, tod oder labende gstin
1355 533 2019 662 ye allein sollichs clags nys
1321 601 1907 715 einanndern zelle
1364 757 1934 876 nnd ach hirüber ades
1933 776 2077 866 r
1354 832 2061 949 ryhr wollen bekherlichs
1379 1029 1988 1141 st erstmal fur vnd zu
1572 1114 1969 1207 t den 70. itr
1346 1177 1680 1293 uffzogn worden.
1322 1659 2038 1774 uff obgemellttem tag iei gägen,
1316 1736 1998 1841 württigkhett herr Wilhelm
1316 1799 2016 1925 hirzen des ehatts Grox von
1305 1880 2040 1993 Römerstals der burgeren Hans
1319 1949 2044 2072 Mannels Großweybells etc. hatt
1444 2089 1986 2244 Michell Jaberg von
1621 2212 1855 2313 Fernen.
1293 2360 2003 2490 uff gedachter herrn ernstigs
1320 2452 2049 2553 bpragen zu Marckzili bekha
1315 2524 2037 2635 vnnd anred gwäsen. antlich
1295 2594 2024 2690 alsdann er hieuor by herr daund
1277 2665 1950 2769 Balen predicantr zu Furne
1315 2724 2034 2841 gedienet, derselb imme noch eies
1848 2795 2044 2897 Edlornb
2216 340 3025 446 Lidloons sculdig ✳ unnd sunst jun
2244 406 3022 518 zytt siceb by imme gehallenen dienst
2223 445 3025 563 Inne Rich vnnd hertt gehaltten, darb
2229 510 3007 622 er sich gegen imme entsezt und mit
2235 577 3031 684 wol gwyfn gwäßen. Num daüber
2229 645 2985 764 hatt es sich begäbeen, das er derach
2217 706 2971 805 Im Bründellwald ein zytt laug
2222 775 3012 885 gedienen unnd per leistlich widerub
2211 840 2948 958 hein keren wöllen. Da habe er
2216 918 2996 1022 zu Vnderseuwen am Jormerk, mit
2216 986 2966 1096 ettlichen gutten gsellen habend ge
2215 1059 2958 1158 runcken unnd ettlicher maaß be¬
2180 1124 2916 1240 zechett worden, darnach In
2199 1183 2966 1315 mitt dnen uff ein Schiff ge¬
2206 1262 2967 1389 sassen, Da behabe sich vider ander
2202 1345 2946 1463 das inne dieselben eeenlich pfrg
2200 1415 2974 1538 wo er sich nun ein zyttlaug einhalle
2193 1490 2944 1597 unnd wo er hinwandlein wölle
2183 1546 2953 1674 daruff er vnbestindt Inn wyn¬
2189 1636 2911 1738 furhre, als imme sein hautter vnnd
2208 1717 2874 1828 streüper dienst by h Bäler
2180 1785 2930 1893 aben domaln im sum plägen
2181 1836 2854 1974 unnd im zern erpeimmen gho
2179 1920 2936 2043 ußsher predt unnd versprochen er
2189 1999 2984 2113 hätte Im grindellwald gedient
2193 2063 2915 2186 unnd wöller yegund widerumb
2171 2150 2957 2271 Heinweits unnd so er das pfaffli
2179 2205 2953 2341 zu Furnen ankhommen und benëtten
2181 2288 2906 2440 möchen, woller er imme den kopff
2176 2362 2911 2509 von Achslen houwen, darfür
2175 2431 2960 2578 möchte an Gott niemandts vnnd
2171 2510 2916 2639 wölle imme ein gootten zaane
2168 2576 2616 2711 uffn sin huß sez
2633 2626 2909 2737 Wölche
2167 2667 2930 2816 werdt er aber allein inn grosser
2152 2722 2883 2885 wyn furhre unnd uß unmässig
