<?xml version="1.0" encoding="UTF-8" standalone="yes"?>
<PcGts xmlns="http://schema.primaresearch.org/PAGE/gts/pagecontent/2013-07-15" xmlns:xsi="http://www.w3.org/2001/XMLSchema-instance" xsi:schemaLocation="http://schema.primaresearch.org/PAGE/gts/pagecontent/2013-07-15 http://schema.primaresearch.org/PAGE/gts/pagecontent/2013-07-15/pagecontent.xsd">
    <Metadata>
        <Creator>prov=University of Rostock/Institute of Mathematics/CITlab|PLANET AI GmbH/Gundram Leifert/gundram.leifert@planet-ai.de:name=German_Kurrent_XVI-XVIII_M1(htr_id=19584)::::v=2.6.7
prov=University of Rostock/Institute of Mathematics/CITlab|PLANET AI GmbH/Tobias Gruening/tobias.gruening@planet-ai.de:name=de.uros.citlab.module.baseline2polygon.B2PSeamMultiOriented:v=2.6.7
prov=University of Rostock/Institute of Mathematics/CITlab|PLANET AI GmbH/Tobias Gruening/tobias.gruening@planet-ai.de:name=/net_tf/LA73_249_0mod360.pb:de.uros.citlab.segmentation.CITlab_LA_ML:v=2.6.7
prov=University of Rostock/Institute of Mathematics/CITlab|PLANET AI GmbH/Gundram Leifert/gundram.leifert@planet-ai.de:name=Turmbücher_StaBe_3_A.Funk(htr_id=27278)::::v=2.6.7
prov=University of Rostock/Institute of Mathematics/CITlab|PLANET AI GmbH/Tobias Gruening/tobias.gruening@planet-ai.de:name=de.uros.citlab.module.baseline2polygon.B2PSeamMultiOriented:v=2.6.7
prov=University of Rostock/Institute of Mathematics/CITlab|PLANET AI GmbH/Tobias Gruening/tobias.gruening@planet-ai.de:name=/net_tf/LA73_249_0mod360.pb:de.uros.citlab.segmentation.CITlab_LA_ML:v=2.6.6
Transkribus</Creator>
        <Created>2020-10-05T14:57:47.939+02:00</Created>
        <LastChange>2022-09-09T16:14:03.201+02:00</LastChange>
        <TranskribusMetadata docId="1334779" pageId="52354458" pageNr="46" tsid="114636050" status="IN_PROGRESS" userId="9570" imgUrl="https://files.transkribus.eu/Get?id=MEHTXQCCCVFZPQCUDDWGVRDR&amp;fileType=view" xmlUrl="https://files.transkribus.eu/Get?id=CLOOSENHLXSAICJYENPRORLQ" imageId="16062445"/>
    </Metadata>
    <Page imageFilename="Turmbücher BIX 434 _00046-20200925_135646.jpg" imageWidth="4160" imageHeight="3120">
        <ReadingOrder>
            <OrderedGroup id="ro_1687513997057" caption="Regions reading order">
                <RegionRefIndexed index="0" regionRef="r1"/>
                <RegionRefIndexed index="1" regionRef="r2"/>
            </OrderedGroup>
        </ReadingOrder>
        <TextRegion orientation="0.0" id="r1" custom="readingOrder {index:0;}">
            <Coords points="1320,271 1320,2700 2127,2700 2127,271"/>
            <TextLine id="r1l1" custom="readingOrder {index:0;}">
                <Coords points="1347,318 1498,317 1532,349 1766,326 1835,362 1894,331 2002,371 2109,366 2111,314 2051,279 1998,310 1891,274 1774,275 1699,305 1594,258 1480,286 1385,225 1351,231"/>
                <Baseline points="1356,302 1393,307 1430,310 1467,312 1504,315 1542,317 1579,318 1616,320 1653,321 1690,321 1728,323 1765,324 1802,325 1839,327 1876,329 1914,330 1951,335 1988,338 2025,343 2062,348 2100,354"/>
                <TextEquiv>
                    <Unicode>dem sy dann mitt, dann boses</Unicode>
                </TextEquiv>
            </TextLine>
            <TextLine id="r1l2" custom="readingOrder {index:1;}">
                <Coords points="1354,409 1453,381 1660,407 1727,387 1812,420 1964,407 2091,455 2085,364 1942,346 1852,366 1758,337 1705,365 1639,336 1533,348 1499,319 1417,351 1359,321"/>
                <Baseline points="1365,369 1401,371 1437,374 1473,377 1509,379 1545,381 1581,383 1617,384 1653,386 1689,387 1725,389 1761,390 1797,392 1833,394 1869,396 1905,398 1941,401 1977,404 2013,406 2049,410 2085,414"/>
                <TextEquiv>
                    <Unicode>zum Verderben luch vnnd rechs</Unicode>
                </TextEquiv>
            </TextLine>
            <TextLine id="r1l3" custom="readingOrder {index:2;}">
                <Coords points="1365,454 1429,481 1486,454 1574,494 1637,456 1704,496 1768,472 1886,513 2007,483 2114,516 2117,456 2007,456 1923,408 1861,429 1785,393 1735,429 1660,431 1599,408 1368,408"/>
                <Baseline points="1374,438 1410,442 1447,445 1483,447 1520,449 1557,450 1593,453 1630,455 1666,456 1703,458 1740,459 1776,461 1813,462 1849,465 1886,468 1923,470 1959,473 1996,477 2032,481 2069,486 2106,491"/>
                <TextEquiv>
                    <Unicode>anzerichten vnnd Zechund, ange¬</Unicode>
                </TextEquiv>
            </TextLine>
            <TextLine id="r1l4" custom="readingOrder {index:3;}">
                <Coords points="1375,544 1404,545 1457,578 1496,550 1535,543 1561,564 1594,569 1608,557 1661,560 1715,541 1717,495 1695,487 1609,483 1585,503 1481,453 1434,481 1407,481 1379,462"/>
                <Baseline points="1386,525 1412,527 1439,527 1466,527 1493,528 1519,530 1546,533 1573,534 1600,536 1626,537 1653,538 1680,539 1707,539"/>
                <TextEquiv>
                    <Unicode>tifft worden</Unicode>
                </TextEquiv>
            </TextLine>
            <TextLine id="r1l5" custom="readingOrder {index:4;}">
                <Coords points="1318,699 1436,671 1538,704 1628,671 1761,722 1848,669 1919,723 1993,700 2035,733 2117,697 2119,631 1822,644 1732,587 1631,632 1525,627 1395,554 1322,566"/>
                <Baseline points="1329,656 1368,658 1407,660 1446,662 1485,665 1524,666 1563,668 1602,669 1641,671 1680,671 1719,672 1758,674 1797,674 1836,675 1875,675 1914,677 1953,677 1992,678 2031,680 2070,681 2109,683"/>
                <TextEquiv>
                    <Unicode>unnd hab also uß anreytzung und</Unicode>
                </TextEquiv>
            </TextLine>
            <TextLine id="r1l6" custom="readingOrder {index:5;}">
                <Coords points="1368,769 1393,780 1450,765 1484,771 1514,798 1620,752 1657,785 1678,766 1692,769 1698,679 1625,680 1571,717 1517,687 1427,705 1373,695"/>
                <Baseline points="1380,731 1405,732 1430,734 1456,737 1481,740 1507,741 1532,743 1557,745 1583,747 1608,747 1634,747 1659,747 1685,746"/>
                <TextEquiv>
                    <Unicode>gegryss, dess</Unicode>
                </TextEquiv>
            </TextLine>
            <TextLine id="r1l7" custom="readingOrder {index:6;}">
                <Coords points="1692,759 1731,757 1773,781 1823,752 1885,766 1959,750 2014,789 2061,767 2118,781 2119,721 2100,713 2073,730 1963,713 1920,723 1847,671 1760,720 1694,685"/>
                <Baseline points="1701,746 1726,746 1752,746 1777,746 1803,746 1828,746 1854,746 1879,747 1905,747 1930,747 1956,747 1981,749 2007,750 2032,752 2058,754 2083,757 2109,759"/>
                <TextEquiv>
                    <Unicode>selbigen Ires verfurrist</Unicode>
                </TextEquiv>
            </TextLine>
            <TextLine id="r1l8" custom="readingOrder {index:7;}">
                <Coords points="1352,830 1567,840 1654,877 1783,849 1859,866 1935,833 2134,883 2137,780 2089,768 1989,808 1871,752 1796,793 1696,750 1659,785 1615,766 1577,795 1354,768"/>
                <Baseline points="1362,809 1400,811 1438,813 1476,815 1515,818 1553,818 1591,820 1629,821 1668,822 1706,824 1744,824 1782,825 1821,825 1859,827 1897,828 1935,830 1974,830 2012,831 2050,833 2088,835 2127,837"/>
                <TextEquiv>
                    <Unicode>vnnd lugenhafften aufuerers, suitt</Unicode>
                </TextEquiv>
            </TextLine>
            <TextLine id="r1l9" custom="readingOrder {index:8;}">
                <Coords points="1352,908 1443,898 1548,947 1656,908 1708,933 1864,904 2086,939 2124,919 2126,875 2004,847 1928,880 1883,850 1751,879 1354,844"/>
                <Baseline points="1362,879 1399,883 1437,887 1474,890 1512,893 1550,894 1587,896 1625,897 1663,899 1700,900 1738,900 1776,902 1813,902 1851,903 1889,904 1926,905 1964,906 2002,908 2039,908 2077,910 2115,912"/>
                <TextEquiv>
                    <Unicode>ettwas schwartzer salben, die der¬</Unicode>
                </TextEquiv>
            </TextLine>
            <TextLine id="r1l10" custom="readingOrder {index:9;}">
                <Coords points="1369,970 1629,1005 1892,973 2135,998 2136,935 1976,949 1946,919 1918,945 1788,947 1687,915 1550,947 1499,913 1369,911"/>
                <Baseline points="1377,965 1414,966 1452,968 1489,968 1527,969 1564,969 1602,969 1639,969 1677,970 1714,971 1752,971 1789,971 1827,971 1864,972 1902,972 1939,972 1977,974 2014,974 2052,975 2089,977 2127,978"/>
                <TextEquiv>
                    <Unicode>selb ira gegäben, einen drebeinine</Unicode>
                </TextEquiv>
            </TextLine>
            <TextLine id="r1l11" custom="readingOrder {index:10;}">
                <Coords points="1381,1055 1421,1068 1468,1038 1524,1080 1576,1054 1698,1070 1739,1049 1849,1092 1973,1074 2018,1093 2112,1064 2113,1014 2068,1026 2028,986 1891,974 1754,991 1688,1027 1572,983 1529,1013 1382,977"/>
                <Baseline points="1389,1032 1424,1036 1460,1039 1496,1042 1531,1043 1567,1045 1603,1046 1638,1047 1674,1047 1710,1047 1746,1047 1781,1047 1817,1047 1853,1047 1888,1047 1924,1047 1960,1047 1995,1047 2031,1047 2067,1049 2103,1050"/>
                <TextEquiv>
                    <Unicode>tul gesalbett, daruff gsassen</Unicode>
                </TextEquiv>
            </TextLine>
            <TextLine id="r1l12" custom="readingOrder {index:11;} place {offset:9; length:10;}">
                <Coords points="1370,1132 1401,1112 1505,1118 1564,1169 1644,1134 1798,1117 2093,1136 2077,1080 1776,1074 1713,1094 1666,1054 1618,1082 1584,1060 1513,1081 1470,1051 1435,1077 1371,1073"/>
                <Baseline points="1380,1103 1415,1107 1450,1109 1485,1112 1521,1115 1556,1115 1591,1116 1626,1117 1662,1118 1697,1118 1732,1118 1767,1118 1803,1116 1838,1116 1873,1116 1908,1115 1944,1115 1979,1115 2014,1115 2049,1115 2085,1115"/>
                <TextEquiv>
                    <Unicode>unnd uff Brattellen matten</Unicode>
                </TextEquiv>
            </TextLine>
            <TextLine id="r1l13" custom="readingOrder {index:12;}">
                <Coords points="1359,1200 1657,1193 1824,1219 1877,1201 1955,1236 1993,1205 2108,1204 2109,1164 1839,1173 1717,1125 1647,1165 1360,1147"/>
                <Baseline points="1368,1184 1404,1184 1441,1185 1477,1187 1514,1188 1551,1190 1587,1190 1624,1191 1660,1191 1697,1193 1734,1193 1770,1194 1807,1194 1843,1194 1880,1194 1917,1194 1953,1194 1990,1194 2026,1193 2063,1193 2100,1191"/>
                <TextEquiv>
                    <Unicode>vnnder einen Birbonn gritten</Unicode>
                </TextEquiv>
            </TextLine>
            <TextLine id="r1l14" custom="readingOrder {index:13;}">
                <Coords points="1361,1276 1398,1259 1521,1314 1638,1269 1762,1314 1899,1269 2116,1260 2116,1235 2015,1207 1956,1235 1667,1221 1617,1244 1361,1207"/>
                <Baseline points="1370,1259 1406,1259 1443,1260 1480,1260 1517,1262 1554,1262 1590,1263 1627,1263 1664,1265 1701,1265 1738,1265 1774,1266 1811,1266 1848,1266 1885,1266 1922,1266 1958,1265 1995,1265 2032,1263 2069,1262 2106,1260"/>
                <TextEquiv>
                    <Unicode>da ouch annder hexen unnd vnn</Unicode>
                </TextEquiv>
            </TextLine>
            <TextLine id="r1l15" custom="readingOrder {index:14;}">
                <Coords points="1364,1356 1561,1340 1719,1387 1883,1335 1986,1355 2016,1332 2136,1331 2136,1298 1955,1300 1916,1273 1847,1314 1792,1289 1749,1314 1725,1295 1517,1313 1364,1285"/>
                <Baseline points="1373,1329 1410,1331 1448,1333 1486,1334 1523,1335 1561,1337 1599,1337 1636,1337 1674,1337 1712,1338 1750,1337 1787,1337 1825,1337 1863,1336 1900,1335 1938,1335 1976,1334 2013,1333 2051,1332 2089,1331 2127,1329"/>
                <TextEquiv>
                    <Unicode>helden meer gstin, vnnd alda mitt</Unicode>
                </TextEquiv>
            </TextLine>
            <TextLine id="r1l16" custom="readingOrder {index:15;}">
                <Coords points="1350,1438 1453,1410 1525,1451 1612,1453 1669,1408 1902,1418 1957,1445 2055,1407 2095,1439 2118,1434 2119,1361 1939,1347 1842,1391 1774,1362 1648,1383 1563,1341 1437,1383 1350,1347"/>
                <Baseline points="1359,1403 1396,1404 1434,1404 1471,1406 1509,1406 1546,1407 1584,1409 1621,1409 1659,1409 1696,1410 1734,1410 1771,1410 1809,1410 1846,1410 1884,1409 1921,1409 1959,1408 1996,1407 2034,1406 2071,1405 2109,1403"/>
                <TextEquiv>
                    <Unicode>inen gassen unnd trunckn, dannach</Unicode>
                </TextEquiv>
            </TextLine>
            <TextLine id="r1l17" custom="readingOrder {index:16;}">
                <Coords points="1376,1524 1452,1484 1638,1513 1857,1476 1950,1486 1995,1519 2102,1490 2103,1440 1980,1458 1846,1413 1719,1449 1650,1419 1615,1451 1522,1450 1494,1421 1377,1419"/>
                <Baseline points="1386,1472 1421,1472 1456,1470 1492,1470 1527,1472 1563,1472 1598,1472 1633,1473 1669,1474 1704,1475 1740,1476 1775,1476 1810,1478 1846,1479 1881,1479 1917,1479 1952,1479 1987,1479 2023,1479 2058,1478 2094,1476"/>
                <TextEquiv>
                    <Unicode>uff irei stul inn kurzer yl</Unicode>
                </TextEquiv>
            </TextLine>
            <TextLine id="r1l18" custom="readingOrder {index:17;}">
                <Coords points="1366,1566 1499,1549 1635,1588 1911,1588 1937,1583 1938,1508 1877,1503 1847,1522 1723,1494 1634,1513 1554,1488 1499,1526 1448,1494 1400,1524 1366,1516"/>
                <Baseline points="1374,1550 1401,1548 1429,1547 1457,1547 1485,1545 1512,1545 1540,1545 1568,1545 1596,1547 1623,1547 1651,1547 1679,1547 1707,1548 1734,1548 1762,1549 1790,1550 1818,1550 1845,1550 1873,1550 1901,1550 1929,1550"/>
                <TextEquiv>
                    <Unicode>widerumb zeimpfaren.</Unicode>
                </TextEquiv>
            </TextLine>
            <TextLine id="r1l19" custom="readingOrder {index:18;}">
                <Coords points="1319,1697 1462,1687 1697,1730 1750,1696 1878,1699 1917,1725 2011,1678 2109,1680 2108,1646 2016,1650 1938,1615 1794,1610 1755,1634 1677,1602 1588,1628 1499,1586 1318,1597"/>
                <Baseline points="1328,1686 1366,1686 1405,1686 1443,1686 1482,1686 1521,1686 1559,1686 1598,1686 1636,1686 1675,1686 1714,1688 1752,1688 1791,1688 1829,1686 1868,1686 1907,1686 1945,1685 1984,1683 2022,1682 2061,1680 2100,1677"/>
                <TextEquiv>
                    <Unicode>Denne abersettwas zugs so dem</Unicode>
                </TextEquiv>
            </TextLine>
            <TextLine id="r1l20" custom="readingOrder {index:19;} person {offset:24; length:4; continued:true;}">
                <Coords points="1342,1765 1389,1784 1451,1758 1586,1793 1724,1758 1856,1784 1962,1745 2023,1777 2086,1739 2086,1702 2024,1690 1930,1730 1857,1700 1712,1735 1580,1706 1520,1730 1429,1704 1342,1722"/>
                <Baseline points="1352,1757 1388,1757 1424,1757 1460,1755 1497,1755 1533,1755 1569,1755 1606,1755 1642,1755 1678,1755 1715,1755 1751,1755 1787,1755 1823,1755 1860,1755 1896,1754 1932,1754 1969,1752 2005,1751 2041,1749 2078,1748"/>
                <TextEquiv>
                    <Unicode>höͤnig glychen unnd der boss</Unicode>
                </TextEquiv>
            </TextLine>
            <TextLine id="r1l21" custom="readingOrder {index:20;} person {offset:0; length:5; continued:true;}">
                <Coords points="1340,1822 1434,1869 1488,1818 1634,1852 1719,1824 1796,1855 1845,1827 2117,1838 2116,1776 2013,1789 1984,1763 1899,1798 1839,1776 1617,1799 1439,1773 1340,1794"/>
                <Baseline points="1350,1827 1387,1826 1425,1825 1463,1824 1501,1824 1539,1823 1577,1823 1615,1823 1653,1823 1691,1821 1729,1821 1766,1821 1804,1820 1842,1820 1880,1819 1918,1818 1956,1817 1994,1815 2032,1814 2070,1812 2108,1809"/>
                <TextEquiv>
                    <Unicode>geyst dra gäben hatt, irem</Unicode>
                </TextEquiv>
            </TextLine>
            <TextLine id="r1l22" custom="readingOrder {index:21;}">
                <Coords points="1332,1927 1379,1937 1454,1901 1541,1951 1678,1910 1784,1948 1847,1906 1990,1929 2060,1893 2059,1845 2025,1837 1913,1840 1848,1874 1769,1833 1665,1875 1561,1840 1466,1880 1330,1824"/>
                <Baseline points="1340,1907 1375,1904 1411,1903 1446,1901 1482,1901 1517,1899 1553,1899 1588,1898 1624,1898 1659,1898 1695,1897 1731,1896 1766,1896 1802,1895 1837,1894 1873,1893 1908,1892 1944,1890 1979,1888 2015,1886 2051,1883"/>
                <TextEquiv>
                    <Unicode>Deman soligen uff ein keuhli</Unicode>
                </TextEquiv>
            </TextLine>
            <TextLine id="r1l23" custom="readingOrder {index:22;}">
                <Coords points="1358,2012 1727,1976 1852,2019 1925,1984 1964,2019 2044,2022 2130,1973 2130,1929 1947,1906 1912,1935 1849,1909 1782,1947 1697,1921 1573,1948 1405,1921 1358,1938"/>
                <Baseline points="1367,1971 1404,1973 1442,1973 1480,1974 1517,1974 1555,1974 1593,1974 1630,1973 1668,1973 1706,1972 1744,1971 1781,1970 1819,1970 1857,1968 1894,1968 1932,1968 1970,1967 2007,1967 2045,1967 2083,1967 2121,1967"/>
                <TextEquiv>
                    <Unicode>gstrichen unnd zeässen fürgstelle</Unicode>
                </TextEquiv>
            </TextLine>
            <TextLine id="r1l24" custom="readingOrder {index:23;} person {offset:22; length:5;}">
                <Coords points="1341,2087 1518,2052 1615,2073 1767,2051 1798,2080 1962,2044 2074,2051 2090,2013 1972,2020 1924,1998 1887,2022 1812,1993 1610,1986 1525,2032 1464,2008 1413,2027 1340,1980"/>
                <Baseline points="1349,2057 1385,2055 1422,2055 1458,2054 1495,2054 1532,2054 1568,2054 1605,2054 1641,2054 1678,2054 1715,2054 1751,2053 1788,2052 1824,2052 1861,2051 1898,2049 1934,2048 1971,2046 2007,2045 2044,2041 2081,2037"/>
                <TextEquiv>
                    <Unicode>da darnach derselb Ir Reman</Unicode>
                </TextEquiv>
            </TextLine>
            <TextLine id="r1l25" custom="readingOrder {index:24;}">
                <Coords points="1515,2102 1546,2102 1555,2097 1568,2104 1582,2099 1591,2106 1598,2100 1612,2113 1632,2113 1632,2074 1612,2074 1591,2052 1584,2056 1570,2054 1550,2065 1541,2065 1527,2054 1515,2056"/>
                <Baseline points="1524,2097 1557,2097 1590,2097 1623,2097"/>
                <TextEquiv>
                    <Unicode>zwöd</Unicode>
                </TextEquiv>
            </TextLine>
            <TextLine id="r1l26" custom="readingOrder {index:25;}">
                <Coords points="1361,2139 1567,2133 1669,2170 1739,2137 1836,2181 1998,2172 2075,2126 2074,2069 2049,2066 1991,2094 1946,2077 1874,2096 1848,2074 1808,2100 1711,2062 1590,2106 1360,2079"/>
                <Baseline points="1370,2129 1404,2129 1439,2129 1474,2130 1509,2130 1544,2130 1578,2130 1613,2130 1648,2130 1683,2130 1718,2129 1752,2129 1787,2127 1822,2127 1857,2126 1892,2124 1926,2123 1961,2120 1996,2118 2031,2115 2066,2112"/>
                <TextEquiv>
                    <Unicode>uber gestorben spr.</Unicode>
                </TextEquiv>
            </TextLine>
            <TextLine id="r1l27" custom="readingOrder {index:26;}">
                <Coords points="1311,2281 1368,2306 1531,2293 1607,2319 1648,2284 1701,2318 1759,2289 1798,2316 1881,2301 1950,2255 1986,2286 2038,2251 2037,2189 1752,2227 1657,2211 1594,2241 1549,2209 1477,2232 1373,2204 1309,2217"/>
                <Baseline points="1320,2271 1355,2273 1391,2273 1426,2273 1462,2273 1497,2273 1533,2273 1568,2273 1604,2273 1639,2271 1675,2271 1710,2270 1746,2268 1781,2268 1817,2267 1852,2265 1888,2262 1923,2261 1959,2258 1994,2255 2030,2253"/>
                <TextEquiv>
                    <Unicode>so habe sy ouch uss sollicher</Unicode>
                </TextEquiv>
            </TextLine>
            <TextLine id="r1l28" custom="readingOrder {index:27;}">
                <Coords points="1366,2393 1491,2368 1551,2398 1627,2359 1760,2393 1868,2338 2033,2362 2100,2348 2096,2267 2047,2288 2018,2261 1985,2285 1952,2255 1856,2309 1789,2317 1758,2290 1704,2319 1531,2301 1482,2328 1394,2312 1363,2331"/>
                <Baseline points="1373,2351 1408,2351 1444,2351 1480,2349 1516,2349 1552,2349 1588,2348 1623,2347 1659,2346 1695,2345 1731,2343 1767,2342 1803,2340 1839,2337 1874,2336 1910,2333 1946,2332 1982,2329 2018,2327 2054,2323 2090,2321"/>
                <TextEquiv>
                    <Unicode>freuwlichen anwysung und zoubery</Unicode>
                </TextEquiv>
            </TextLine>
            <TextLine id="r1l29" custom="readingOrder {index:28;}">
                <Coords points="1344,2468 1451,2439 1543,2472 1581,2437 1632,2465 1691,2425 1795,2415 1905,2452 1969,2417 2124,2418 2121,2359 2091,2350 2039,2379 1942,2360 1858,2397 1341,2390"/>
                <Baseline points="1352,2435 1390,2435 1428,2435 1466,2433 1504,2432 1542,2432 1580,2430 1618,2429 1656,2427 1694,2426 1733,2424 1771,2423 1809,2421 1847,2419 1885,2417 1923,2415 1961,2413 1999,2412 2037,2409 2075,2407 2114,2405"/>
                <TextEquiv>
                    <Unicode>iren tochterman ein zytt lang</Unicode>
                </TextEquiv>
            </TextLine>
            <TextLine id="r1l30" custom="readingOrder {index:29;} place {offset:3; length:8;}">
                <Coords points="1360,2550 1447,2515 1549,2565 1662,2514 1770,2528 1961,2491 2107,2514 2090,2435 1959,2469 1823,2436 1756,2472 1567,2487 1497,2457 1356,2468"/>
                <Baseline points="1367,2519 1403,2517 1439,2516 1476,2514 1512,2513 1549,2512 1585,2510 1622,2508 1658,2507 1695,2505 1731,2504 1767,2502 1804,2500 1840,2499 1877,2496 1913,2494 1950,2492 1986,2488 2023,2485 2059,2481 2096,2478"/>
                <TextEquiv>
                    <Unicode>zu Belichen weecken, unnermögn</Unicode>
                </TextEquiv>
            </TextLine>
            <TextLine id="r1l31" custom="readingOrder {index:30;}">
                <Coords points="1368,2635 1422,2633 1468,2606 1534,2644 1587,2626 1613,2644 1718,2584 1775,2596 1774,2569 1682,2549 1652,2556 1613,2532 1551,2568 1428,2537 1368,2551"/>
                <Baseline points="1377,2591 1402,2591 1428,2592 1454,2592 1480,2592 1506,2591 1532,2591 1558,2590 1584,2589 1610,2589 1636,2588 1662,2588 1688,2589 1714,2589 1740,2590 1766,2592"/>
                <TextEquiv>
                    <Unicode>lich gmachett.</Unicode>
                </TextEquiv>
            </TextLine>
            <TextLine id="r1l32" custom="readingOrder {index:31;}">
                <Coords points="1848,2691 1897,2684 1918,2699 1974,2687 2000,2698 2013,2690 2048,2695 2039,2562 1998,2575 1928,2578 1895,2610 1844,2625"/>
                <Baseline points="1856,2681 1881,2682 1907,2680 1933,2678 1959,2676 1985,2674 2011,2673 2037,2673"/>
                <TextEquiv>
                    <Unicode>unnd</Unicode>
                </TextEquiv>
            </TextLine>
            <TextEquiv>
                <Unicode>dem sy dann mitt, dann boses
zum Verderben luch vnnd rechs
anzerichten vnnd Zechund, ange¬
tifft worden
unnd hab also uß anreytzung und
gegryss, dess
selbigen Ires verfurrist
vnnd lugenhafften aufuerers, suitt
ettwas schwartzer salben, die der¬
selb ira gegäben, einen drebeinine
tul gesalbett, daruff gsassen
unnd uff Brattellen matten
vnnder einen Birbonn gritten
da ouch annder hexen unnd vnn
helden meer gstin, vnnd alda mitt
inen gassen unnd trunckn, dannach
uff irei stul inn kurzer yl
widerumb zeimpfaren.
Denne abersettwas zugs so dem
höͤnig glychen unnd der boss
geyst dra gäben hatt, irem
Deman soligen uff ein keuhli
gstrichen unnd zeässen fürgstelle
da darnach derselb Ir Reman
zwöd
uber gestorben spr.
so habe sy ouch uss sollicher
freuwlichen anwysung und zoubery
iren tochterman ein zytt lang
zu Belichen weecken, unnermögn
lich gmachett.
unnd</Unicode>
            </TextEquiv>
        </TextRegion>
        <TextRegion orientation="0.0" id="r2" custom="readingOrder {index:1;}">
            <Coords points="2283,348 2283,2682 3102,2682 3102,348"/>
            <TextLine id="r2l1" custom="readingOrder {index:0;}">
                <Coords points="2292,421 2392,393 2498,427 2563,401 2670,422 2841,373 2941,403 2971,381 3066,398 3064,342 2970,349 2916,306 2853,343 2803,319 2738,353 2623,361 2519,335 2415,360 2357,313 2289,306"/>
                <Baseline points="2300,380 2337,383 2375,386 2413,387 2451,387 2489,387 2527,386 2564,384 2602,383 2640,381 2678,378 2716,376 2754,374 2792,372 2829,371 2867,371 2905,371 2943,371 2981,372 3019,376 3057,380"/>
                <TextEquiv>
                    <Unicode>unnd einlich auch ein seckli mitt</Unicode>
                </TextEquiv>
            </TextLine>
            <TextLine id="r2l2" custom="readingOrder {index:1;}">
                <Coords points="2295,468 2418,480 2494,457 2559,499 2694,452 2838,459 2900,435 2984,462 3065,449 3063,399 2979,381 2931,413 2811,382 2693,420 2566,401 2503,427 2474,407 2293,422"/>
                <Baseline points="2303,449 2340,452 2378,452 2415,453 2453,453 2491,453 2528,452 2566,452 2604,450 2641,449 2679,447 2717,444 2754,443 2792,441 2830,439 2867,437 2905,434 2943,432 2980,431 3018,429 3056,428"/>
                <TextEquiv>
                    <Unicode>ertwas bulffers von Im dem bösen</Unicode>
                </TextEquiv>
            </TextLine>
            <TextLine id="r2l3" custom="readingOrder {index:2;}">
                <Coords points="2292,551 2404,562 2490,532 2521,558 2588,554 2613,530 2783,519 2817,546 2849,522 2985,552 3047,518 3046,461 2740,462 2528,504 2506,485 2414,496 2365,465 2289,475"/>
                <Baseline points="2300,524 2336,524 2373,524 2410,522 2447,522 2484,522 2521,522 2558,521 2595,521 2632,519 2669,518 2705,518 2742,516 2779,515 2816,513 2853,511 2890,509 2927,507 2964,504 3001,501 3038,498"/>
                <TextEquiv>
                    <Unicode>gryst empfangen, das sy dasselbig</Unicode>
                </TextEquiv>
            </TextLine>
            <TextLine id="r2l4" custom="readingOrder {index:3;}">
                <Coords points="2292,644 2394,604 2648,602 2708,635 2758,609 2932,607 2972,579 3062,575 3061,538 2957,551 2849,522 2818,546 2777,518 2639,574 2596,551 2525,563 2488,532 2424,573 2319,556 2289,575"/>
                <Baseline points="2300,600 2337,600 2375,600 2412,600 2450,599 2488,599 2525,597 2563,597 2601,596 2638,594 2676,593 2714,590 2751,589 2789,587 2827,585 2864,582 2902,580 2940,576 2977,573 3015,571 3053,567"/>
                <TextEquiv>
                    <Unicode>hin vnnd wider uff den velderer</Unicode>
                </TextEquiv>
            </TextLine>
            <TextLine id="r2l5" custom="readingOrder {index:4;}">
                <Coords points="2304,678 2458,696 2595,671 2625,697 2774,670 2847,694 2985,661 3051,683 3074,679 3073,622 2944,619 2907,643 2841,608 2719,639 2571,602 2488,641 2303,647"/>
                <Baseline points="2312,669 2349,669 2387,668 2424,668 2462,668 2500,666 2537,666 2575,666 2613,666 2650,665 2688,665 2726,665 2763,663 2801,663 2839,663 2876,662 2914,660 2952,660 2989,659 3027,656 3065,654"/>
                <TextEquiv>
                    <Unicode>matten unnd höltzeren zum rederbe</Unicode>
                </TextEquiv>
            </TextLine>
            <TextLine id="r2l6" custom="readingOrder {index:5;}">
                <Coords points="2290,762 2396,753 2452,783 2514,756 2548,787 2624,747 2688,786 2735,746 2918,741 2956,762 3035,738 3035,675 2984,703 2877,672 2806,706 2742,682 2636,701 2575,675 2515,706 2289,696"/>
                <Baseline points="2298,738 2334,738 2370,738 2407,738 2443,738 2480,738 2516,738 2552,738 2589,738 2625,737 2662,737 2698,737 2734,737 2771,735 2807,735 2844,734 2880,734 2916,732 2953,732 2989,731 3026,729"/>
                <TextEquiv>
                    <Unicode>des rechs sayen söltt, Da habe</Unicode>
                </TextEquiv>
            </TextLine>
            <TextLine id="r2l7" custom="readingOrder {index:6;}">
                <Coords points="2296,844 2352,818 2407,836 2533,809 2823,842 2877,803 3056,795 3055,761 3002,748 2896,781 2727,759 2690,785 2552,788 2359,749 2293,763"/>
                <Baseline points="2303,816 2340,815 2377,813 2414,812 2451,812 2489,810 2526,810 2563,809 2600,809 2637,807 2675,807 2712,806 2749,805 2786,804 2823,803 2861,802 2898,800 2935,798 2972,797 3009,794 3047,791"/>
                <TextEquiv>
                    <Unicode>so aber allein einwenig an einem</Unicode>
                </TextEquiv>
            </TextLine>
            <TextLine id="r2l8" custom="readingOrder {index:7;}">
                <Coords points="2289,892 2373,912 2406,885 2580,875 2680,921 2737,880 2875,871 3044,916 3043,809 2914,830 2855,813 2795,849 2677,813 2546,852 2441,823 2289,847"/>
                <Baseline points="2298,882 2334,879 2371,878 2408,876 2445,875 2482,875 2519,875 2555,875 2592,875 2629,875 2666,875 2703,875 2740,875 2777,875 2813,875 2850,873 2887,873 2924,872 2961,872 2998,869 3035,867"/>
                <TextEquiv>
                    <Unicode>wäg, daruon verhaytt, demnach</Unicode>
                </TextEquiv>
            </TextLine>
            <TextLine id="r2l9" custom="readingOrder {index:8;}">
                <Coords points="2273,969 2490,946 2547,984 2657,948 2781,974 2859,946 2927,987 2975,947 3039,943 3038,909 2985,915 2940,875 2729,923 2578,911 2525,882 2474,916 2431,888 2385,915 2319,892 2273,908"/>
                <Baseline points="2283,948 2320,945 2357,944 2394,942 2432,941 2469,941 2506,941 2544,941 2581,941 2618,942 2656,942 2693,942 2730,942 2767,942 2805,942 2842,942 2879,941 2917,941 2954,938 2991,936 3029,932"/>
                <TextEquiv>
                    <Unicode>das seckli sinwag grworffen</Unicode>
                </TextEquiv>
            </TextLine>
            <TextLine id="r2l10" custom="readingOrder {index:9;}">
                <Coords points="2275,1039 2565,1015 2747,1055 2789,1022 2848,1049 2903,1015 2951,1049 3008,1023 3007,970 2924,984 2872,960 2801,991 2719,961 2663,985 2471,988 2435,962 2371,993 2323,964 2273,970"/>
                <Baseline points="2283,1025 2318,1021 2354,1019 2390,1018 2426,1016 2462,1016 2497,1016 2533,1014 2569,1014 2605,1014 2641,1016 2676,1016 2712,1016 2748,1015 2784,1014 2820,1014 2855,1013 2891,1011 2927,1009 2963,1006 2999,1002"/>
                <TextEquiv>
                    <Unicode>unnd darüber von wägen söllicher</Unicode>
                </TextEquiv>
            </TextLine>
            <TextLine id="r2l11" custom="readingOrder {index:10;}">
                <Coords points="2285,1116 2386,1090 2411,1115 2560,1128 2677,1078 2888,1112 2933,1083 2959,1110 3048,1086 3048,1022 3000,1055 2923,1034 2858,1055 2808,1029 2748,1056 2545,1045 2497,1020 2453,1049 2284,1045"/>
                <Baseline points="2294,1079 2331,1080 2368,1080 2405,1082 2443,1082 2480,1082 2517,1083 2554,1083 2592,1083 2629,1083 2666,1083 2703,1082 2741,1082 2778,1082 2815,1081 2852,1080 2890,1079 2927,1079 2964,1077 3001,1076 3039,1074"/>
                <TextEquiv>
                    <Unicode>irer grosser stundt unnd ergangner</Unicode>
                </TextEquiv>
            </TextLine>
            <TextLine id="r2l12" custom="readingOrder {index:11;}">
                <Coords points="2283,1184 2365,1209 2410,1183 2445,1205 2497,1166 2619,1192 2682,1171 2814,1185 2884,1150 3030,1159 3029,1109 2924,1124 2824,1098 2631,1124 2590,1105 2493,1133 2385,1091 2281,1113"/>
                <Baseline points="2291,1158 2327,1158 2363,1158 2400,1158 2436,1158 2473,1158 2509,1158 2546,1157 2582,1157 2619,1156 2655,1155 2691,1154 2728,1152 2764,1152 2801,1151 2837,1148 2874,1148 2910,1146 2947,1144 2983,1142 3020,1140"/>
                <TextEquiv>
                    <Unicode>Misserhatt, Inn jetzlichs ruwen</Unicode>
                </TextEquiv>
            </TextLine>
            <TextLine id="r2l13" custom="readingOrder {index:12;} person {offset:20; length:5;}">
                <Coords points="2296,1277 2407,1237 2574,1266 2662,1231 2733,1270 2833,1228 2996,1225 2995,1183 2929,1190 2863,1158 2807,1200 2740,1167 2667,1206 2549,1172 2473,1203 2412,1183 2365,1210 2293,1185"/>
                <Baseline points="2303,1227 2337,1229 2371,1230 2405,1231 2439,1232 2474,1232 2508,1232 2542,1232 2576,1232 2610,1230 2645,1230 2679,1229 2713,1227 2747,1226 2781,1223 2816,1221 2850,1220 2884,1217 2918,1215 2952,1212 2987,1209"/>
                <TextEquiv>
                    <Unicode>gefallen, dem bösen satan</Unicode>
                </TextEquiv>
            </TextLine>
            <TextLine id="r2l14" custom="readingOrder {index:13;} person {offset:15; length:20;}">
                <Coords points="2288,1322 2668,1335 2806,1308 2878,1335 2953,1298 3011,1330 3053,1315 3052,1237 2927,1220 2818,1283 2659,1243 2557,1283 2516,1266 2477,1286 2380,1242 2287,1274"/>
                <Baseline points="2297,1307 2334,1307 2371,1308 2409,1309 2446,1310 2483,1310 2521,1311 2558,1311 2595,1311 2633,1311 2670,1311 2707,1310 2745,1309 2782,1307 2819,1307 2857,1305 2894,1302 2931,1298 2969,1296 3006,1292 3044,1287"/>
                <TextEquiv>
                    <Unicode>abgsagtt, unnd gott den alllmechtig</Unicode>
                </TextEquiv>
            </TextLine>
            <TextLine id="r2l15" custom="readingOrder {index:14;}">
                <Coords points="2300,1380 2364,1375 2401,1404 2473,1377 2550,1405 2627,1393 2747,1433 2828,1389 3053,1412 3054,1316 2814,1355 2606,1332 2553,1360 2498,1330 2349,1341 2301,1312"/>
                <Baseline points="2309,1368 2345,1370 2382,1371 2419,1373 2456,1374 2492,1376 2529,1377 2566,1379 2603,1380 2639,1380 2676,1381 2713,1382 2750,1382 2786,1382 2823,1380 2860,1380 2897,1379 2933,1377 2970,1375 3007,1373 3044,1370"/>
                <TextEquiv>
                    <Unicode>umb gnad unnd verzychung derselbige</Unicode>
                </TextEquiv>
            </TextLine>
            <TextLine id="r2l16" custom="readingOrder {index:15;}">
                <Coords points="2285,1489 2705,1458 2927,1486 2982,1448 3034,1453 3034,1416 2957,1425 2924,1393 2750,1431 2284,1412"/>
                <Baseline points="2294,1448 2330,1448 2367,1449 2403,1449 2440,1450 2476,1451 2513,1451 2549,1451 2586,1451 2622,1451 2659,1451 2695,1451 2732,1451 2768,1451 2805,1449 2841,1449 2878,1449 2914,1448 2951,1448 2987,1448 3024,1446"/>
                <TextEquiv>
                    <Unicode>bißhar statts unnd trungenlich an¬</Unicode>
                </TextEquiv>
            </TextLine>
            <TextLine id="r2l17" custom="readingOrder {index:16;}">
                <Coords points="2295,1568 2408,1584 2508,1539 2542,1563 2620,1569 2664,1536 2856,1563 2857,1490 2810,1515 2780,1491 2605,1494 2580,1474 2549,1502 2475,1500 2431,1463 2377,1505 2296,1485"/>
                <Baseline points="2304,1527 2331,1527 2358,1529 2385,1529 2412,1529 2439,1530 2466,1530 2494,1532 2521,1532 2548,1533 2575,1533 2602,1533 2629,1535 2656,1535 2684,1535 2711,1535 2738,1535 2765,1534 2792,1533 2819,1533 2847,1532"/>
                <TextEquiv>
                    <Unicode>grufft unnd gepätten.</Unicode>
                </TextEquiv>
            </TextLine>
            <TextLine id="r2l18" custom="readingOrder {index:17;}">
                <Coords points="2295,1847 2474,1868 2524,1835 2605,1839 2639,1870 2769,1836 2875,1863 2911,1835 3017,1834 3060,1856 3061,1794 3027,1806 2979,1774 2911,1812 2711,1788 2676,1757 2642,1778 2438,1764 2297,1711"/>
                <Baseline points="2304,1823 2341,1824 2378,1825 2416,1826 2453,1827 2490,1829 2528,1830 2565,1832 2602,1833 2640,1833 2677,1835 2714,1835 2752,1836 2789,1836 2826,1836 2864,1836 2901,1835 2938,1835 2976,1833 3013,1832 3051,1829"/>
                <TextEquiv>
                    <Unicode>Vff seinliche Er der gemellen</Unicode>
                </TextEquiv>
            </TextLine>
            <TextLine id="r2l19" custom="readingOrder {index:18;} person {offset:7; length:8;}">
                <Coords points="2313,1913 2606,1928 2678,1901 2730,1941 2819,1905 2940,1929 3015,1896 3057,1906 3058,1856 3009,1846 2865,1862 2732,1840 2639,1870 2609,1840 2447,1864 2315,1838"/>
                <Baseline points="2322,1886 2358,1886 2394,1887 2430,1888 2467,1889 2503,1890 2539,1892 2576,1893 2612,1895 2648,1896 2685,1898 2721,1898 2757,1899 2793,1899 2830,1901 2866,1901 2902,1899 2939,1898 2975,1896 3011,1893 3048,1892"/>
                <TextEquiv>
                    <Unicode>lattem Christen, schwärer stchäm.</Unicode>
                </TextEquiv>
            </TextLine>
            <TextLine id="r2l20" custom="readingOrder {index:19;}">
                <Coords points="2313,1957 2394,1992 2513,1968 2777,2003 2900,1965 2997,1999 3086,1985 3088,1933 2314,1919"/>
                <Baseline points="2322,1950 2359,1953 2397,1955 2435,1957 2473,1958 2511,1961 2548,1962 2586,1964 2624,1965 2662,1967 2700,1967 2737,1968 2775,1968 2813,1970 2851,1970 2889,1970 2926,1968 2964,1968 3002,1967 3040,1966 3078,1964"/>
                <TextEquiv>
                    <Unicode>liche versichnn, hoche vnnd freuw</Unicode>
                </TextEquiv>
            </TextLine>
            <TextLine id="r2l21" custom="readingOrder {index:20;}">
                <Coords points="2322,2057 2447,2046 2563,2087 2658,2060 2758,2078 2828,2046 2938,2052 2966,2081 3041,2047 3042,2008 2990,1993 2902,2017 2828,1993 2701,2013 2534,1968 2396,1993 2324,1970"/>
                <Baseline points="2331,2027 2366,2029 2401,2031 2436,2033 2471,2034 2506,2036 2541,2037 2576,2039 2611,2040 2646,2042 2682,2043 2717,2043 2752,2045 2787,2045 2822,2045 2857,2045 2892,2045 2927,2045 2962,2044 2997,2043 3033,2042"/>
                <TextEquiv>
                    <Unicode>liche misserhatt, habend volge</Unicode>
                </TextEquiv>
            </TextLine>
            <TextLine id="r2l22" custom="readingOrder {index:21;}">
                <Coords points="2325,2132 2389,2107 2505,2138 2652,2124 2716,2151 2888,2114 3011,2147 3068,2115 3068,2062 3014,2053 2966,2081 2871,2059 2762,2093 2325,2080"/>
                <Baseline points="2334,2103 2370,2103 2406,2104 2442,2105 2479,2106 2515,2108 2551,2108 2587,2109 2624,2111 2660,2111 2696,2112 2732,2112 2769,2112 2805,2112 2841,2112 2877,2111 2914,2110 2950,2108 2986,2106 3022,2103 3059,2100"/>
                <TextEquiv>
                    <Unicode>nampt mun x herren schulthey</Unicode>
                </TextEquiv>
            </TextLine>
            <TextLine id="r2l23" custom="readingOrder {index:22;}">
                <Coords points="2296,2185 2370,2218 2500,2185 2734,2196 2803,2233 2958,2195 3069,2236 3085,2157 2964,2135 2893,2157 2842,2131 2660,2168 2607,2137 2438,2164 2352,2127 2296,2142"/>
                <Baseline points="2304,2180 2342,2181 2381,2181 2419,2183 2458,2183 2496,2184 2535,2184 2573,2186 2612,2186 2650,2187 2689,2187 2728,2189 2766,2189 2805,2189 2843,2190 2882,2190 2920,2192 2959,2192 2997,2193 3036,2193 3075,2195"/>
                <TextEquiv>
                    <Unicode>thatt unnd burger diser loblich</Unicode>
                </TextEquiv>
            </TextLine>
            <TextLine id="r2l24" custom="readingOrder {index:23;} place {offset:6; length:4;}">
                <Coords points="2301,2271 2562,2261 2643,2310 2855,2270 2914,2310 3045,2282 3046,2246 2930,2209 2849,2247 2758,2209 2623,2210 2563,2236 2481,2209 2303,2223"/>
                <Baseline points="2310,2253 2346,2253 2382,2255 2418,2256 2455,2257 2491,2259 2527,2260 2564,2261 2600,2262 2636,2265 2673,2265 2709,2267 2745,2268 2781,2270 2818,2270 2854,2271 2890,2272 2927,2273 2963,2273 2999,2273 3036,2273"/>
                <TextEquiv>
                    <Unicode>statt bern ✳ uff iren bydt</Unicode>
                </TextEquiv>
            </TextLine>
            <TextLine id="r2l25" custom="readingOrder {index:24;}">
                <Coords points="2312,2383 2546,2340 2624,2385 2712,2346 2761,2373 2882,2362 2952,2399 3019,2366 3111,2393 3112,2333 3053,2292 2681,2322 2607,2286 2530,2320 2430,2267 2315,2278"/>
                <Baseline points="2322,2330 2361,2333 2400,2337 2439,2338 2478,2340 2517,2342 2556,2342 2595,2342 2634,2343 2673,2343 2712,2343 2751,2343 2790,2343 2829,2345 2868,2345 2907,2347 2946,2350 2985,2352 3024,2355 3063,2359 3102,2364"/>
                <TextEquiv>
                    <Unicode>zu rächen erkennnn unnd vesprochen</Unicode>
                </TextEquiv>
            </TextLine>
            <TextLine id="r2l26" custom="readingOrder {index:25;} person {offset:17; length:14;}">
                <Coords points="2300,2421 2357,2437 2510,2413 2644,2456 2709,2426 2803,2428 2945,2483 2995,2456 3061,2464 3064,2364 2942,2403 2711,2363 2429,2385 2365,2349 2303,2352"/>
                <Baseline points="2310,2409 2347,2409 2384,2409 2421,2409 2458,2411 2496,2411 2533,2412 2570,2414 2607,2415 2644,2417 2682,2419 2719,2420 2756,2421 2793,2423 2830,2424 2868,2426 2905,2427 2942,2429 2979,2430 3016,2430 3054,2430"/>
                <TextEquiv>
                    <Unicode>Das man dieselbe Patthein Eheis</Unicode>
                </TextEquiv>
            </TextLine>
            <TextLine id="r2l27" custom="readingOrder {index:26;}">
                <Coords points="2316,2486 2576,2498 2627,2527 2758,2499 2891,2539 3057,2516 3060,2463 2948,2484 2872,2449 2798,2471 2517,2428 2373,2444 2319,2420"/>
                <Baseline points="2325,2474 2361,2475 2397,2477 2433,2477 2469,2478 2505,2480 2541,2482 2578,2484 2614,2485 2650,2486 2686,2488 2722,2490 2758,2493 2794,2494 2831,2496 2867,2498 2903,2499 2939,2501 2975,2502 3011,2503 3048,2504"/>
                <TextEquiv>
                    <Unicode>dem Nachrichter beuelchen, der</Unicode>
                </TextEquiv>
            </TextLine>
            <TextLine id="r2l28" custom="readingOrder {index:27;}">
                <Coords points="2330,2600 2454,2563 2573,2614 2712,2583 2766,2612 2858,2580 2937,2611 3039,2591 3098,2624 3112,2525 2755,2540 2689,2502 2620,2534 2548,2506 2497,2535 2333,2497"/>
                <Baseline points="2340,2559 2378,2561 2416,2562 2454,2564 2492,2565 2530,2567 2568,2567 2606,2569 2644,2570 2682,2571 2721,2573 2759,2574 2797,2575 2835,2576 2873,2577 2911,2579 2949,2580 2987,2582 3025,2585 3063,2587 3102,2589"/>
                <TextEquiv>
                    <Unicode>y niden vß vff gewonliche biht</Unicode>
                </TextEquiv>
            </TextLine>
            <TextLine id="r2l29" custom="readingOrder {index:28;}">
                <Coords points="2318,2662 2450,2683 2542,2644 2579,2665 2619,2646 2803,2705 2931,2662 3083,2677 3085,2613 3054,2607 2863,2624 2697,2594 2582,2621 2504,2582 2411,2605 2321,2582"/>
                <Baseline points="2328,2631 2365,2635 2402,2637 2440,2639 2477,2642 2514,2643 2552,2645 2589,2646 2626,2648 2664,2649 2701,2651 2738,2652 2776,2654 2813,2654 2850,2656 2888,2657 2925,2658 2962,2660 3000,2662 3037,2664 3075,2666"/>
                <TextEquiv>
                    <Unicode>statt furen. Alda sy inn ein</Unicode>
                </TextEquiv>
            </TextLine>
            <TextEquiv>
                <Unicode>unnd einlich auch ein seckli mitt
ertwas bulffers von Im dem bösen
gryst empfangen, das sy dasselbig
hin vnnd wider uff den velderer
matten unnd höltzeren zum rederbe
des rechs sayen söltt, Da habe
so aber allein einwenig an einem
wäg, daruon verhaytt, demnach
das seckli sinwag grworffen
unnd darüber von wägen söllicher
irer grosser stundt unnd ergangner
Misserhatt, Inn jetzlichs ruwen
gefallen, dem bösen satan
abgsagtt, unnd gott den alllmechtig
umb gnad unnd verzychung derselbige
bißhar statts unnd trungenlich an¬
grufft unnd gepätten.
Vff seinliche Er der gemellen
lattem Christen, schwärer stchäm.
liche versichnn, hoche vnnd freuw
liche misserhatt, habend volge
nampt mun x herren schulthey
thatt unnd burger diser loblich
statt bern ✳ uff iren bydt
zu rächen erkennnn unnd vesprochen
Das man dieselbe Patthein Eheis
dem Nachrichter beuelchen, der
y niden vß vff gewonliche biht
statt furen. Alda sy inn ein</Unicode>
            </TextEquiv>
        </TextRegion>
    </Page>
</PcGts>
