4160 3120
1208 93 1999 278 Denne aber vergangnen wuntters
1211 199 1995 352 by der eensen obenhalb nuwenegg
1220 261 1994 394 da er auch übernacht esin, ein alle
1215 329 1974 475 dös bieln unnd daselbst inn
1223 415 1991 541 einem anderen huss morndes ein
1216 465 2017 618 ystien weggen, beyde stuck dem
1220 554 2014 689 jenen zu Toffen umb x trüge
1268 621 1588 739 ekhaufft
1184 784 2025 933 Denne als er nechstuerschinen Ostern
1213 873 2006 985 alhie zum Räbluchen uber nechtplign
1219 952 2035 1051 habe er monndes am Morgen uff ind
1219 1001 1960 1121 der jungkfrouwen kammenn us
1225 1070 2017 1185 einem unbeschlossnen Troplin vnd
1236 1142 1967 1231 derum liegenden Eeckell, den
1254 1198 1971 1310 funds pellts gestolen, Welches
1230 1282 2013 1378 aber sin vatter widers elegt habe,
1186 1417 1960 1544 deine dis sumes zu Gebex
1248 1517 1947 1606 dem bader uss einer kameen
1254 1572 1926 1677 Inn der er ubernacht gsin, ein
1247 1652 1954 1762 Hembdli eines unnd einen
1266 1717 1972 1829 welschen gsellen zu elachenb
1259 1791 1676 1900 ex ernger gäben.
1254 1912 2014 2027 Ainne dem Prrdicane zu ere¬
1266 1969 2023 2091 dorffe usze näbend gaden, ein ysue
1263 2043 2008 2147 wegken, den dem schmid zu Mer
1257 2082 1853 2213 kilchen umb 1 ß verkhoufft
1222 2205 1952 2346 Denne als er, mitt sampt Lore
1232 2282 1975 2425 sächen sim yezuerschinnen Jacobe
1229 2362 2005 2484 dem Gräh Brueter geholffen ze huß
1232 2432 2022 2541 ziechen habind sy es einem truckli
1221 2490 1965 2597 zwoy hembdli verstolen, das ein
1251 2544 1955 2683 inen schmid kenacht umb 8 ß
2133 104 3015 266 unnd das annder einem anndern gsellen
2153 182 2887 338 umb v ß khönfflich heplach
2093 340 2987 494 enne vor einem Jer Hantzin zu
2140 436 2952 571 riedpung by dem er zu herber
2144 493 2997 645 gwasen, inn der Stuben, uss einem
2143 574 2996 709 weinsell, dry diespf vennteuwe
2109 750 2967 886 Denne zu Hapstetten verschinnen
2159 835 2893 945 eumers eines burenknäche
2150 918 2896 1035 bydem erplaxe, uß die kamere
2147 985 2954 1115 ein hembdli unnd alhie einem
2142 1064 2900 1189 welschen psellen umb 7 s gabn
2123 1250 2936 1408 Denne aber veschumens winttes
2160 1368 2936 1476 dem Hhans zuor uß sinen
2161 1421 2957 1546 Hußgang ein yßnen wege, den
2172 1492 2953 1609 dem Schmid zu Wattenwyl
2160 1573 2828 1693 umb vij s zeshauffn glasn
2099 1725 2946 1860 Denne glycher wyss diss mutters
2150 1822 2914 1919 df dem ilman zu Molckeine
2142 1888 2955 2007 ein achs ab dem offen mueli, geno¬
2139 1954 2862 2066 die dem schmid Ezworb umb
2131 2025 2681 2137 V. batzn verkchaufft
2755 2059 2838 2161 h
2113 2120 2955 2269 Denn vor ostern zu ybistoff
2143 2195 2922 2330 uss einem hußs, aber ein ysine
2145 2288 2906 2400 Wetten, auch ab dem offenmirli
2135 2356 2914 2460 euten vnnd einem vurm
2121 2419 2873 2528 Im oberied vmb v. sur
2130 2479 2450 2609 ze khauffn ge
