4160 3120
1254 117 1997 288 deselben beyden sy alle dey gmeinlich
1222 176 2012 353 uind uiersachenlich angrffen, eint
1197 242 1981 419 grossen kenttlen, uff sy nnd zuboden
1211 335 2003 504 unnd gantz und per zo tod geschlagen
1208 395 2000 552 deren der ein ein Cllpkäss und
1196 473 2003 632 der an der ettliche spys Inn einem
1199 533 1972 718 dacke getrag by denen sy ✳ als
1188 644 2013 786 den einen vier, vnnd by demtnder
1201 707 2024 852 aenelich wie eronen funden, deey
1203 773 2016 930 vn imme fram allein zwen diekpn
1193 850 1988 1007 gaben und das ander sy behalten
1197 928 1993 1064 die enschlaffnen Corpell Inn die
1203 998 1787 1141 Studen verschlypfft.
1187 1176 1994 1322 Darber habe er frantz zuker
1271 1283 1990 1393 aren us einem huss ein ische
1209 1355 2008 1473 unn sin bruder ein per schupffe
1203 1395 1373 1494 eieem
1371 1404 1763 1520 käller gestolen
1739 1584 1913 1653 1dahele
1204 1584 1993 1748 und beylich habe iach zu Maye
1358 1681 1986 1810 d inn einem huss ein
1208 1744 1978 1882 gutt sampt einem Hembdli ent¬
1223 1832 1333 1912 ag
1188 1898 1951 2041 Die gethan vorgeschribne Mortte
1635 1991 1943 2055 Melausse zuben
1209 2001 1947 2113 habe er sinem vartter, anzeigt, des
1200 2074 1972 2192 deßhalb Jimmerlin über ih erzürtt
1196 2143 1971 2259 worden, Inne mitt einem Herst gn
1188 2207 1951 2325 bundern, vnd i rurn biß vffs
1188 2283 1505 2392 blur, geschru
1173 2378 1925 2500 Dmme auch anzupt das vorge¬
1185 2469 1901 2554 kampter sin buder vnd vetter
1292 2532 1931 2626 Bordrix jars zu Sitten
1215 2601 1902 2701 der sigend gerederen worden
2112 96 2847 310 Enst ein man far ufzege
2277 204 2880 331 unnd mitse wyches be
2110 283 2541 454 shenden willen
2101 675 2903 851 Dodem psenibus her Hanns
2105 767 2936 926 Bittartten, des ehatts hertn
2132 831 2925 1014 Wysharnens der Burge Hans
2117 946 2936 1075 Mannels Großwybells etc. hatt
2184 1113 2865 1263 Nieli Wälle zu Fryterna
2251 1204 2840 1325 obenthalb effian guettig
2251 1282 2789 1381 num xrii jac laupt zur
2241 1354 2660 1466 Belx wonhafft
2088 1506 2908 1639 Vff genempter herrn ernstichs an
2103 1594 2912 1712 halten unnd befragen zu Marckzili
2122 1650 2921 1783 bekhennt unnd fürgeben. Namlich
2088 1730 2890 1865 lsdann imme ein gemeynd zu von
2069 1828 2871 1928 Belx vor Osten erlonen ehan by
2093 1897 2828 1999 dem siechenhus ein stackdat
2099 1949 2889 2072 gstengen uszerugen und ein kird
2093 2021 2910 2140 zerchen. Da sich er uff einzu
2101 2096 2901 2211 alde gsin vnnd darenn gewechen
2079 2156 2902 2257 Inn dem er vnnder anndern grsach
2100 2242 2904 2340 Hanns Lienharren den hodler ufs
2103 2292 2901 2399 oberland alda fürrytten. Volgendis
2088 2353 2921 2474 vff dem Elbend heim gens imme s
2077 2442 2905 2553 frouw nachgmolgen, die habe vnder
2087 2503 2852 2624 wägen einem schlüsseli fuden, den
2088 2583 2895 2680 erpruchten vorgedachen Lenharrn
2086 2653 2871 2761 veloem haben, den er behallt
