4160 3120
1319 239 2141 437 er inen sollichs usz sinem eygnen
1362 336 1661 453 gutt esezen
1659 353 2091 511 uff wolche sin
1370 422 2123 593 ved vnnd verheyssung, einer so
1359 484 2090 650 Inn selbiger malzyrt gägen,
1346 586 2123 730 württig unnd ein fraffner psell
1353 654 2093 800 gwäsen eine Blunnschin ge¬
1344 739 2112 867 antwurtten unnd gfragen, wann
1348 795 2048 947 er imme söllich sin verheysser
1337 873 2097 1025 gwüsslich halleten, so wöllee er
1351 971 2107 1101 mitt Im dahin zechen. Doch
1365 1034 2063 1173 s wurde er inne villichen heys
1373 1122 2050 1269 talen unnd wurden, das sich
1347 1194 2043 1329 aber zuerstatten mit geguette
1331 1266 2114 1405 Dorgegen er Blunchthy Meyn
1332 1341 2037 1480 Es wurde imme mitt schaden
1347 1423 2107 1544 daruff derselb, mitt Imme Blmn
1353 1508 2075 1623 sthy söllichs zeestatten ingang
1322 1596 2077 1709 dann sy wurdenn inn dem Berg
1343 1670 2086 1776 an diey ystin füren khommen
1334 1732 2084 1859 da wöllte er im Inhin helffen
1308 1820 2089 1938 vnnd so er da Innen, mußte er
1344 1895 2059 2013 sich seines gotts unnd seines
1324 1975 2101 2083 Christenlichen ploubens verlang,
1329 2048 1982 2164 nen, siich ouch mitt seinen
1324 2127 2083 2230 wgnen blutt, inn des bösen
1297 2202 2070 2324 fyendes rodell inschryben
1311 2282 2012 2386 hiemitt ime ein diekenpf
1315 2352 2035 2476 zegäben vesprochen, das er
1306 2449 2071 2575 zu einem schärer gan schräfffe
1316 2533 2048 2641 lassen unnd das blutt ein¬
1318 2603 2033 2721 pfathen, damitt er ettwas
1318 2663 1941 2782 den ein zedell schyben
1859 2750 2003 2822 unnd
2260 346 3044 469 Vnnd demnach mitt: Imme, zum
2282 432 3049 552 sthatz gan wöllee tc. unnd als
2266 523 3043 639 nun er Bluntschy von sollichen
2244 599 3034 692 unchristenlichen Ergerlichn reden
2267 649 3033 771 abzestan durch ettlich erenlüth
2267 729 3060 820 vermanne worden, er über unnd
2268 820 3018 924 unangstchen söllicher warnung
2270 904 3054 1000 wyther predt, Er hätte einen
2273 959 3014 1074 gedingett vnnd erkhoufft, der
2278 1038 2970 1154 mitt ime inn den Ber
2267 1115 2975 1233 mußte, Er bedörffte aber noch
2264 1196 3012 1320 ier gsellen. Vnnd daruff
2270 1277 3007 1379 noch ein annderen harrzu bey
2257 1339 2968 1459 reden unnd überkhommen, der
2231 1418 3022 1519 imme auch ingangen unnd inn
2256 1489 2990 1602 die Haundt glos, so er Imme
2256 1554 2966 1663 gutts gunt gaben ✳ das er
2265 1624 2968 1744 mitt imme dahin im Ber
2248 1689 2636 1783 gan W�ller.
2659 1705 2973 1821 Halber diser
2236 1764 2972 1885 Eed, sach, vnnd hanndell
2237 1856 2913 1983 habe er allein sthumpffs wyb
2245 1943 3003 2056 gezellet, vnnd darmitt die zwei
2250 2024 3005 2146 veregnen gsellen anglasse
2208 2081 2924 2207 Ire fraffne vermässen gey
2221 2173 2946 2277 zeerfaren unnd zeeckkundig
2222 2248 2918 2385 unnd dheins wags solliche
2237 2318 2935 2469 verruchte vnnd lichtneitige
2210 2386 2985 2548 sach, auns warch zebringen
2203 2480 2615 2597 understan wölle
2210 2546 3020 2681 uff ermnssag den vn tacg jnmes tege
2217 2609 3011 2723 J Ist uon minen s herren khätt und Burge
2209 2670 3001 2771 en verpemellen Casper Blunsthin sinver
2223 2715 3000 2824 irckt liben vff ein verschriben vrfech
2205 2765 2992 2873 uß gaden geschenckt, sonet das er allen
2205 2825 2956 2944 vosten einer pfangenschafft halb ufflüff
2200 2867 3006 3008 abragen unnd einen 4 herren. Glch
2203 2915 2795 3067 zu straaff vsprichen sölle.
