<?xml version="1.0" encoding="UTF-8" standalone="yes"?>
<PcGts xmlns="http://schema.primaresearch.org/PAGE/gts/pagecontent/2013-07-15" xmlns:xsi="http://www.w3.org/2001/XMLSchema-instance" xsi:schemaLocation="http://schema.primaresearch.org/PAGE/gts/pagecontent/2013-07-15 http://schema.primaresearch.org/PAGE/gts/pagecontent/2013-07-15/pagecontent.xsd">
    <Metadata>
        <Creator>prov=University of Rostock/Institute of Mathematics/CITlab|PLANET AI GmbH/Gundram Leifert/gundram.leifert@planet-ai.de:name=German_Kurrent_XVI-XVIII_M1(htr_id=19584)::::v=2.6.7
prov=University of Rostock/Institute of Mathematics/CITlab|PLANET AI GmbH/Tobias Gruening/tobias.gruening@planet-ai.de:name=de.uros.citlab.module.baseline2polygon.B2PSeamMultiOriented:v=2.6.7
prov=University of Rostock/Institute of Mathematics/CITlab|PLANET AI GmbH/Tobias Gruening/tobias.gruening@planet-ai.de:name=/net_tf/LA73_249_0mod360.pb:de.uros.citlab.segmentation.CITlab_LA_ML:v=2.6.7
prov=READ-COOP:name=PyLaia@TranskribusPlatform:version=0.3.1:model_id=26190:lm=none:date=12_10_2020_11:52
prov=READ-Coop:name=PyLaia@Transkribus:version=0.3.1:model_id=26190:lm=none:date=12_10_2020_11:52
prov=University of Rostock/Institute of Mathematics/CITlab|PLANET AI GmbH/Tobias Gruening/tobias.gruening@planet-ai.de:name=de.uros.citlab.module.baseline2polygon.B2PSeamMultiOriented:v=2.6.6</Creator>
        <Created>2020-10-05T14:57:44.447+02:00</Created>
        <LastChange>2022-09-09T16:13:01.993+02:00</LastChange>
        <TranskribusMetadata docId="1334779" pageId="52354173" pageNr="4" tsid="114635738" status="IN_PROGRESS" userId="9570" imgUrl="https://files.transkribus.eu/Get?id=CVWIBGVITQSGIQZOFTJLAOMX&amp;fileType=view" xmlUrl="https://files.transkribus.eu/Get?id=LMTBGOLMSCSJBMNPSUQAXXBA" imageId="16062285"/>
    </Metadata>
    <Page imageFilename="Turmbücher BIX 434 _00004-20200925_134216.jpg" imageWidth="4160" imageHeight="3120">
        <ReadingOrder>
            <OrderedGroup id="ro_1687513994647" caption="Regions reading order">
                <RegionRefIndexed index="0" regionRef="r1"/>
                <RegionRefIndexed index="1" regionRef="r2"/>
            </OrderedGroup>
        </ReadingOrder>
        <TextRegion orientation="0.0" id="r1" custom="readingOrder {index:0;}">
            <Coords points="1215,134 1215,2677 2079,2677 2079,134"/>
            <TextLine id="r1l1" custom="readingOrder {index:0;}">
                <Coords points="1308,192 1342,174 1398,222 1453,190 1608,217 1646,187 1725,198 1800,245 1838,219 1898,250 1978,234 2043,264 2048,216 1951,202 1835,129 1587,145 1524,106 1439,139 1317,107"/>
                <Baseline points="1317,164 1353,167 1389,170 1425,172 1461,174 1497,177 1533,179 1569,181 1605,184 1641,187 1678,189 1714,192 1750,196 1786,201 1822,205 1858,210 1894,217 1930,223 1966,231 2002,241 2039,251"/>
                <TextEquiv>
                    <Unicode>säch, das sy daselbst uß einem</Unicode>
                </TextEquiv>
            </TextLine>
            <TextLine id="r1l2" custom="readingOrder {index:1;}">
                <Coords points="1309,234 1417,277 1519,261 1583,301 1661,279 1722,304 1882,283 1963,331 2028,322 2033,264 1941,264 1865,230 1815,251 1727,198 1685,225 1460,202 1384,223 1346,181 1313,190"/>
                <Baseline points="1313,240 1348,242 1384,244 1419,245 1455,248 1490,250 1526,251 1561,254 1597,257 1632,258 1668,261 1704,264 1739,267 1775,271 1810,275 1846,279 1881,285 1917,290 1952,296 1988,304 2024,311"/>
                <TextEquiv>
                    <Unicode>klug gezoßen ufthan, daruß</Unicode>
                </TextEquiv>
            </TextLine>
            <TextLine id="r1l3" custom="readingOrder {index:2;}">
                <Coords points="1290,345 1371,326 1569,356 1674,327 1903,411 1955,391 2066,413 2077,352 1813,288 1749,310 1666,278 1583,303 1298,270"/>
                <Baseline points="1299,311 1337,311 1375,312 1414,313 1452,315 1490,316 1529,318 1567,321 1605,324 1644,328 1682,332 1720,337 1759,341 1797,347 1835,353 1874,360 1912,365 1950,373 1989,381 2027,388 2066,398"/>
                <TextEquiv>
                    <Unicode>zweinzich pfund wech, deyssig stan</Unicode>
                </TextEquiv>
            </TextLine>
            <TextLine id="r1l4" custom="readingOrder {index:3;}">
                <Coords points="1288,425 1384,396 1495,404 1551,449 1642,415 1679,444 1805,432 1858,468 2068,465 2072,419 2007,403 1951,424 1810,377 1750,392 1683,346 1604,382 1549,338 1441,377 1295,346"/>
                <Baseline points="1296,392 1334,394 1372,396 1411,399 1449,401 1487,403 1526,404 1564,407 1602,408 1641,410 1679,412 1717,416 1756,419 1794,422 1832,426 1871,431 1909,436 1947,441 1986,449 2024,456 2063,465"/>
                <TextEquiv>
                    <Unicode>garn ein wob schürlihz wamsele</Unicode>
                </TextEquiv>
            </TextLine>
            <TextLine id="r1l5" custom="readingOrder {index:4;}">
                <Coords points="1284,477 1420,474 1596,538 1703,505 1789,552 1914,511 1947,539 2017,529 2020,482 1918,463 1870,483 1782,444 1737,472 1670,436 1546,459 1444,449 1410,419 1366,446 1288,424"/>
                <Baseline points="1290,468 1326,472 1362,474 1398,476 1434,477 1470,480 1506,482 1542,485 1578,486 1614,489 1651,491 1687,493 1723,497 1759,499 1795,502 1831,505 1867,509 1903,513 1939,517 1975,523 2012,528"/>
                <TextEquiv>
                    <Unicode>ein bootten hußnnhinen wyber.</Unicode>
                </TextEquiv>
            </TextLine>
            <TextLine id="r1l6" custom="readingOrder {index:5;} place {offset:0; length:3;}">
                <Coords points="1322,560 1377,549 1418,581 1454,558 1568,577 1619,553 1769,604 1901,580 2037,619 2041,542 1951,549 1914,512 1789,551 1735,519 1655,544 1527,524 1485,491 1326,499"/>
                <Baseline points="1329,542 1364,546 1399,549 1434,552 1469,554 1505,557 1540,559 1575,560 1610,561 1645,563 1681,564 1716,566 1751,567 1786,569 1821,571 1857,573 1892,577 1927,580 1962,584 1997,589 2033,594"/>
                <TextEquiv>
                    <Unicode>ort, zwor Einlachen, vnd ettliche</Unicode>
                </TextEquiv>
            </TextLine>
            <TextLine id="r1l7" custom="readingOrder {index:6;}">
                <Coords points="1284,624 1498,659 1564,633 1658,685 1796,641 1831,664 1957,656 2018,686 2050,639 1980,611 1835,619 1690,566 1591,610 1448,576 1372,602 1288,552"/>
                <Baseline points="1290,612 1327,615 1365,619 1402,623 1440,626 1478,627 1515,630 1553,631 1591,633 1628,635 1666,636 1704,638 1741,639 1779,641 1817,643 1854,644 1892,648 1930,651 1967,653 2005,658 2043,663"/>
                <TextEquiv>
                    <Unicode>Klünpli parn, so inn einem treg</Unicode>
                </TextEquiv>
            </TextLine>
            <TextLine id="r1l8" custom="readingOrder {index:7;}">
                <Coords points="1298,719 1341,705 1401,727 1448,690 1593,760 1731,715 2026,753 2030,689 1965,672 1895,701 1844,674 1794,697 1769,668 1670,687 1544,642 1488,679 1364,640 1302,655"/>
                <Baseline points="1305,686 1340,690 1376,693 1412,695 1448,698 1484,700 1519,701 1555,704 1591,704 1627,706 1663,707 1698,708 1734,711 1770,713 1806,715 1842,717 1877,720 1913,723 1949,728 1985,733 2021,738"/>
                <TextEquiv>
                    <Unicode>glägen, den so mitt bemelle</Unicode>
                </TextEquiv>
            </TextLine>
            <TextLine id="r1l9" custom="readingOrder {index:8;}">
                <Coords points="1296,779 1386,767 1443,821 1584,780 1622,813 1696,795 1760,833 1809,834 1855,796 2047,814 2049,776 1974,741 1893,761 1827,731 1719,762 1680,736 1591,760 1497,708 1361,744 1300,720"/>
                <Baseline points="1302,768 1339,770 1376,771 1413,773 1450,774 1487,777 1524,778 1561,780 1598,782 1635,783 1672,786 1709,788 1746,791 1783,793 1820,795 1857,798 1894,800 1931,803 1968,805 2005,807 2042,810"/>
                <TextEquiv>
                    <Unicode>sach ufptragen, gestolen, das</Unicode>
                </TextEquiv>
            </TextLine>
            <TextLine id="r1l10" custom="readingOrder {index:9;}">
                <Coords points="1319,851 1596,896 1696,868 2033,925 2039,836 1929,807 1808,835 1688,807 1652,835 1532,826 1511,804 1406,828 1369,795 1323,800"/>
                <Baseline points="1325,848 1360,849 1395,850 1430,851 1466,852 1501,854 1536,855 1571,857 1607,858 1642,861 1677,863 1712,865 1748,868 1783,870 1818,872 1853,875 1889,878 1924,881 1959,884 1994,888 2030,891"/>
                <TextEquiv>
                    <Unicode>selbig alles hindern huss, uff</Unicode>
                </TextEquiv>
            </TextLine>
            <TextLine id="r1l11" custom="readingOrder {index:10;}">
                <Coords points="1315,924 1506,934 1558,959 1708,940 1863,966 1961,953 2015,978 2030,927 1668,888 1587,916 1506,894 1417,904 1318,866"/>
                <Baseline points="1320,920 1355,922 1390,924 1425,927 1460,930 1495,931 1530,932 1565,935 1600,936 1635,938 1671,939 1706,941 1741,944 1776,946 1811,948 1846,949 1881,952 1916,954 1951,957 1986,962 2022,965"/>
                <TextEquiv>
                    <Unicode>der matten mitt ein anderen</Unicode>
                </TextEquiv>
            </TextLine>
            <TextLine id="r1l12" custom="readingOrder {index:11;} person {offset:24; length:6;}">
                <Coords points="1311,1014 1393,1042 1555,990 1626,1020 1740,1013 1797,1046 1853,1026 1996,1057 2032,1046 2035,996 1819,961 1755,993 1668,988 1597,950 1314,955"/>
                <Baseline points="1317,998 1352,997 1388,996 1423,996 1459,998 1494,999 1530,1001 1565,1003 1601,1006 1636,1008 1672,1011 1708,1014 1743,1018 1779,1021 1814,1024 1850,1026 1885,1028 1921,1030 1956,1031 1992,1031 2028,1031"/>
                <TextEquiv>
                    <Unicode>getheylltt, daruon Imme Vringe</Unicode>
                </TextEquiv>
            </TextLine>
            <TextLine id="r1l13" custom="readingOrder {index:12;}">
                <Coords points="1305,1066 1464,1087 1584,1067 1700,1119 1754,1088 1970,1135 2065,1125 2068,1055 1979,1040 1837,1063 1734,1014 1635,1043 1527,1007 1387,1044 1308,1013"/>
                <Baseline points="1310,1070 1347,1068 1385,1068 1422,1068 1460,1070 1497,1070 1535,1073 1572,1075 1610,1078 1647,1080 1685,1083 1723,1087 1760,1089 1798,1091 1835,1094 1873,1096 1910,1098 1948,1098 1985,1100 2023,1100 2061,1098"/>
                <TextEquiv>
                    <Unicode>d 22 lb werch, die xxxstrang</Unicode>
                </TextEquiv>
            </TextLine>
            <TextLine id="r1l14" custom="readingOrder {index:13;}">
                <Coords points="1312,1131 1509,1146 1629,1198 1780,1160 1876,1192 1953,1164 2021,1170 2000,1137 1793,1106 1562,1111 1489,1072 1425,1114 1313,1103"/>
                <Baseline points="1317,1127 1353,1130 1390,1131 1427,1134 1464,1137 1500,1139 1537,1141 1574,1143 1611,1146 1648,1149 1684,1151 1721,1152 1758,1155 1795,1157 1832,1158 1868,1160 1905,1161 1942,1162 1979,1163 2016,1164"/>
                <TextEquiv>
                    <Unicode>garn, das wys schürlich weinn</Unicode>
                </TextEquiv>
            </TextLine>
            <TextLine id="r1l15" custom="readingOrder {index:14;}">
                <Coords points="1382,1229 1472,1210 1527,1234 1627,1230 1656,1210 1716,1244 1788,1225 2030,1243 2032,1179 1970,1199 1910,1175 1840,1203 1674,1176 1629,1198 1558,1159 1385,1158"/>
                <Baseline points="1389,1205 1420,1206 1452,1209 1484,1211 1516,1213 1548,1214 1579,1216 1611,1217 1643,1220 1675,1220 1707,1221 1738,1222 1770,1223 1802,1224 1834,1224 1866,1224 1897,1224 1929,1224 1961,1224 1993,1224 2025,1223"/>
                <TextEquiv>
                    <Unicode>Des kort wyberockt und</Unicode>
                </TextEquiv>
            </TextLine>
            <TextLine id="r1l16" custom="readingOrder {index:15;}">
                <Coords points="1290,1274 1422,1284 1494,1328 1557,1301 1602,1342 1683,1309 1756,1335 1995,1324 1998,1263 1954,1251 1838,1277 1792,1237 1715,1244 1682,1220 1581,1258 1509,1223 1387,1239 1297,1161"/>
                <Baseline points="1296,1266 1330,1269 1365,1272 1400,1275 1435,1277 1469,1281 1504,1282 1539,1285 1574,1287 1608,1290 1643,1292 1678,1293 1713,1295 1747,1297 1782,1298 1817,1300 1852,1301 1886,1302 1921,1302 1956,1302 1991,1304"/>
                <TextEquiv>
                    <Unicode>die wyssen hosten hemn theyl</Unicode>
                </TextEquiv>
            </TextLine>
            <TextLine id="r1l17" custom="readingOrder {index:16;}">
                <Coords points="1305,1336 1318,1338 1326,1345 1337,1340 1343,1346 1349,1346 1359,1354 1370,1353 1371,1313 1359,1314 1353,1308 1347,1312 1339,1309 1334,1311 1316,1306 1314,1303 1305,1304"/>
                <Baseline points="1310,1340 1337,1337 1365,1341"/>
                <TextEquiv>
                    <Unicode>We</Unicode>
                </TextEquiv>
            </TextLine>
            <TextLine id="r1l18" custom="readingOrder {index:17;}">
                <Coords points="1208,1519 1270,1470 1304,1507 1379,1478 1439,1520 1477,1491 1678,1497 1726,1538 1801,1504 1927,1525 2067,1508 2087,1459 1980,1479 1930,1448 1780,1475 1575,1437 1540,1457 1462,1411 1354,1435 1214,1367"/>
                <Baseline points="1215,1470 1258,1473 1301,1476 1344,1478 1387,1481 1431,1484 1474,1486 1517,1488 1560,1490 1603,1491 1647,1494 1690,1496 1733,1497 1776,1499 1819,1500 1863,1502 1906,1503 1949,1503 1992,1505 2035,1505 2079,1505"/>
                <TextEquiv>
                    <Unicode>Item so habe er ouch under zwaren</Unicode>
                </TextEquiv>
            </TextLine>
            <TextLine id="r1l19" custom="readingOrder {index:18;}">
                <Coords points="1307,1580 1430,1543 1466,1570 1503,1549 1654,1552 1716,1596 1794,1560 2009,1571 1997,1522 1882,1551 1765,1517 1657,1534 1532,1493 1503,1513 1476,1492 1439,1520 1392,1489 1353,1514 1311,1495"/>
                <Baseline points="1314,1536 1348,1538 1383,1541 1417,1542 1452,1544 1486,1546 1521,1548 1555,1551 1590,1553 1624,1556 1659,1557 1693,1560 1728,1562 1762,1563 1797,1565 1831,1566 1866,1566 1900,1566 1935,1566 1969,1565 2004,1563"/>
                <TextEquiv>
                    <Unicode>so demselben spycher ein müdt</Unicode>
                </TextEquiv>
            </TextLine>
            <TextLine id="r1l20" custom="readingOrder {index:19;} place {offset:21; length:4;}">
                <Coords points="1292,1596 1630,1622 1671,1646 1712,1617 1771,1644 1959,1624 1960,1590 1938,1579 1822,1566 1719,1604 1653,1553 1551,1591 1427,1546 1397,1565 1295,1539"/>
                <Baseline points="1298,1593 1330,1595 1363,1596 1396,1599 1429,1601 1461,1603 1494,1607 1527,1609 1560,1612 1592,1614 1625,1617 1658,1620 1691,1622 1723,1623 1756,1625 1789,1626 1822,1626 1854,1626 1887,1626 1920,1625 1953,1623"/>
                <TextEquiv>
                    <Unicode>Dinckells einrent zu Müll</Unicode>
                </TextEquiv>
            </TextLine>
            <TextLine id="r1l21" custom="readingOrder {index:20;}">
                <Coords points="1268,1680 1361,1668 1397,1699 1435,1673 1565,1675 1739,1737 1922,1742 2001,1735 2006,1647 1874,1673 1713,1617 1673,1650 1590,1623 1547,1649 1372,1610 1271,1626"/>
                <Baseline points="1275,1658 1311,1661 1347,1662 1383,1664 1419,1667 1455,1670 1491,1671 1528,1674 1564,1677 1600,1680 1636,1682 1672,1685 1708,1686 1744,1688 1781,1691 1817,1692 1853,1692 1889,1694 1925,1694 1961,1694 1998,1692"/>
                <TextEquiv>
                    <Unicode>gethan unnd inn stuem hus</Unicode>
                </TextEquiv>
            </TextLine>
            <TextLine id="r1l22" custom="readingOrder {index:21;}">
                <Coords points="1403,1753 1448,1746 1482,1765 1515,1765 1537,1755 1561,1758 1573,1752 1598,1758 1601,1736 1576,1734 1533,1715 1520,1719 1486,1693 1473,1699 1457,1696 1424,1712 1408,1709"/>
                <Baseline points="1410,1736 1436,1739 1462,1742 1488,1746 1514,1750 1540,1752 1566,1754 1593,1752"/>
                <TextEquiv>
                    <Unicode>niht</Unicode>
                </TextEquiv>
            </TextLine>
            <TextLine id="r1l23" custom="readingOrder {index:22;}">
                <Coords points="1290,1919 1476,1906 1636,1926 1692,1967 1776,1944 1886,1973 1930,1938 1982,1942 1985,1887 1821,1871 1633,1896 1582,1860 1514,1881 1400,1860 1336,1798 1295,1817"/>
                <Baseline points="1296,1905 1330,1905 1364,1905 1398,1907 1432,1908 1466,1910 1500,1911 1534,1913 1568,1916 1602,1918 1636,1920 1670,1923 1704,1925 1738,1928 1772,1929 1806,1931 1840,1931 1874,1932 1908,1932 1942,1932 1977,1931"/>
                <TextEquiv>
                    <Unicode>Aber er vnnd vorgedachter sin</Unicode>
                </TextEquiv>
            </TextLine>
            <TextLine id="r1l24" custom="readingOrder {index:23;}">
                <Coords points="1294,2008 1378,1974 1488,2011 1599,1988 1676,2030 1724,2003 1825,2032 1856,2011 1997,2007 2000,1960 1912,1984 1844,1948 1694,1969 1638,1946 1415,1956 1365,1915 1299,1929"/>
                <Baseline points="1301,1970 1335,1971 1370,1973 1404,1975 1439,1976 1473,1978 1508,1981 1542,1984 1577,1986 1611,1990 1646,1993 1681,1995 1715,1998 1750,2000 1784,2003 1819,2004 1853,2005 1888,2006 1922,2006 1957,2006 1992,2004"/>
                <TextEquiv>
                    <Unicode>sell ongwarlich vor zwoyen</Unicode>
                </TextEquiv>
            </TextLine>
            <TextLine id="r1l25" custom="readingOrder {index:24;}">
                <Coords points="1282,2062 1377,2055 1427,2098 1533,2055 1593,2080 1695,2064 1798,2108 1880,2072 2032,2100 2034,2059 1856,2011 1788,2046 1755,2025 1686,2042 1612,1990 1566,2025 1433,2005 1372,2027 1284,1993"/>
                <Baseline points="1287,2051 1324,2051 1361,2052 1398,2052 1435,2054 1472,2054 1509,2057 1546,2057 1583,2060 1620,2061 1657,2063 1694,2064 1731,2067 1768,2069 1805,2070 1842,2072 1879,2073 1916,2074 1953,2075 1990,2076 2028,2076"/>
                <TextEquiv>
                    <Unicode>faren habind dem Schwendnnan</Unicode>
                </TextEquiv>
            </TextLine>
            <TextLine id="r1l26" custom="readingOrder {index:25;} place {offset:3; length:9;}">
                <Coords points="1248,2148 1317,2122 1371,2143 1498,2129 1578,2160 1640,2133 1742,2159 1830,2143 1952,2159 1953,2123 1881,2112 1560,2108 1514,2079 1428,2099 1298,2050 1251,2058"/>
                <Baseline points="1254,2121 1288,2121 1323,2123 1357,2123 1392,2124 1427,2126 1461,2127 1496,2128 1531,2130 1565,2131 1600,2133 1635,2134 1669,2136 1704,2137 1739,2138 1773,2141 1808,2142 1843,2143 1877,2144 1912,2145 1947,2147"/>
                <TextEquiv>
                    <Unicode>zu Obrenburg mitt einem</Unicode>
                </TextEquiv>
            </TextLine>
            <TextLine id="r1l27" custom="readingOrder {index:26;}">
                <Coords points="1266,2190 1344,2222 1393,2202 1448,2246 1544,2206 1625,2255 1680,2214 1796,2209 1872,2258 1917,2228 1950,2251 1987,2239 1991,2152 1801,2188 1731,2153 1579,2161 1499,2129 1405,2170 1268,2145"/>
                <Baseline points="1272,2184 1307,2188 1343,2189 1378,2193 1414,2195 1449,2197 1485,2199 1520,2200 1556,2202 1591,2203 1627,2205 1662,2206 1698,2207 1733,2208 1769,2210 1804,2211 1840,2213 1875,2214 1911,2216 1946,2217 1982,2220"/>
                <TextEquiv>
                    <Unicode>angen schröwtysen, seinen spychr</Unicode>
                </TextEquiv>
            </TextLine>
            <TextLine id="r1l28" custom="readingOrder {index:27;}">
                <Coords points="1252,2308 1294,2313 1365,2268 1412,2300 1585,2272 1650,2306 1997,2308 2006,2239 1893,2271 1738,2265 1694,2239 1624,2255 1545,2205 1453,2248 1256,2214"/>
                <Baseline points="1259,2265 1297,2265 1336,2267 1375,2267 1414,2269 1453,2270 1492,2271 1531,2273 1570,2276 1609,2277 1647,2280 1686,2282 1725,2284 1764,2286 1803,2289 1842,2290 1881,2292 1920,2294 1959,2294 1998,2294"/>
                <TextEquiv>
                    <Unicode>pwrägen, daruß zwen dick¬</Unicode>
                </TextEquiv>
            </TextLine>
            <TextLine id="r1l29" custom="readingOrder {index:28;}">
                <Coords points="1242,2353 1277,2379 1354,2342 1407,2371 1560,2351 1666,2379 2027,2366 2028,2339 1862,2292 1747,2325 1688,2305 1547,2321 1488,2290 1434,2321 1389,2296 1244,2303"/>
                <Baseline points="1248,2336 1286,2338 1325,2340 1364,2343 1402,2345 1441,2347 1480,2349 1518,2351 1557,2353 1596,2355 1635,2357 1673,2357 1712,2358 1751,2360 1789,2361 1828,2361 1867,2361 1905,2363 1944,2363 1983,2362 2022,2361"/>
                <TextEquiv>
                    <Unicode>fennig zwen wyberröckt, deren</Unicode>
                </TextEquiv>
            </TextLine>
            <TextLine id="r1l30" custom="readingOrder {index:29;} place {offset:24; length:4;}">
                <Coords points="1239,2427 1532,2451 1590,2432 1778,2454 1989,2439 1989,2418 1755,2375 1692,2398 1609,2374 1553,2402 1467,2369 1406,2397 1281,2379 1240,2401"/>
                <Baseline points="1245,2423 1281,2423 1318,2423 1355,2423 1392,2424 1429,2424 1466,2424 1503,2426 1540,2426 1577,2427 1614,2429 1650,2430 1687,2430 1724,2432 1761,2433 1798,2435 1835,2436 1872,2436 1909,2438 1946,2438 1983,2439"/>
                <TextEquiv>
                    <Unicode>der ein koot, der ander Brun</Unicode>
                </TextEquiv>
            </TextLine>
            <TextLine id="r1l31" custom="readingOrder {index:30;}">
                <Coords points="1338,2516 1397,2551 1463,2504 1578,2522 1729,2509 1787,2548 1884,2518 1923,2540 1997,2535 1999,2478 1923,2489 1821,2448 1732,2473 1510,2470 1449,2446 1399,2471 1340,2459"/>
                <Baseline points="1344,2501 1376,2502 1408,2502 1441,2502 1473,2503 1506,2504 1538,2504 1570,2504 1603,2505 1635,2505 1668,2506 1700,2507 1732,2508 1765,2509 1797,2510 1830,2513 1862,2515 1894,2517 1927,2520 1959,2524 1992,2528"/>
                <TextEquiv>
                    <Unicode>sampt einem schrartzen</Unicode>
                </TextEquiv>
            </TextLine>
            <TextLine id="r1l32" custom="readingOrder {index:31;}">
                <Coords points="1274,2592 1357,2584 1424,2619 1521,2587 1652,2630 1746,2567 1791,2604 1950,2634 1965,2539 1921,2566 1828,2562 1708,2513 1632,2534 1529,2509 1483,2531 1450,2512 1391,2551 1342,2511 1275,2540"/>
                <Baseline points="1280,2574 1315,2573 1351,2573 1387,2574 1422,2574 1458,2574 1494,2576 1530,2576 1565,2577 1601,2579 1637,2580 1673,2580 1708,2582 1744,2582 1780,2583 1816,2584 1851,2585 1887,2585 1923,2585 1959,2583"/>
                <TextEquiv>
                    <Unicode>asptuchinen tschonens</Unicode>
                </TextEquiv>
            </TextLine>
            <TextLine id="r1l33" custom="readingOrder {index:32;}">
                <Coords points="1809,2693 1827,2689 1837,2692 1846,2686 1870,2682 1879,2674 1921,2667 1923,2629 1899,2636 1886,2623 1877,2623 1866,2611 1843,2600 1826,2607 1812,2606"/>
                <Baseline points="1815,2657 1840,2658 1865,2658 1890,2660 1916,2661"/>
                <TextEquiv>
                    <Unicode>Inn</Unicode>
                </TextEquiv>
            </TextLine>
            <TextEquiv>
                <Unicode>säch, das sy daselbst uß einem
klug gezoßen ufthan, daruß
zweinzich pfund wech, deyssig stan
garn ein wob schürlihz wamsele
ein bootten hußnnhinen wyber.
ort, zwor Einlachen, vnd ettliche
Klünpli parn, so inn einem treg
glägen, den so mitt bemelle
sach ufptragen, gestolen, das
selbig alles hindern huss, uff
der matten mitt ein anderen
getheylltt, daruon Imme Vringe
d 22 lb werch, die xxxstrang
garn, das wys schürlich weinn
Des kort wyberockt und
die wyssen hosten hemn theyl
We
Item so habe er ouch under zwaren
so demselben spycher ein müdt
Dinckells einrent zu Müll
gethan unnd inn stuem hus
niht
Aber er vnnd vorgedachter sin
sell ongwarlich vor zwoyen
faren habind dem Schwendnnan
zu Obrenburg mitt einem
angen schröwtysen, seinen spychr
pwrägen, daruß zwen dick¬
fennig zwen wyberröckt, deren
der ein koot, der ander Brun
sampt einem schrartzen
asptuchinen tschonens
Inn</Unicode>
            </TextEquiv>
        </TextRegion>
        <TextRegion orientation="0.0" id="r2" custom="readingOrder {index:1;}">
            <Coords points="2169,218 2169,2685 3033,2685 3033,218"/>
            <TextLine id="r2l1" custom="readingOrder {index:0;}">
                <Coords points="2192,289 2558,264 2676,294 2930,271 3020,296 3013,234 2857,248 2736,215 2614,241 2551,213 2422,241 2286,224 2246,188 2195,205"/>
                <Baseline points="2199,248 2239,250 2280,253 2321,255 2362,257 2403,258 2443,260 2484,261 2525,261 2566,263 2607,263 2647,264 2688,266 2729,266 2770,267 2811,269 2851,270 2892,272 2933,273 2974,276 3015,278"/>
                <TextEquiv>
                    <Unicode>inn einem tropplägen, ent</Unicode>
                </TextEquiv>
            </TextLine>
            <TextLine id="r2l2" custom="readingOrder {index:1;} place {offset:23; length:5;}">
                <Coords points="2215,317 2468,348 2604,321 2754,331 2796,361 2848,329 2975,359 3029,339 3030,289 2953,309 2908,276 2765,306 2599,277 2482,307 2392,271 2215,288"/>
                <Baseline points="2220,315 2260,318 2300,319 2340,321 2380,322 2421,324 2461,326 2501,327 2541,327 2581,329 2622,330 2662,330 2702,331 2742,332 2782,332 2823,332 2863,332 2903,330 2943,330 2983,329 3024,327"/>
                <TextEquiv>
                    <Unicode>trombdett, die rock zu Burff</Unicode>
                </TextEquiv>
            </TextLine>
            <TextLine id="r2l3" custom="readingOrder {index:2;}">
                <Coords points="2221,393 2258,390 2316,439 2505,383 2680,436 2749,399 2820,426 2899,395 3008,419 3009,365 2947,347 2877,375 2773,347 2737,367 2700,340 2580,371 2477,341 2433,366 2353,327 2289,356 2222,336"/>
                <Baseline points="2226,380 2264,381 2303,384 2342,386 2381,386 2420,388 2459,389 2497,390 2536,390 2575,392 2614,393 2653,393 2692,393 2731,393 2769,395 2808,395 2847,395 2886,395 2925,395 2964,393 3003,393"/>
                <TextEquiv>
                    <Unicode>dorff umb vier pfindt gallts</Unicode>
                </TextEquiv>
            </TextLine>
            <TextLine id="r2l4" custom="readingOrder {index:3;}">
                <Coords points="2211,463 2341,508 2450,457 3026,469 3027,421 2834,434 2730,407 2680,436 2562,394 2368,434 2211,412"/>
                <Baseline points="2216,450 2256,450 2296,450 2336,450 2377,452 2417,453 2457,455 2497,456 2538,458 2578,459 2618,461 2658,462 2699,464 2739,464 2779,464 2819,464 2860,463 2900,461 2940,459 2980,457 3021,453"/>
                <TextEquiv>
                    <Unicode>ettlichen buret weberen ver</Unicode>
                </TextEquiv>
            </TextLine>
            <TextLine id="r2l5" custom="readingOrder {index:4;}">
                <Coords points="2688,496 2694,497 2699,495 2704,501 2709,503 2714,503 2714,462 2707,461 2702,462 2693,453 2688,453"/>
                <Baseline points="2693,495 2709,495"/>
                <TextEquiv>
                    <Unicode>e</Unicode>
                </TextEquiv>
            </TextLine>
            <TextLine id="r2l6" custom="readingOrder {index:5;}">
                <Coords points="2199,553 2241,561 2279,529 2363,561 2552,537 2743,573 2966,529 3038,542 3032,478 2891,504 2800,463 2715,511 2667,468 2596,465 2540,503 2441,473 2340,508 2199,471"/>
                <Baseline points="2204,527 2245,527 2286,527 2328,528 2369,528 2411,530 2452,531 2494,533 2535,533 2577,534 2618,536 2659,536 2701,537 2742,537 2784,537 2825,537 2867,536 2908,535 2950,533 2991,530 3033,527"/>
                <TextEquiv>
                    <Unicode>thonft, das verkhanfft, vnd den</Unicode>
                </TextEquiv>
            </TextLine>
            <TextLine id="r2l7" custom="readingOrder {index:6;} person {offset:12; length:8;}">
                <Coords points="2203,633 2335,647 2580,609 2690,641 2804,622 2843,654 2969,626 2971,568 2833,553 2651,588 2563,537 2476,576 2412,579 2315,537 2205,556"/>
                <Baseline points="2210,596 2247,596 2285,597 2323,597 2360,599 2398,600 2436,603 2473,603 2511,605 2549,608 2587,609 2624,611 2662,612 2700,612 2737,614 2775,614 2813,614 2850,612 2888,612 2926,610 2964,606"/>
                <TextEquiv>
                    <Unicode>Eschopen er Ottinger behallten</Unicode>
                </TextEquiv>
            </TextLine>
            <TextLine id="r2l8" custom="readingOrder {index:7;}">
                <Coords points="2202,678 2340,724 2481,686 2585,731 2696,683 2757,726 2841,698 2906,727 2945,696 3017,715 3019,651 2906,628 2843,654 2801,622 2745,663 2642,661 2608,634 2567,654 2499,619 2336,647 2204,632"/>
                <Baseline points="2208,669 2248,669 2288,669 2328,669 2368,671 2409,672 2449,673 2489,675 2529,677 2569,678 2610,680 2650,681 2690,683 2730,684 2770,687 2811,689 2851,689 2891,690 2931,692 2971,693 3012,693"/>
                <TextEquiv>
                    <Unicode>tragen unnd an seinem lyb ze</Unicode>
                </TextEquiv>
            </TextLine>
            <TextLine id="r2l9" custom="readingOrder {index:8;}">
                <Coords points="2203,746 2239,747 2275,778 2309,792 2374,753 2388,765 2410,759 2426,774 2455,764 2458,714 2442,712 2409,729 2360,716 2343,724 2323,706 2263,707 2236,688 2205,696"/>
                <Baseline points="2208,740 2234,741 2261,742 2288,743 2315,743 2342,744 2369,746 2396,748 2423,750 2450,753"/>
                <TextEquiv>
                    <Unicode>brochen. </Unicode>
                </TextEquiv>
            </TextLine>
            <TextLine id="r2l10" custom="readingOrder {index:9;}">
                <Coords points="2193,884 2485,876 2664,906 2715,883 2752,912 2825,885 2925,919 3029,887 3029,831 2844,855 2793,830 2638,852 2574,825 2527,856 2403,823 2344,851 2194,778"/>
                <Baseline points="2198,876 2239,876 2280,876 2321,877 2363,878 2404,878 2445,879 2486,879 2528,881 2569,881 2610,882 2651,882 2693,884 2734,884 2775,884 2816,884 2858,884 2899,884 2940,884 2981,882 3023,882"/>
                <TextEquiv>
                    <Unicode>Denne aber vor zwöyen Jaren, habe</Unicode>
                </TextEquiv>
            </TextLine>
            <TextLine id="r2l11" custom="readingOrder {index:10;} place {offset:22; length:6;}">
                <Coords points="2221,945 2344,992 2448,985 2526,947 2689,976 2743,940 2835,992 2991,951 2991,929 2836,887 2755,911 2529,887 2472,914 2414,881 2366,910 2306,876 2222,899"/>
                <Baseline points="2226,935 2265,938 2305,939 2345,941 2385,942 2425,944 2465,945 2505,945 2545,947 2585,947 2625,948 2665,948 2705,948 2745,948 2785,950 2825,950 2865,950 2905,950 2945,950 2985,950"/>
                <TextEquiv>
                    <Unicode>er für sich allein zu yffeyl</Unicode>
                </TextEquiv>
            </TextLine>
            <TextLine id="r2l12" custom="readingOrder {index:11;}">
                <Coords points="2215,1026 2456,1004 2539,1054 2602,1027 2697,1057 2732,1027 2800,1057 2903,1013 2966,1024 2967,989 2898,970 2796,988 2738,944 2651,985 2568,979 2525,948 2453,988 2364,991 2216,947"/>
                <Baseline points="2220,999 2257,1001 2294,1003 2331,1004 2368,1007 2405,1008 2442,1010 2479,1011 2516,1013 2553,1013 2590,1014 2627,1014 2664,1016 2701,1016 2738,1016 2775,1014 2812,1014 2849,1013 2886,1011 2923,1010 2961,1007"/>
                <TextEquiv>
                    <Unicode>inn wp ysthers huss ✳ uss dem</Unicode>
                </TextEquiv>
            </TextLine>
            <TextLine id="r2l13" custom="readingOrder {index:12;}">
                <Coords points="2211,1076 2352,1075 2415,1104 2546,1073 2685,1125 2757,1102 2835,1125 2927,1072 2993,1107 2993,1054 2850,1024 2797,1058 2731,1027 2697,1057 2526,1054 2451,1005 2212,1043"/>
                <Baseline points="2217,1065 2255,1067 2294,1068 2332,1070 2371,1071 2409,1073 2448,1074 2486,1074 2525,1076 2563,1077 2602,1077 2641,1077 2679,1079 2718,1079 2756,1079 2795,1079 2833,1077 2872,1077 2910,1076 2949,1075 2988,1074"/>
                <TextEquiv>
                    <Unicode>näbend faden ein enspruchmen</Unicode>
                </TextEquiv>
            </TextLine>
            <TextLine id="r2l14" custom="readingOrder {index:13;}">
                <Coords points="2214,1157 2354,1184 2418,1143 2639,1195 2780,1148 2916,1186 2970,1153 3038,1160 3040,1065 2900,1129 2772,1108 2662,1127 2620,1096 2434,1123 2281,1084 2215,1097"/>
                <Baseline points="2220,1136 2260,1136 2301,1139 2341,1140 2382,1141 2423,1142 2463,1143 2504,1145 2545,1145 2585,1146 2626,1146 2667,1148 2707,1148 2748,1149 2789,1149 2829,1151 2870,1151 2911,1152 2951,1152 2992,1153 3033,1154"/>
                <TextEquiv>
                    <Unicode>sthogen unnd zwoy manen herrbe</Unicode>
                </TextEquiv>
            </TextLine>
            <TextLine id="r2l15" custom="readingOrder {index:14;}">
                <Coords points="2317,1208 2552,1229 2687,1212 2789,1269 2833,1235 2886,1246 2981,1223 2982,1188 2907,1190 2782,1149 2641,1193 2582,1174 2352,1183 2318,1163"/>
                <Baseline points="2322,1203 2354,1203 2387,1205 2420,1206 2452,1207 2485,1208 2518,1209 2550,1211 2583,1212 2616,1212 2649,1214 2681,1215 2714,1216 2747,1217 2779,1217 2812,1217 2845,1217 2877,1217 2910,1217 2943,1217 2976,1215"/>
                <TextEquiv>
                    <Unicode>veruntruwett, das selbig an</Unicode>
                </TextEquiv>
            </TextLine>
            <TextLine id="r2l16" custom="readingOrder {index:15;}">
                <Coords points="2235,1301 2408,1265 2670,1325 2783,1286 2989,1323 3016,1315 3019,1222 2943,1260 2900,1236 2791,1267 2513,1254 2443,1225 2236,1248"/>
                <Baseline points="2241,1268 2279,1268 2318,1268 2356,1269 2395,1271 2433,1272 2472,1273 2510,1275 2549,1276 2587,1278 2626,1280 2665,1281 2703,1283 2742,1284 2780,1286 2819,1286 2857,1286 2896,1287 2934,1287 2973,1286 3012,1284"/>
                <TextEquiv>
                    <Unicode>mein löb gerag und verbrucht</Unicode>
                </TextEquiv>
            </TextLine>
            <TextLine id="r2l17" custom="readingOrder {index:16;}">
                <Coords points="2252,1431 2416,1427 2469,1465 2534,1433 2611,1471 2773,1431 2989,1451 2990,1414 2872,1376 2729,1408 2621,1383 2506,1406 2418,1381 2339,1395 2255,1357"/>
                <Baseline points="2259,1415 2295,1416 2331,1418 2367,1419 2404,1421 2440,1422 2476,1424 2512,1425 2549,1428 2585,1428 2621,1430 2657,1432 2694,1433 2730,1434 2766,1436 2802,1436 2839,1437 2875,1439 2911,1439 2947,1440 2984,1440"/>
                <TextEquiv>
                    <Unicode>Imie onguarlich vor einem Jar</Unicode>
                </TextEquiv>
            </TextLine>
            <TextLine id="r2l18" custom="readingOrder {index:17;} place {offset:11; length:11;}">
                <Coords points="2235,1485 2393,1478 2439,1507 2653,1490 2807,1520 2856,1497 2906,1535 2990,1507 2992,1455 2898,1437 2861,1466 2742,1445 2610,1470 2523,1443 2471,1467 2440,1434 2389,1452 2237,1430"/>
                <Baseline points="2241,1473 2278,1475 2315,1476 2352,1479 2389,1480 2427,1482 2464,1484 2501,1486 2538,1487 2575,1489 2613,1491 2650,1493 2687,1494 2724,1496 2761,1497 2799,1499 2836,1499 2873,1500 2910,1500 2947,1500 2985,1500"/>
                <TextEquiv>
                    <Unicode>habe er zu dietterswyl ein vsine</Unicode>
                </TextEquiv>
            </TextLine>
            <TextLine id="r2l19" custom="readingOrder {index:18;}">
                <Coords points="2214,1552 2288,1541 2371,1586 2445,1545 2592,1551 2664,1586 2979,1566 2975,1509 2858,1541 2680,1537 2600,1499 2546,1514 2401,1484 2319,1518 2217,1476"/>
                <Baseline points="2220,1538 2257,1538 2295,1538 2332,1540 2370,1541 2408,1544 2445,1545 2483,1547 2521,1549 2558,1551 2596,1554 2634,1556 2671,1557 2709,1559 2747,1560 2784,1562 2822,1562 2860,1562 2897,1562 2935,1560 2973,1559"/>
                <TextEquiv>
                    <Unicode>bett funden, die erpenen, und</Unicode>
                </TextEquiv>
            </TextLine>
            <TextLine id="r2l20" custom="readingOrder {index:19;} place {offset:3; length:12;}">
                <Coords points="2207,1632 2394,1644 2480,1616 2808,1650 2875,1631 2964,1673 2967,1605 2866,1585 2710,1606 2630,1571 2542,1600 2415,1569 2369,1585 2340,1556 2296,1582 2210,1561"/>
                <Baseline points="2214,1605 2251,1608 2288,1609 2326,1611 2363,1613 2400,1614 2438,1615 2475,1617 2512,1619 2550,1620 2587,1622 2624,1623 2662,1625 2699,1626 2736,1628 2774,1629 2811,1629 2848,1630 2886,1631 2923,1632 2961,1632"/>
                <TextEquiv>
                    <Unicode>zu Hindellwanck ein umb e</Unicode>
                </TextEquiv>
            </TextLine>
            <TextLine id="r2l21" custom="readingOrder {index:20;}">
                <Coords points="2214,1680 2299,1711 2425,1696 2456,1723 2497,1702 2588,1724 2679,1702 2738,1736 2871,1698 2960,1719 2962,1665 2825,1648 2787,1670 2738,1645 2545,1674 2466,1629 2353,1658 2215,1650"/>
                <Baseline points="2220,1673 2256,1676 2293,1679 2330,1681 2367,1683 2403,1686 2440,1689 2477,1690 2514,1693 2550,1695 2587,1696 2624,1697 2661,1699 2697,1700 2734,1700 2771,1701 2808,1701 2844,1701 2881,1700 2918,1700 2955,1698"/>
                <TextEquiv>
                    <Unicode>Batzen versetzn, welche aber der</Unicode>
                </TextEquiv>
            </TextLine>
            <TextLine id="r2l22" custom="readingOrder {index:21;}">
                <Coords points="2225,1767 2275,1803 2314,1770 2400,1789 2437,1765 2487,1803 2523,1784 2640,1814 2683,1784 2797,1803 2834,1785 2880,1810 2975,1760 2896,1717 2767,1747 2614,1703 2549,1742 2498,1702 2399,1729 2373,1706 2227,1700"/>
                <Baseline points="2231,1755 2267,1755 2304,1755 2341,1757 2378,1757 2415,1758 2452,1760 2489,1761 2526,1761 2563,1764 2600,1766 2636,1767 2673,1769 2710,1771 2747,1773 2784,1775 2821,1776 2858,1779 2895,1779 2932,1782 2969,1784"/>
                <TextEquiv>
                    <Unicode>deß sy gerwäsen, erfragt, geloß</Unicode>
                </TextEquiv>
            </TextLine>
            <TextLine id="r2l23" custom="readingOrder {index:22;}">
                <Coords points="2205,1830 2332,1824 2398,1876 2477,1832 2633,1837 2776,1890 2907,1858 2962,1877 2965,1828 2748,1786 2632,1816 2417,1775 2316,1806 2207,1790"/>
                <Baseline points="2211,1817 2248,1818 2285,1820 2323,1822 2360,1824 2397,1826 2435,1828 2472,1831 2509,1832 2547,1836 2584,1838 2621,1840 2659,1841 2696,1844 2733,1845 2771,1847 2808,1848 2845,1848 2883,1850 2920,1850 2958,1850"/>
                <TextEquiv>
                    <Unicode>unnd also widerumb zu stiden</Unicode>
                </TextEquiv>
            </TextLine>
            <TextLine id="r2l24" custom="readingOrder {index:23;}">
                <Coords points="2179,1929 2206,1934 2268,1896 2381,1899 2448,1932 2511,1903 2542,1921 2582,1915 2603,1939 2670,1908 2671,1886 2603,1854 2566,1874 2529,1877 2503,1857 2410,1878 2327,1850 2268,1865 2246,1843 2184,1835"/>
                <Baseline points="2187,1887 2212,1889 2237,1890 2262,1891 2287,1893 2312,1894 2337,1895 2362,1896 2387,1898 2412,1899 2438,1901 2463,1902 2488,1902 2513,1904 2538,1905 2563,1906 2588,1907 2613,1908 2638,1908 2664,1910"/>
                <TextEquiv>
                    <Unicode>handen gebracht</Unicode>
                </TextEquiv>
            </TextLine>
            <TextLine id="r2l25" custom="readingOrder {index:24;}">
                <Coords points="2164,2017 2519,2060 2544,2038 2576,2060 2802,2053 2865,2096 2974,2077 2977,2020 2944,2033 2842,1980 2729,2010 2511,1996 2457,2021 2403,1986 2275,1996 2219,1960 2166,1979"/>
                <Baseline points="2169,2019 2209,2022 2249,2024 2289,2027 2329,2030 2369,2031 2409,2034 2449,2037 2489,2039 2529,2042 2569,2043 2609,2045 2649,2049 2689,2050 2729,2053 2769,2055 2809,2057 2849,2060 2889,2062 2929,2065 2969,2067"/>
                <TextEquiv>
                    <Unicode>Item alsoncl hieuor, ein frönb</Unicode>
                </TextEquiv>
            </TextLine>
            <TextLine id="r2l26" custom="readingOrder {index:25;} place {offset:14; length:10;}">
                <Coords points="2162,2115 2236,2088 2288,2128 2357,2101 2421,2135 2487,2140 2525,2112 2634,2143 2694,2124 2780,2160 2856,2124 2966,2137 2964,2073 2865,2096 2795,2061 2739,2083 2681,2060 2557,2087 2460,2036 2404,2078 2229,2056 2167,2020"/>
                <Baseline points="2169,2082 2208,2086 2248,2088 2287,2091 2327,2095 2367,2098 2406,2100 2446,2103 2485,2105 2525,2109 2565,2111 2604,2113 2644,2114 2683,2117 2723,2118 2763,2120 2802,2121 2842,2123 2881,2123 2921,2123 2961,2123"/>
                <TextEquiv>
                    <Unicode>Metper, so zu Registorff unnd</Unicode>
                </TextEquiv>
            </TextLine>
            <TextLine id="r2l27" custom="readingOrder {index:26;}">
                <Coords points="2184,2151 2536,2166 2566,2194 2867,2192 2972,2234 2978,2150 2856,2130 2786,2166 2676,2125 2597,2149 2537,2117 2483,2140 2187,2110"/>
                <Baseline points="2190,2144 2231,2146 2272,2149 2313,2151 2354,2155 2395,2158 2436,2161 2477,2164 2518,2168 2559,2171 2600,2174 2641,2177 2682,2181 2723,2184 2764,2186 2805,2189 2846,2191 2887,2193 2928,2196 2969,2198"/>
                <TextEquiv>
                    <Unicode>anderen ortten hin vnnd wider ve</Unicode>
                </TextEquiv>
            </TextLine>
            <TextLine id="r2l28" custom="readingOrder {index:27;}">
                <Coords points="2186,2241 2324,2266 2365,2235 2435,2274 2508,2221 2567,2251 2689,2233 2727,2262 2798,2243 2843,2273 2896,2253 2974,2277 2977,2234 2638,2219 2533,2165 2356,2178 2310,2156 2257,2179 2190,2156"/>
                <Baseline points="2193,2210 2231,2214 2270,2216 2309,2220 2348,2222 2387,2225 2426,2228 2464,2229 2503,2232 2542,2234 2581,2235 2620,2238 2659,2240 2698,2241 2736,2243 2775,2245 2814,2247 2853,2249 2892,2250 2931,2251 2970,2253"/>
                <TextEquiv>
                    <Unicode>ufgekhoufft inne vermögen</Unicode>
                </TextEquiv>
            </TextLine>
            <TextLine id="r2l29" custom="readingOrder {index:28;}">
                <Coords points="2206,2331 2302,2295 2547,2297 2601,2341 2639,2310 2699,2307 2818,2318 2863,2355 2932,2345 2935,2294 2754,2263 2692,2279 2617,2250 2533,2275 2480,2254 2435,2274 2210,2255"/>
                <Baseline points="2214,2282 2249,2283 2285,2285 2321,2286 2356,2288 2392,2290 2428,2292 2463,2294 2499,2296 2535,2298 2571,2300 2606,2302 2642,2305 2678,2307 2713,2309 2749,2311 2785,2315 2820,2316 2856,2319 2892,2322 2928,2324"/>
                <TextEquiv>
                    <Unicode>han, das er demselben metzien</Unicode>
                </TextEquiv>
            </TextLine>
            <TextLine id="r2l30" custom="readingOrder {index:29;}">
                <Coords points="2205,2355 2281,2353 2343,2404 2527,2369 2788,2407 2848,2392 2909,2439 2974,2419 2978,2351 2944,2342 2844,2362 2746,2332 2640,2355 2566,2318 2461,2340 2353,2297 2207,2325"/>
                <Baseline points="2210,2348 2248,2352 2286,2353 2324,2357 2362,2358 2400,2361 2438,2363 2476,2365 2514,2367 2552,2370 2590,2372 2628,2374 2666,2376 2704,2378 2742,2381 2780,2384 2818,2387 2856,2390 2894,2394 2932,2397 2970,2402"/>
                <TextEquiv>
                    <Unicode>i vech hinab inns argon zu</Unicode>
                </TextEquiv>
            </TextLine>
            <TextLine id="r2l31" custom="readingOrder {index:30;}">
                <Coords points="2199,2420 2326,2425 2514,2491 2560,2465 2700,2463 2791,2517 2958,2491 2961,2441 2873,2408 2747,2427 2665,2402 2623,2422 2526,2369 2400,2403 2201,2389"/>
                <Baseline points="2204,2421 2241,2421 2279,2423 2316,2424 2354,2426 2391,2427 2429,2430 2466,2433 2504,2435 2541,2438 2579,2442 2616,2445 2654,2448 2691,2451 2729,2455 2766,2457 2804,2461 2841,2463 2879,2466 2916,2469 2954,2471"/>
                <TextEquiv>
                    <Unicode>reben geholffen, hab sich zu</Unicode>
                </TextEquiv>
            </TextLine>
            <TextLine id="r2l32" custom="readingOrder {index:31;}">
                <Coords points="2184,2487 2249,2516 2292,2493 2400,2525 2651,2525 2673,2546 2711,2520 2809,2564 2951,2553 2956,2507 2869,2493 2785,2518 2706,2483 2515,2492 2397,2448 2325,2466 2188,2443"/>
                <Baseline points="2190,2480 2227,2484 2265,2487 2303,2491 2341,2496 2379,2499 2416,2502 2454,2506 2492,2510 2530,2514 2568,2518 2605,2520 2643,2524 2681,2528 2719,2531 2757,2534 2794,2537 2832,2540 2870,2544 2908,2546 2946,2549"/>
                <TextEquiv>
                    <Unicode>tragen, das under war zu ken</Unicode>
                </TextEquiv>
            </TextLine>
            <TextLine id="r2l33" custom="readingOrder {index:32;}">
                <Coords points="2178,2564 2238,2557 2319,2592 2385,2568 2573,2626 2639,2591 2870,2630 2895,2625 2900,2569 2779,2583 2718,2545 2648,2572 2563,2528 2479,2550 2419,2519 2341,2543 2304,2499 2226,2529 2182,2519"/>
                <Baseline points="2184,2549 2219,2553 2254,2558 2290,2562 2325,2566 2360,2569 2396,2572 2431,2576 2466,2579 2502,2582 2537,2583 2572,2587 2608,2589 2643,2592 2678,2595 2714,2597 2749,2600 2784,2603 2820,2607 2855,2612 2891,2615"/>
                <TextEquiv>
                    <Unicode>ein behn dermassen erdnndert</Unicode>
                </TextEquiv>
            </TextLine>
            <TextLine id="r2l34" custom="readingOrder {index:33;}">
                <Coords points="2163,2630 2225,2669 2296,2666 2329,2688 2487,2648 2574,2703 2608,2682 2670,2703 2770,2661 2837,2681 2840,2639 2757,2643 2669,2601 2542,2629 2445,2591 2347,2604 2272,2570 2166,2589"/>
                <Baseline points="2169,2618 2202,2623 2235,2627 2268,2630 2301,2633 2334,2637 2367,2639 2401,2642 2434,2645 2467,2647 2500,2649 2533,2651 2566,2653 2599,2655 2633,2657 2666,2659 2699,2661 2732,2663 2765,2665 2798,2667 2832,2670"/>
                <TextEquiv>
                    <Unicode>also das sy die daselbst inn</Unicode>
                </TextEquiv>
            </TextLine>
            <TextEquiv>
                <Unicode>inn einem tropplägen, ent
trombdett, die rock zu Burff
dorff umb vier pfindt gallts
ettlichen buret weberen ver
e
thonft, das verkhanfft, vnd den
Eschopen er Ottinger behallten
tragen unnd an seinem lyb ze
brochen. 
Denne aber vor zwöyen Jaren, habe
er für sich allein zu yffeyl
inn wp ysthers huss ✳ uss dem
näbend faden ein enspruchmen
sthogen unnd zwoy manen herrbe
veruntruwett, das selbig an
mein löb gerag und verbrucht
Imie onguarlich vor einem Jar
habe er zu dietterswyl ein vsine
bett funden, die erpenen, und
zu Hindellwanck ein umb e
Batzen versetzn, welche aber der
deß sy gerwäsen, erfragt, geloß
unnd also widerumb zu stiden
handen gebracht
Item alsoncl hieuor, ein frönb
Metper, so zu Registorff unnd
anderen ortten hin vnnd wider ve
ufgekhoufft inne vermögen
han, das er demselben metzien
i vech hinab inns argon zu
reben geholffen, hab sich zu
tragen, das under war zu ken
ein behn dermassen erdnndert
also das sy die daselbst inn</Unicode>
            </TextEquiv>
        </TextRegion>
    </Page>
</PcGts>
