4160 3120
1170 161 1875 292 Denne des predianrten knächt
1106 233 1899 351 zu Höchstetten ein heylshin wei¬
1129 309 1869 419 ell, dem wurtt zu Toffen
1107 365 1875 465 duch ein tramstell des weires
1110 417 1851 552 nacht zu diesebach ein schwory
1095 494 1846 612 inn tainstell. zu von
1089 568 1874 657 inn solothurn piett ein zinnine
1086 607 1908 744 kannten zu Joris huß Bilgen
1102 694 1869 811 Kilperen ein goott Wüllin hemnd
1100 770 1866 870 zu Gesingen, des wuits bracht
1114 836 1838 956 ein wyß zuchnechin welben
1110 907 1855 1018 sembd, zu Schlieren uss jeg
1113 982 1864 1094 Schwach huss ✳ min schwartze husz
1116 1048 1843 1155 tuchee hockettn Batt pernng
1219 1130 1896 1223 frauwe horkerten zu kisen
1221 1184 1863 1290 selchnen Schopen dem
1200 1253 1857 1368 ianten zu Balm Hinsen
1131 1320 1841 1416 Schreyer ine oberied. Ollin
1110 1388 1842 1499 Bugpispig uffem Leugenberg
1134 1464 1880 1568 zu Bätterkhine obenhalb dem würs
1134 1533 1880 1641 gnss zu Elmeipen ob münsting
1125 1605 1904 1726 in Eichinx ob worb stuckin anct
1156 1675 1868 1764 er Nuwenbruge, dem Predicann
1110 1741 1808 1828 zu Merkilchen, dem predicant
1133 1809 1891 1919 zu wyl unnd Pertker Buppispes
1116 1874 1859 1987 zu Balm, gett wäderum einachs
1116 1949 1865 2057 ussem hußgang, zu Obermuleren
1123 2012 1853 2130 ein knächt ein fläischen hutt
1103 2093 1834 2201 zu Bupgisten dem mürtt ein par
1107 2148 1862 2269 Huspfuchin hosen. Deß predicanen
1139 2235 1828 2341 Berzenste knache, ouch vn
1107 2295 1809 2400 wyß par Hußtuchin hoßen. Der
1090 2362 1836 2458 wunein zum adler alhie, als sy noch
1108 2426 1791 2526 im schüizn husfrouw eisen
1108 2486 1853 2589 Vetter Hännsteller dem Shumacher
1115 2569 1802 2671 aulin Stachell dem Sattler
1109 2634 1841 2721 settwäderum ein zembdt.
1995 164 2797 322 zu Frienispen einem knacht ein
2009 240 2787 369 par tchu. Dem alman zu Worb
1994 300 2780 458 uss der stuben ab dem buffett
2006 381 2832 512 hwen diekpfenngn, zu byonnen
1972 435 2828 580 Erlenbach, uß einer näbend stuben
1987 522 2762 652 ein koss, unnd dem Bendicht
1984 582 2826 725 Luntzin zu Rentingen ein nach¬
1995 658 2807 799 scheyden, Vnnde ettlichen male
1995 720 2816 866 vestolen, das alles aber Imme wider
1991 820 2825 913 mab abgezagt, unnd dern es psu
1992 900 2599 1012 widerumb hin worden sye.
1992 1015 2777 1155 Denne wyther dem schlyffer zu
1983 1106 2801 1226 Marckzili ab dem sin ein Hembdli
2000 1172 2777 1283 entfrömbden, vnnd einem zieglen
1984 1261 2779 1385 knacht umb ii batz verkhoufft
1966 1373 2762 1503 Denne zu Nider Mettleren
1995 1476 2744 1575 habe er von der Guttschina, vier
1979 1538 2751 1650 kronen entlent, deßs eesumens
1990 1608 2779 1700 das er Ira die nitt widerumb erlegt
1991 1688 2766 1780 wollte, wie aber dieselb, glych von
2001 1747 2733 1853 einem vatter, söllches ußlychens
1991 1808 2750 1914 halb, gegen imme übell verfröst
1994 1881 2747 1977 hab man im nachpeyllen unnd er
1985 1947 2645 2031 langett das er die viereronen
1983 2014 2645 2130 widerumb erlepgen müssen.
1972 2115 2790 2242 Denne tnvon Hugin zuͦ Mittlen
1981 2211 2731 2318 guseen inn sine hinderen stub
1993 2261 2776 2381 uß einem Trogli, aber ein hembd
1976 2346 2713 2430 vernntruaren, vnnd einem
1982 2402 2683 2522 wäber knächt umb 1 bath
1980 2466 2465 2580 gekhauffen gäben.
1963 2572 2693 2687 denne plycher gstallt Hanns
1968 2615 2759 2742 Nöttingern auch ein bembdli unnd
1975 2699 2612 2809 umb 1 batzen verkhaufft
2839 974 2882 1038 4
