4160 3120
1297 279 2053 374 söllichem oder anndern deplych
1292 341 1998 443 maldfirischen übellhäupen sachen
1286 398 2042 512 mishutten wurde, Man alsdann
1285 467 2062 584 angende an alles uerhyl sprëchen
1286 534 2018 646 ab sinem yb unnd haben er
1330 597 1958 688 nin vornewurckten mac
1378 666 2032 778 seim solle und pex imme ein
1309 737 2063 850 hatten, wie sich gepurten wurde
1304 811 1989 920 hirüber er nun leyden ettliche
1334 877 1796 1011 stalle mißhandlen
1631 1030 2025 1140 den thein vor
1311 1034 1632 1165 Als erstlichen
1361 1112 2052 1204 ben Ieren Inn der Ernd, dem
1321 1170 2042 1289 Heirichen im veld, meiper zu
1314 1245 2025 1349 arouw sinem pfatteren, inn
1867 1301 1972 1344 taber
1328 1316 2008 1423 der suben ab den Tisch, inn
1328 1384 2035 1488 bemellis sus gfattenn gägen¬
1329 1453 2061 1562 württigkhiett, ein haler heimlich
1340 1527 2075 1619 erwentsch, vnnd darmr danuon
1526 1585 2070 1689 wie able deselb imme nach¬
1352 1586 1519 1694 zey.
1877 1649 1996 1704 nund
1348 1661 2066 1766 geyllih vnnd antroffen, habeer Ime
1571 1722 1654 1785 haben
1350 1733 2040 1847 gschlagen, wd er imme den selbig
1335 1812 2037 1922 Fale umbhin gäben müssen
1321 1959 2050 2078 Denne als er uff ein zytt mitt
1367 2036 2026 2142 sinem stieffsten ✳ hinab gan
1357 2104 2055 2211 sollten gressett, habe er under¬
1360 2171 2050 2276 wäsen an der straass dey pächen
1360 2230 2092 2341 an einem zun funden sten, niemands
1362 2299 2037 2407 darby gsachen, deßhalb gemeint
1348 2372 2076 2479 Es hätte ettwar dieselben Rach
1353 2440 2056 2541 alda veloern, darumb die Rachen
1377 2504 1987 2610 ff sich guon, da sigs bald
1362 2562 2061 2684 ein kab nacher shon louffen
1359 2651 2015 2752 unnd sy umb die rächen anze
1847 2733 1972 2798 mitt
2203 290 2979 406 mitt anziee, das er vier rach
2212 358 2940 455 verloren unnd mit allem dey, da
2296 426 2972 510 dem knaben geanttwurtten
2239 478 2979 578 wurdenn die dey nitt sinbskih
2795 540 2918 593 lgets
2214 552 2985 674 sin unnd also abschädigen und sölche
2180 620 3018 741 Rechen underhalb ien einem doff
2207 685 2916 825 umb dry dorler verkhaufft.
2163 838 2950 997 Denne auguarlich ver Zwölff
2205 944 2949 1048 Jaren dem gorus Welin zu
2192 1010 3002 1113 Bintingen, als derselb noch niemands
2210 1066 2971 1173 anndes by iuss gsin ✳ die husz
2221 1132 2916 1252 thür ufglüpfft Annia gaub
2216 1209 2974 1320 unnd alda uss einem trag, so nitt
2220 1288 2997 1401 bschlossen gsin, funff diekeg per
2238 1390 2340 1441 olen
2198 1489 2927 1595 Item aber zu Kttingen dem
2205 1561 2991 1677 kircher inn siner stuben uss einen
2224 1629 3015 1751 Eschoppen ein Faler verntrüwer
2197 1831 2978 1973 Denne umb das man imme fürge¬
2230 1935 2937 2027 halltten, vnnd ir söllichs hieuor
2229 1998 2954 2101 Daniden zu Giberstein selbs be
2226 2070 3016 2152 kenn hatt, das er inn sinder
2241 2127 3030 2241 stiechens wes mitt einer klaffellen
2232 2200 3042 2316 m Bnelibuch umbher zogen, darin
2225 2267 3021 2385 vil kästen unnd ancken erbatten.
2228 2349 2949 2464 hatt er vff seinliche denselbigen
2234 2421 3026 2535 arrickell widerifft, mitt anzyg
2222 2503 3052 2608 das er den vßs nott der grossen martter
2235 2569 3013 2682 also bekhenn he. Er aber habe
2235 2646 2926 2746 steinliche nitt gebrucht, allen
