4160 3120
1107 153 1931 300 Denne habe er dem brentz kuchen
1136 244 1869 346 ab sinem tragen, so alhie an der
1130 311 1934 423 Nuwen gassen gstanden, ein ysine
1134 364 1890 477 Holzkett entrag, die abe pe¬
1128 422 1810 544 dachtem küchen widerumbhi
1235 500 1426 598 den sye.
1140 625 1918 743 Denne Hanns Heinin dem Metzger
1150 713 1871 821 säligen zwoy fäl. bendich
1152 776 1902 890 Torman eins Heinrich Gegern
1138 848 1917 969 zwöy unnd Heinrich Herportt
1143 912 1905 1036 drü fäl unnder zwuren, alles
1148 995 1920 1102 vor zworen jaren, alhie inn
1137 1060 1905 1178 der Fleystl schaal, vnder ettlich
1140 1147 1863 1243 malen gestolen, dern er ein
1151 1211 1939 1315 yedes umb in batzen verkhonfft habe
1149 1377 1923 1501 Aber vor zwöyen Jaren, habee
1164 1458 1895 1559 dem Hanns Heininsaligen ein
1167 1520 1878 1627 tchaaff, so alhie Inn der Metzg
1149 1579 1848 1698 am lanck gebunden pstand
1157 1649 1908 1749 vf lösen namen vnnd metzge
1143 1706 1886 1818 wöllen, darob sice er von pen
1132 1779 1890 1885 dachtem Hanns Heinin sälix
1146 1838 1919 1963 ezopen unnd ergriffen, ye das
1136 1904 1913 2027 er angeschafft siceh fürnamens
1129 1971 1486 2085 absten müssen.
1101 2086 1921 2214 Denne aber vor zwopen dari
1145 2187 1920 2273 alhie Inn der Metzg sinem Vatter
1137 2238 1884 2356 essen schafft ein Houwmässer
1143 2318 1917 2420 genomen, dasselbig einem umb
1122 2387 1605 2499 2i ß versetzt.
1091 2479 1875 2598 Denne auch als er vor zwöyen
1121 2551 1883 2664 Jaren von Wilhelm Börklin
1708 2634 1815 2696 ei
2073 198 2889 311 Ein Houwmässer einlenett, habe
2088 264 2904 383 er dasselbig umb ui barzen verseyzt
2051 378 2892 511 Item als er auch vor zwöyen zme
2069 479 2887 595 dem Caspar Göttunger zu Forst
2089 546 2873 655 gfaren, vnnd derselb nitt fürderlich
2063 602 2890 725 inne umb sin verdienten Lidloon
2066 691 2837 791 bezalltn, habe er vsbemelltts
2048 756 2864 841 göttinges obern kameren, zwen
2064 828 2891 931 Harnasch Tendisch, genomen, die¬
2053 892 2899 1010 selben Hagi dem wintt zu Belß
2072 970 2884 1107 umb i diekpf verkhonfft.
2027 1134 2825 1270 Denne voranderhalbem jar zu
2073 1222 2860 1342 bischen von einem paren zwöy
2053 1281 2839 1406 Pelber uff Borgkhoufft, deren er
2068 1372 2834 1461 eins unbezalle gan tum trib.
2069 1408 2803 1523 daselbst einem wirtt umb ein
2060 1497 2857 1597 eronen gaben, wölches aber achte
2059 1556 2883 1686 er durch sinen vatter bezallt sein
2046 1676 2868 1798 wytgers daselbst zu ubischen onn
2049 1746 2879 1850 guärlich vor einen dar von einem
2057 1795 2843 1929 andern landtman, aber ein kalb
2048 1860 2867 1999 khoufft, das auch vnbezallt Ein
2050 1948 2872 2065 wäß gan then gfurtt unnd dem
2052 2007 2871 2137 mürtt im fryen hoff umb ein
2056 2081 2599 2208 guldi bekhauffen gab.
2021 2163 2816 2309 enne lychen vor einem jar
2058 2266 2869 2385 dem Heimich Heportten jnnder
2049 2336 2881 2455 Metzg alhie, ein dachslen, ab dem
2022 2404 2859 2509 Bannek entfrömbden unnd Hanns
2050 2465 2852 2605 Bulin dem ziumerman umb 8 s
2024 2548 2453 2661 verklhoufft
