4160 3120
1325 118 2048 282 nal gestelltt. Da dann deselbe
1253 179 2025 340 Meyger ime Uttunger im benolch
1255 259 2021 396 gaben solliche ehn im widerken
1256 326 1978 457 widerumb mitt im zerryben
1253 392 2049 545 und dem thempi von dem ersygen
1252 461 2047 620 konfft wider Zeuberantwurt
1266 565 2035 681 wolches er auch also zechund under¬
1252 638 2038 758 nomen., Alls aber er die thu dem¬
1284 707 2020 838 selbigen zubracht, hab derselb die
1258 790 1992 890 nitt gern widerumbhin namenn
1272 845 2012 970 wöllen. Desshalb glych von solliche
1277 940 1967 1042 mein anpietten abglassen, Die
1271 989 2022 1109 dermellte Ehn alher Jundstert
1268 1071 2012 1173 geriben, vnnd einem alhie vmb
1271 1141 1978 1257 dry eronen verkhoufft, das er
1271 1209 1982 1321 ose galltt, besecklett, und zu
1288 1284 2005 1398 mein mun verbruchn, doch ergen
1275 1348 2008 1469 inett gwäsen, dasselbig vorgen
1272 1425 1995 1541 dachtem Meyper, so der wider¬
1260 1510 1946 1606 umb anhemeft warde alhas
1255 1538 1981 1672 khanen, zelefferen vnnd ze¬
1267 1613 1536 1703 bezalen.
1248 1670 1994 1837 denne vren zu Uttendorff als
1260 1780 1951 1877 er alda husshäblich gewonett
1260 1849 2005 1961 unnd dem Kieli Gürli Benoschen
1250 1915 1966 2018 habe er dem, nach dem nachtmal
1259 1981 1971 2088 Fenn, drie mäß bhorner
1239 2052 1945 2167 nonmen zu Mülli gechan unnd
1246 2119 1507 2191 verbrucht
1196 2200 1988 2323 Ettem aber zu Urtendorff mitt
1251 2287 1970 2387 ampt einem sinem erpattnen
1225 2360 1949 2477 gsellen, dem Hans Pfister ein
1248 2444 1955 2543 mb, mitt waaben, unnd dem
1225 2518 1956 2609 korb entragen unnd dnn be¬
1778 2608 1922 2685 melles
2177 158 3012 288 mellots seis gsellen guss ufhan
2165 255 2506 362 unnd pfisser
2179 381 3029 513 Wyrther zu Vttendorff, von dem
2207 470 3000 594 Ulli Bisling ein achs einlener
2191 536 3044 651 dieselb zu tnn einem landt¬
2189 589 2993 712 man umb vier batzen verkhanfft
2150 747 2972 870 Item heür vor dem Hompett
2164 802 3028 927 zu Münchringen dem veterschmid
2166 889 2915 995 hinderstmm hus ein tägäs
2185 910 3007 1076 s alda gehangett, eifrömbden
2148 1091 2993 1219 Denne als er hievor zu füwen
2191 1177 2997 1291 thaal inn der kilchöri Wanpi mit
2184 1257 2994 1360 einem gutten gsellen gechapwane
2172 1329 2951 1404 alda under anderem inn einer
2157 1405 3003 1505 schuwen uffem houw vbernache
2175 1450 2910 1585 glägen, unnd derselb sin gspan
2187 1535 2994 1650 zwen diebefi inn einem uuwen
2176 1596 2992 1723 verknupfft anns hauw vestossen
2177 1677 2878 1783 habe er trorndes, vff desselbe
2168 1740 2995 1837 stns gsellen begar die verlornen
2165 1802 2962 1921 zwen dickpf. im höuw pei
2170 1866 2964 1977 holffen stachen, als sy aber die
2154 1932 2972 2059 einlich nitt finden khönnen und
2166 1991 2917 2130 vom stuchen abglassen, habe e
2166 2062 2994 2202 Vttniper sich nachwerts widerumb
2169 2141 2944 2300 uff das gouw germacht, die 1
2157 2204 2968 2364 dickpf gefunden, behalltten
2148 2287 2973 2424 verhan und sinem psellen darn
2150 2365 2770 2499 von mühit anzeget
2104 2475 2962 2632 Item dauiden zu Klarouw in
2127 2568 2832 2711 einem huss des meyster e
