4160 3120
1406 301 2174 474 das pelles aberzi s in verlorenn
1448 372 2093 510 syn by iin guldinen yse
1412 421 2122 573 vnnder anderem, warenb er
1433 488 2109 627 alhie dienne anzeipt, das er
1416 533 2107 690 umb ettwas wortten wllenn
1419 597 2112 761 so er dem schultteys vonn
1432 660 2120 813 ergenen zugreden leysten
1425 711 2136 887 tmüssen soll sampt de
1412 781 2128 926 schlatter ouch In genenckhnne
1441 842 2146 974 gelegt werden untz gsach veren
1402 889 2105 1027 Hieruber mergemelt hams
1423 955 2089 1089 meiter der metzger, sich mit
1408 1003 2087 1133 dyssnn wortt₎n versprochen ✳
1402 1063 2123 1192 wie das ersich begab das er
1408 1123 2045 1245 zu Fryburg zun weber
1401 1171 2080 1318 zu dem sanh jung so gäll
1405 1256 2077 1397 Euch fert Sheps Eholued
1377 1315 2046 1450 der Im daßelbig zu thonscn
1399 1388 2056 1505 angotten vnnd alls sy mit
1393 1432 2076 1566 einannderen trunk hab
1370 1505 2117 1633 im genempter junge angmutte
1381 1559 2028 1667 er sollte mit im vber dis
1375 1622 2082 1727 truffe inn daselbig württs¬
1401 1683 2067 1790 auss gann, da wöllt ir inn
1395 1732 2069 1867 zurgass sollt deß hab in im
1365 1805 2045 1925 nwvilfaret mmn im gangn
1367 1873 2054 1992 unnd im selbenn württs hus
1346 1944 1995 2042 uber nachte glege am morgn
1350 2001 2074 2099 als sy uf gstand habe denselb
1327 2056 1993 2162 funpe ✳ sin nasenlumben
1335 2135 1988 2230 clagt, den er im jannx
1349 2191 2026 2298 uch₎ helff unnd alls sy de
1319 2253 2037 2351 mi funch könnt sige der
1324 2308 1980 2417 selb zu hin meister gluffe
1310 2374 2022 2481 unnd unnderstannch ein gschwy
1339 2440 1997 2516 mnach doch ime hinder¬
1310 2499 1958 2596 muts unnd unwüßennd
1299 2571 1950 2662 ob ir aber hernach denselb
1304 2608 2012 2725 nasseelungen wider pfh
1292 2692 1999 2787 mop er ni wüßenn, das er
1274 2744 2004 2857 im aber sin seffel gnomen
2918 326 3012 392 123
2237 383 3017 504 unnd obpsthüiten wie en für¬
2240 444 3019 572 gebenn, wer sich mit deier
2261 503 3020 617 waar Feissfich unnd hirnin
2261 558 3008 675 sine abschend brieff die vor und
2256 621 3028 725 bernach von einem zu werlin
2253 679 2912 795 sins diennes und zalltenns
2241 741 3013 858 salb usbrachft er fùrgleg
2246 801 3017 901 unnd jnnntz trinpenlich prne
2257 855 2942 955 man welle die verhörten so
2251 923 2967 1027 werde man ploublich verstann
2252 975 3002 1100 ob sie zmi mit im zfyyden
2254 1058 2936 1163 gwesenn dann so er seinlichs
2259 1114 2962 1216 söllte pfanndlet habe wurde
2256 1173 2976 1274 er inn nit wisher gedulden
2244 1234 2943 1333 noch für ein dienner ange
2249 1301 2989 1401 nomen hab Es habe aber
2237 1341 2954 1454 den merprnane Jann iimpp
2227 1413 2948 1516 imme sin schwerden gnommen und
2229 1488 2975 1592 hinweg trag welch er ouc
2251 1532 2977 1643 syder han nie nher, dann ein¬
2231 1592 2961 1719 mal zu lütting unnd disst
2201 1664 2911 1781 verpangner tag alhie im
2222 1716 2594 1842 hattgus gesich
2157 1907 2900 2032 Diser Henntz Junse
2216 1982 2978 2099 Ist mit dem eyd vß miner
2233 2049 2932 2160 g₎ hn statt unnd land
2248 2133 2886 2259 verwisen worden d
2240 2199 2880 2317 22 ougsto 1572 de
2207 2245 2956 2405 by in Batt berichtolds des
2223 2331 2506 2428 weg belt
