4160 3120
1316 278 2083 406 dis er sach der wurt bhußen geben
1333 353 2062 454 muusse, das Ime auch Inn v¬
1347 416 1951 531 hanndlung sir geschifft
1387 485 2060 598 Zimb theit gegebrech de
1346 568 2105 678 andmmas von Frachsell
1349 627 2072 756 reld elaen vnd zuglassn
1346 686 2060 818 habe. Vnd siche also ertliche
1348 767 1983 867 maln wenn er anderst m
1334 836 2048 944 für de sach vnd den zuger i
1331 903 2070 1032 fürrkhonnen thänden, Inn die würrs
1340 993 2058 1100 hunser grgen vnnd gezenn, aber
1339 1058 2050 1173 mitt niemandts dhen vnfur¬
1332 1125 2039 1232 dessen er aber nächte belagn
1384 1190 2073 1300 ) angesetten, noch nonad
1397 1281 1646 1366 eleydigen
1342 1374 2067 1505 So habe ir sich ouch Inn dhuen
1360 1448 2056 1572 wacg sier eignen schand, das
1358 1536 2098 1642 er vile streck stein müssen vfziehen
1360 1607 2068 1711 selbs unnd unanzopt berunbe
1346 1666 2012 1785 allein wie, ettwan den siner
1333 1734 2046 1861 blödigkhytt von nechpurn bei
1341 1818 2015 1935 frapn worde, Man heits Ime
1350 1905 2017 2012 villicht zu Gen strck
1352 1966 2053 2084 übell gehandlen, das ie also mi
1334 2039 2053 2152 lauee war. hette ir geent
1323 2122 2032 2228 wuettet, Es wir ine seer
1328 2172 2051 2289 vbell gan, vnd ettwar eine
1339 2248 2056 2391 oder zwen Groß stein an füssen
1548 2350 1595 2384 w
1348 2340 2042 2459 uffziesen und solliche alle
1336 2408 2058 2520 dien zu siee erbeurd, vnd i
1334 2481 2049 2595 fure einem dun anzue
1328 2620 2050 2736 Dente als man imme fürgehalten
1317 2705 2043 2810 das sin vatter salig inn sie
1331 2766 2043 2887 vbech und uff ein tastmen
1918 2824 1968 2915 ho
2277 349 3017 446 hin grid Es hatts si g
2280 402 2946 523 Christen Schwertzentuber, de
2280 474 3060 600 Hanns Würrichen ein zytt pfrärr
2273 538 3011 653 gestolen, darub söllte man den
2299 615 3011 729 selben wuttrichen uß gemeine
2279 687 2967 786 erben put xv wie en
2278 760 2491 873 lege
2493 756 2992 862 söllte er nun darb us
2282 826 2975 943 seinem unnd auch dis weephyt
2261 885 2855 1003 anzüigen unnd bekhemmen.
2216 984 3008 1146 Vff seinlichs er diser sach gezu¬
2247 1086 2971 1184 lich aberd gsen, vnnd gar nitt
2247 1136 2989 1272 beständig, das er söllichs gechr
2243 1233 2978 1340 Er aber nachte einen vatter selixn
2258 1283 2928 1408 sölliches zu sien gelupff ge¬
2261 1371 2962 1480 redt habe, darit vnd er Ime
2247 1417 2673 1555 enterben nhr.
2221 1607 2917 1771 Zum lersten, Ist Ime auch
2218 1721 2917 1829 fürgerrorffen, das ei su
2248 1783 2927 1887 Herrn heytter bericht das
2243 1850 2965 1969 ir disen lybern eeliche zu
2233 1903 2978 2035 sotb guhen, von vnd eb ech ie
2237 1998 2932 2131 vom yr einer pfehrlich geschuß
2231 2058 2845 2172 vnd sich reyther zuwerliche
2211 2112 2960 2238 schend auffn alhie zu Gern vor
2228 2200 2987 2320 ien Erwurde Fhendriche
2219 2259 2981 2400 elangen habe. Soll deßhalb
2242 2326 2879 2463 hierub auch die waarhiy
2287 2407 2520 2521 zyg
2207 2499 2910 2658 hhieruuff ir gertmurtter
2256 2621 2998 2779 each ir onguerlich vor zäch
2183 2687 2964 2829 Jaruu von suee eiste Freuen
2196 2769 2944 2944 vom seines fülers wänn geschey
