3024 4032
243 415 274 504 6
525 469 1468 638 thenes schryben wegen eines pferdts so er
529 557 1460 687 einem geweßen glauser von Gemligen
522 622 1509 787 umb 25 sb abgehandlet undt versprochen selbige
537 691 1480 838 noch deß tags zum wyßen lrutz alhiey heben
526 771 1509 917 zahlen, sich aber drüberhin mit dem pferdt hin
520 831 1508 980 meg gemacht mmt solches underschidenuchenaner
530 899 1518 1040 potten, diß ers endtlich dem fren meibel Niclen
547 975 1489 1103 von Zanggenwiedt zmb 8 vardencken können.
522 1054 1480 1198 gesenklich aller geführt und hernach ust befelch
533 1127 1466 1273 masl durch mherren exammnptores schmaltz
515 1205 1498 1324 Den 14. diß so wohl disers früscf begangnen alß
544 1278 1484 1402 anderen verdächtigen diebstählen unndt mißen
541 1343 1472 1460 thaten ernstlich befragt worden, Darüber er
533 1418 1453 1543 war deß letst begangnen bebenstucklis mit
524 1478 1500 1630 dem erkaufften aber nit bezahlten pfardt Item
522 1550 1501 1681 deß von jr hauptmanvon Meralts haußknecht
538 1627 1450 1755 zu lopsigen aberkehnten sontag kleidts une
538 1712 1505 1821 zu glych der zu laupen bekanten und darüber
547 1778 1462 1896 abgestrafften diebstahlen nochmahlen bekant
548 1857 1498 1977 worden, Hat aber die janigen puneten deren er
526 1926 1455 2046 damahlen widerumb zuruck gangen, alß die
538 1993 1492 2093 bestialitet und betreüwung deß hauß anstehen
532 2072 1505 2204 Wie zuglych die a vermutete blidtschandt mit
555 2151 1455 2277 seiner eignen muter nochmahlen vestencklich
551 2214 782 2308 vernemet.
490 2283 1447 2444 Den 28ten decembris 1675. ist er abermahlen
532 2372 1477 2502 uff empfangnen befelchn durch wahlermelten
532 2447 1499 2586 mhrlen bath herrn schmalz  großweibel Mille
501 2520 1461 2649 ding diser hiesor verneinten prnsten halber
533 2584 1500 2740 Ingegenwart j RRud von erlachs herren gleits
529 2655 1428 2818 Hrr steiger zu andres Honstetten s arol
526 2729 1466 2867 Wurstemferners und jr geat Jacob Steigers
541 2785 1466 2943 uff ein früschers im Strechi ihurn examin
545 2873 1448 3026 ert worden, da er zu anfang nochmahlen by
541 2939 1438 3100 seinen hervor bekanten gar geringen fahleren
553 3013 1435 3155 verhanren wohlen, alß er aber an die marter
536 3084 1433 3247 zeschlagen befohlen worden, hat er instendig
543 3151 1454 3320 angehalten, daß man ihme darmit verschonen
538 3236 1422 3391 welle, er piete sich an jebekennen alleß was
1354 3366 1475 3451 man
2844 358 2935 446 17.
1855 467 2871 589 man ihmme anmusten werde, Darüber er
1853 550 2895 657 auch die bestialitet mit einem schaaff (wie er
1835 605 2852 737 deßen schon zu laupendenzig gehalten worden.
1864 684 2838 807 bekent und gesagt, daß er solches in rytzens
2375 750 2877 868 undt habe herrn ein
1868 772 2253 875 natten begangen.
1854 815 2904 934 glyches gethan ehe unnd zuvor es ihmme meyer
1842 905 2325 1022 In sinen kommen seye.
1856 968 2904 1103 befragt, ob er sich mit so greüwlicher that nit mit
1852 1046 2907 1141 anderem urch auch vergeßen hat er bekent, daß
1858 1116 2861 1237 er ein glyches etwas syths zuvor mit rytzens
1851 1187 2883 1313 Kalbli vor ghryferd 2 jahren uffem abendt
1838 1255 2925 1379 In sein rützens matten verrichtet undt seye das
1860 1319 2918 1460 Talbli hernach alhar uffen mahrit undt endtlich
1861 1396 2865 1538 gegen Hussi zu nist eigentlich weßend in
1860 1484 2577 1612 Melches dorff geführt worden.
1815 1564 2912 1707 Befragt ob ihmme niemahl nichts, wan er enntzig
1858 1648 2914 1775 gsin begegnet seye, hat er anfangs umb etwas
2000 1740 2028 1779 1
1870 1726 2916 1847 vrstenzt geantwortet, nein er wüße meiner
1871 1794 2879 1916 woe nichts endtlich aber uffferners befragen
1875 1866 2912 2007 bekent, daß alß er einmahl by nachst durch das
1874 1935 2867 2067 Haffer Holtz be laupen gangen, ihmme etwas
1869 2028 2874 2166 schwarzes begegnet, so er vermeine derböse
1858 2105 2920 2243 geist gsin sein, habe ein greüwliche gestalt9 han
1873 2196 2871 2326 fast glych einer großen schwartzen hundt
1861 2279 2846 2410 deßen angen feinerig vndt so groß alß ein
1869 2352 2844 2488 zchlige schußlen gefragt, ob er nichts
1882 2426 2868 2560 zu ihm geredt, hat er gesagt anders nit alß
1875 2504 2856 2633 mo uß. Darüber er disem bösen geist mit
1873 2572 2872 2725 großem schrecken undt betten geantwortet,
1869 2654 2893 2799 nach heimet Da habe der böse geist zu ihm
1872 2735 2886 2859 gesagt hiekmben hiermben und ihmme seine
1881 2806 2904 2943 fähler vorgehalten, auch uff anerpottenes aber
1882 2890 2890 3021 nit erlegtes gelt ihne befragt, ab er sein sein
1876 2970 2863 3084 welle, welches er ihm anfangs nit zusagen
1883 3036 2900 3173 wellen, aber doch endtlich vff gethane tren¬
1870 3126 2875 3255 wungen, daß er ihn sonst erwerge oder hin-
1886 3200 2923 3330 weg tragen wolle, sein willen daryn geben
1864 3273 2892 3401 daruff ferners befragt. Ob er dan alß diß
2728 3353 2881 3453 geschegen.
