3024 4032
114 439 168 532 98
373 589 1377 786 Alß nun auch endtlichen obige zey Gre¬
467 684 1359 844 gentzli wegen alle nachbangen, so vill gedacht
453 743 1374 895 In zerhafft gezogen endt in der oberen
469 846 1403 987 gefangen afft darumb zredt gestelt worden.
457 905 1347 1057 habend sy sich nit wenig htomachiert, daß
470 979 1411 1147 man an so ungewohnten orthen ihgen bericht
461 1056 1368 1186 disers gentzelis ihrer gespillen alb von
459 1115 1346 1293 ihnen begehre, da sy doch drey schwesteren
473 1215 1359 1357 von bekandtem alten geschlecht seyen, so sich
479 1289 1365 1444 so vill ihnen in wußen jederhysch ehrlich
480 1374 1375 1515 unnd wohl durchgebracht ußert deß zwo
478 1450 1385 1595 under ihnen vor wenig jahren mit jugendt
479 1536 1357 1661 umb etwas vorgeschoßen. Die dritte dan
499 1618 1388 1764 onst ein unglückhäfftigen zug gethan, da¬
485 1714 1383 1843 rumb aber die 2 ersten durch chorgaht,
497 1782 1379 1927 ache gefangenschafft, vndt die noch ledige ver¬
492 1865 1396 2007 mitelst der treüllen schuldigster maßen ab-
497 1961 1340 2078 gebüßt unnd seyind zwar vor disem sy
498 2040 1391 2168 beiden so sich noch hier befinden etliche mahl
504 2129 1324 2257 zn obiger ihrer gespilen gangen, daß
492 2190 1372 2324 under einanderen gelehrt zotten machen
485 2273 1374 2405 so bald sy aber in so böses geschrey kommen,
506 2362 1404 2497 sonderlich gewëßen schnyders halb, da habind
488 2437 1387 2565 sy ihmme Hentteli solches uff offner gaßen
492 2531 1390 2649 verwißen unnd sich seinen wohl nit mehr
491 2596 1369 2742 annemmen wollen. Zu Fryburg seyind si
503 2676 1388 2807 auch vor disem bosem geracht mit undt by
479 2747 1387 2886 ihm gewesen, dahin leider. Die einte und
480 2830 1397 2975 ihnen damahls mit ihrem noch ungeehlichen
491 2902 1387 3044 ten mann undt doch großen schwanzeren
498 2971 1369 3114 buch wischen müßen, da dan noch das
474 3061 1409 3187 drttte inglick hatte zusclagen söllen In dem
461 3132 1386 3264 daß der einten damahls pretendierten ehe
480 3201 1396 3345 man iß angefaßter kleinmütigkeit den
483 3275 1376 3410 Catholischen glauben habe annemen wollen
1235 3389 1357 3480 da
1584 1595 1650 1682 1
2660 379 2764 477 99.
1699 532 2721 734 Ja ohn ihr allersyths handtliches zusprechen
1751 603 2684 783 gan zu einem gesudter were gemacht
1763 683 2695 862 worden unnd werde mahl niemandt
1764 763 2714 905 sagen konmen, daß die eit oder andere
1744 829 2739 989 onder ihnen etwas ungebührlichs dabe-
1758 913 2775 1047 gangen wyler sy ohn das schon alle in großen
1751 985 2770 1120 kummer undt vast von jedermanigklich eer
1753 1047 2700 1195 laßen magen, dißert, daß die fr tsebet
1754 1108 2762 1287 Etter sich umb etwas ihren erbarmet und
1772 1255 2299 1368 sich ihren angenomen.
1732 1443 2760 1602 ber obige verhorte kundtschafften undt
1769 1544 2676 1662 vffgenomenen Weitlenffigen btaist
1759 1623 2784 1745 dardurch mh eraminator verhofft, daß er
1774 1702 2703 1833 mit so heiteren undt klagen umbstanden
1768 1787 2730 1915 dise hantnertige tirnen ihrer begangnen
1780 1869 2762 1981 villen unzuchten halb gnegsam überzugen
1779 1938 2759 2065 werde. Ist sy vermog abgangnen befeuh
1767 2000 2772 2139 Den 31. julii durch wohlermelten herren pan
1780 2084 2796 2210 natoren im Hooff herren Großweib Millading
1787 2168 2798 2285 mit zu thun beider obigen herren herren schnlithen
1777 2249 2732 2379 stattler mndt herren vogt ernst nunmehr
1759 2319 2793 2451 das drtte mahl zur Marter geführt und
1777 2405 2799 2546 Da zuerst ihra nochmahlen nach userstem
1799 2488 2736 2613 fleiß zugesprochen worden, gott dem
1794 2570 2806 2712 Herren die ehr zugeben undt sich nit mirzag
1809 2648 2808 2792 wor von dem bösen geist gemeisteren ze laßen
1805 2733 2800 2871 sonder uff alle frag sonet, so es shon hievor
1799 2811 2787 2950 wider sein gewüßen vernammet undt die
1791 2901 2773 3041 man ihm deßhalben mit anderen fahleren
1799 2981 2818 3112 mehr, so sydther u� der uffgenomenen insor
1800 3059 2826 3202 mation undt auch eignen bekandtnuß seiner
1806 3139 2766 3269 gespilen an tag kommen nochmahlen von
1830 3234 2791 3347 tes zusonck vorhalten werde fleißig be
1823 3296 2812 3443 scheidt ze geben, damit doch endtlichen auch
2695 3416 2828 3491 seiner
