3024 4032
401 555 1373 767 Alß nun obiger verwente den 26. dit
424 655 1379 798 durch obermeliten herren gro�meibel v
411 732 1373 881 grichtscheber widerumb besucht, ihmme augh
443 802 1371 954 nach abermahligem ernstlichen zusprechen
419 876 1361 1023 Dise schrifft abgelesen worden umb estehen
446 956 1382 1084 ob er etwas darzu oder darton thun wele
450 1029 1378 1159 Er hat er daran gar nichts enderen welle
446 1106 1359 1249 undt nochmahlen uff ein früsches betüget
419 1185 1375 1321 daß alleß im grund der magheit hergau
463 1263 1351 1401 seye wir ershievor ertellet undt es ihmme
462 1338 1309 1486 anjetzo auch abgelesen worden seye.
400 1553 1387 1720 Den 29. jenner 1677. ist obigen dan
455 1664 1365 1783 stuckis bericht nach mall erkandtnuß
446 1744 1365 1867 dem darumb in sanden ngendenken¬
455 1818 1387 1946 dicht gfeller auch von puneten zu gunten
462 1895 1390 2016 abgelesen worden, welcher dan volgende
479 1966 1368 2084 erlütherung darüber geben. Daß
473 2040 1395 2177 er namlich bewußte schuld oder obligation
473 2120 1383 2238 nit nach deß verwendter fürgeben uff
456 2196 1393 2329 ihne erkaufft, sonder selbige ihmme gfeller
470 2278 1402 2409 von einem anderen zahlungs wys morden
473 2341 1369 2460 seye, wie solches mit mehrerem uß der
458 2421 1396 2558 darumb verhandene übergnab zesechen,
458 2501 1369 2622 darin ihmme noch ußtruckenlich ieger
476 2581 1407 2723 schnürt worden dise bezahlung, alß die de
492 2663 1396 2804 von letst verwihne pfängsten verfallen.
490 2743 1380 2873 gewesen fürderlichst münglich ze besuchen.
473 2809 1398 2958 So seye er auch nach deßverwendten für
488 2896 1402 3022 geben selbigen tag da diß vrnluck sich uff
470 2973 1400 3067 Dem abendt zugetragen mit einem ande
486 3052 1351 3175 von nacher Belpp zu deß verwendten
475 3126 1395 3253 schmachers haußgangen, da er der theten
482 3193 1426 3298 auch würcklich dem jetzmall vermundte
485 3275 1372 3410 die sand geben unnd also keines megs
479 3340 1369 3473 mit einanderen anems gsin seyen. Nach
1284 3431 1414 3536 diser
2612 388 2705 499 u3
1643 486 2660 675 Disem seyeer vorgewendter maßen
1697 582 2641 747 auch etwas wenig nach ihmme stuck
1689 641 2669 823 zu Rubigen en wirtsshauß allwo er
1692 724 2672 875 mit dem moserze schaffen gehabt inkehrt
1684 809 2713 946 unnd habe da mt einem anderen ein
1701 854 2734 1013 maß truncken zuglych auchz nacht gesten
1702 943 2707 1105 alß er nun an den pfensteren zuchen by
1710 1017 2710 1158 einem leüfferli geseßen, habe ihn schon
1710 1079 2754 1239 einer von ußen nachen bein haar gefaßet
1708 1180 2751 1324 undt solcher gstalten zogen, daß er vermeint
1708 1256 2695 1392 er welle ihn gar hinaußzuchen. doch
1709 1306 2724 1476 müße er bezügen, daß der jetz verwendte
1702 1398 2745 1555 Daniel Stucki damahls noch in der stuben
1710 1467 2739 1631 gewesen, Wenig zyth darnach habe er ihmme
1723 1547 2753 1722 vorgesetzt widerumb heimb nacher münsigen
1721 1644 2736 1809 zegehen vnnd sich deßwegen zum Hauß vs¬
1722 1723 2747 1877 gemacht, da er sobab nit zum tachtrauff
1736 1815 2747 1959 kommen, seye ihm ohn eniches anwehren oder
1741 1899 2764 2039 anlauffen ein ohrfygen worden, daß er
1748 1965 2749 2140 1 bodenzwirblet, doch alß daß er den than
1744 2063 2745 2212 ter noch by den hosen erwütscht an sich gehonen
1743 2150 2664 2304 unnd sich an ihmme mit der eintenhand
1738 2236 2779 2378 widerumb uffzuchen mögen under deßen
1741 2322 2713 2453 aber wider mit der anderen handei
1747 2394 2723 2547 meßer ergriffen unnd ihne den stucki
1744 2488 2720 2607 darmit verwundt, aber nit vermeint
1725 2564 2771 2715 daß es so vbel gangen. Vff welliches hin
1763 2636 2787 2793 er stück ihmme entwichen sich zu erst durch
1763 2735 2796 2871 ein schopf hernach überein matten gemacht
1750 2811 2769 2960 von dannen aber über ein tuhe gestigen
1752 2905 2799 3049 vnnd also vff seine gfellers stiffes nachsetzen
1766 2995 2800 3118 Wilener Mußen, wellen wer Ihne so ange¬
1780 3068 2777 3199 fallen ein gantzen umbkreiß gethan, da
1762 3146 2824 3280 habe er ihn endtlich by einem spischer ermütsctn
1775 3226 2815 3340 unnd da gut dings erkloptet maßen, daß er
1786 3297 2794 3435 sich erst damahls mercken lasendvndt ge¬
2610 3414 2839 3528 schrauwen
