3024 4032
116 410 253 522 164.
399 524 1408 760 Sostye dan auch sein mr undt er geiten
425 621 1388 818 ain von hien des Weldtschlandt zeweisen
425 686 1388 879 da sy nach der framern sag ihre nicht gewesen
424 749 1393 941 unnd mehr an steüren bekommen, alß alsie
418 807 1025 948 In teütschlandt selbsten
418 892 1399 1089 obrahlen sein m und fofürgelind, daß
422 981 1400 1141 mit balsam und savonnit und anderen
421 1033 1385 1185 derglychen zug umbgangen seye es doch nit
407 1101 1403 1270 dan es in mahrender syth dars es by ihme
415 1185 1372 1317 diene gar nit verspürt, daß sy solche
432 1243 1376 1379 sachen machen könnend, aber wohl vom
437 1313 1385 1466 mr selbsten offtermahlen gehört, daß er
443 1393 1349 1525 tein handtwerck noch kenst müste.
404 1452 1386 1611 Wan seiner frauwen an etlichen orthen
439 1556 1396 1693 fenderlich aber by den predicknten, styn vor
441 1621 1397 1753 gehalten worden, daß sy schon mehr dagere
452 1683 1391 1812 sen, habe sy jederumen erstigtlich gelaun
448 1742 1402 1883 gert unnd fürgeben, daß sy erst sydt 1 megen
445 1826 1385 1952 daher alß ein vertribne umbheg stryche,
440 1897 1423 2018 Wie dan Ihme dem meitl ein glyches
444 1960 1396 2078 besagen angeben vnd darnebentreueet
452 2036 1390 2150 daß mars anders schwatzen werde, welle
448 2103 1178 2220 sy ihm den halß embtragen.
467 2170 1416 2320 Über diß seye sein m unnd fa wieschen
448 2251 1405 2371 vorgemeldt mit der anderen geselschafft
437 2322 1390 2450 von Hasel alserkommen und habind sich sa
460 2404 1384 2519 mentlich etlich tag alhier sum wyßen
455 2459 1395 2589 wertz uffgehalten, seynach habe sein fr
460 2537 1411 2660 ein ußtritt bi� iet frauchthal genommen.
437 2613 1416 2732 Da sy übernacht bliben und aber by ihren
463 2684 1437 2803 ingurk kunfft titel unnd namen geredent,
452 2747 1416 2881 Da dem sy sich by disem kehr nit mehr ihren
455 2825 1407 2959 asftestasion beholffen, und wig zuvor sich
465 2906 1380 3020 fug ein edlen damen, sonder fug eines
459 2973 1444 3098 pfarrers frauw uß der pfaltz ußgeben auch
449 3045 1406 3169 im unnd jeider die luth beredt, daß diß
452 3118 1405 3240 Ihr medtli ihr lübliche tochter sey. durch
455 3184 1422 3298 melliches expeditet sy an underschißenlichen
448 3260 1428 3380 orther wohl gekommen unnd sonderlich es d
458 3327 1438 3443 meitli by der fr rathshren kilchbergerin hauß
454 3400 1442 3515 ein sparschwarz ermel und by einem an
1349 3460 1443 3524 der
2596 378 2689 465 165
1661 476 2694 681 anderen haußen der statth aber einrothe
1666 575 2649 748 wort oder mulsemli darvon getragen
1668 651 2731 821 die frauw habe ihr büchli drußen bim neien
1680 735 2715 877 hauß versterkt unnd habe der man seine
1675 792 2670 944 attestationen In einem gannen seckli
1687 854 2426 1012 welches In des Mirthshanden
1657 926 2682 1106 Wan sy ar satholische ooth kommen syen sy
1696 1039 2694 1174 alß Catholische in die meß gangen habind
1701 1078 2715 1232 aber an derglychen bathen mit disen ihren
1728 1147 2731 1296 terbüchlenen gar wenig ußrichten kön,
1715 1224 2707 1379 nen seyen auch seines müßens noch mi
1714 1285 2719 1448 gandts ob disem betrun ermetscht worden.
1725 1357 2743 1506 Under mans habind sy sich auch in im dörffe
1726 1445 2648 1550 ein angemeldet, bald etwas bekommen.
1728 1532 1923 1623 baldeit.
1724 1543 2648 1707 Mehrers sey ihmme dem meitli nit in
1718 1666 1937 1771 weßen
1695 1776 2730 1948 Über dise verlicht ist die frauw selbsten
1708 1864 2736 1994 auch vorgestelt worden, welche nach tillen
1732 1946 2721 2061 gebruchten umbwägen, bekendt, daß sy
1735 2013 2744 2150 hieter mehr hier in der statt unnd auch
1733 2098 2735 2219 de wectsh landt gewesen, wie zuglich
1750 2157 2718 2297 anklagter marten sich by diser letsten
1737 2226 2754 2376 geißt ni ein edle refornedt undt wran
1753 2305 2675 2431 tribne damen est der pfalzestgeben
1746 2381 2760 2510 welches sy aber by ihren vorgehnden reisen.
1752 2466 2016 2582 nit gethan.
1734 2518 2763 2655 das buch unnd die attestationen deren sy sich
1750 2613 2771 2732 deßmahlen gebrucht, habe sy bim neüerhauß
1771 2677 2740 2789 ußen de sall nechst by der thuren ander
1778 2741 2782 2861 rechten handman man hinauß geth under
1788 2811 2229 2906 tauer versteckt.
1756 2875 2774 3018 Ihr mann habe auch ein buchli darin zefinden
1779 2969 2767 3078 und meiner sich ugeben, das habe er geen
1790 3036 2766 3147 brucht von Uler biß nach st Gallen mit
1782 3102 2791 3217 und neben einem anderen man so mit ihmme
1777 3168 2121 3288 dahin gangen
1779 3244 2744 3378 12f Gallen habe sy ihr man quittiert
1796 3328 2801 3448 ein anderen Mag genomen vnd zu Schaffu¬
1798 3390 2359 3499 sen wider antroffen
2596 3420 2753 3523 daß
