3024 4032
77 415 175 486 180
423 483 1369 719 Wie vorgemeldt durch eerdicht rathe
454 576 1367 797 etmas abgetriben worden) erkenne wur
454 655 1374 857 klich begangen unnd auch darby sein r
456 714 1370 897 ma uß goßen ze haben, wüße er nit daß
462 804 1376 988 er sich wyters vergeßen noch einiherge
446 859 1372 1045 stalten mit anderen bäsen gelüßten be
457 940 1362 1093 flecket, könne auch nit sagen, daß ihmme
454 1016 1347 1180 jemand einiche bose anwysunn darzu
450 1088 1373 1233 geben oder daß er solches etwan von
465 1160 1393 1320 anderen gesechen habe, sonder seye die ersten
459 1235 1381 1380 that, so er wie vorgemeldt mit seines m
460 1322 1362 1466 hum heiters tags uff der buhren begengn
442 1392 1382 1555 ihmme ohne anderen gehabten anlaßen
461 1480 1349 1614 mahls, vnnd wie er glauben muße
452 1555 1375 1693 allein durch antrib deßbösen geiste
455 1623 1373 1749 In bemkommen. Doch habind die bösen
473 1697 1348 1832 gesprach so etlich buben offtermahlen
467 1773 1381 1888 von unberhendlen gefürt, ihmme in disem
466 1839 1364 1967 schandtlichen gelesten nit zummusten
473 1914 1366 2037 hundel gedienet. Da er dan darneben
464 1988 1396 2099 auch die treüwen warnunn seiner elter
451 2058 1376 2193 unnd großelteren, die ihne stats zur
456 2145 1365 2270 gottsforcht vermahnt unnd flyßig zur
459 2224 1373 2346 lehr gehalten, daß er da wohl lesen und
471 2292 1371 2428 bttten gelehrt, ihmme wohl wenig zum
469 2379 1388 2486 nutzen gemacht, wie er solches durch die
466 2439 1359 2578 rydung der predigen unnd kinder
481 2517 1374 2619 lehren mit mehrerem bezüget. Welches
459 2598 1386 2730 ihmme detz hertzlich leid sern, bette derhel
479 2670 1417 2806 den gott unnd ein gnädige oberkeit u
441 2746 1385 2867 dise seine begangene große sunden den
472 2826 1408 2955 mütigist umb versychung mit verspreen
442 2906 1401 3032 daß wo er ieh seiner banden möchte mie
475 2978 1401 3104 derumb ledig werden, wolte er sich gantz
471 3056 1407 3175 anderst znstellen unnd dise seine begang
464 3122 1380 3255 gene große mußethaten die übrige zeit
480 3202 1419 3329 seines lebens mit unuffhorlichen träheen
473 3284 766 3400 beweinene
2599 445 2714 552 101
1704 492 2585 694 Obstehenden Bendicht Waltherdts
1725 595 2579 755 piminal rocess. Wit es an
1721 669 2475 820 Der crntzgaßen ze verläsen
1632 832 2688 1008 Was maßen der leidige Satan, alß ein ab¬
1710 909 2693 1059 gesagter sind deß mentschlichen geschlechts
1702 975 2629 1122 schon von anfang der weldt unseren
1720 1049 2666 1209 eosten elteren in gestalt einer schlang
1713 1108 2686 1256 hinderschlchen snd selbige vermitels
1721 1188 2685 1323 seines glimpflichen vorgebens dahinge
1723 1254 2688 1397 bracht, daß sy durch die übersechung deß
1728 1319 2718 1460 gebotts ihres schopfers den hetlichen stund
1713 1395 2688 1530 In den sy gesetzet waren gegen dem ein
1722 1474 2695 1606 veredenlichen tolt verwechlet und sich
1729 1550 2707 1670 sampt allen ihren nachkommren demselben
1731 1614 2703 1753 underwürffig gemacht, also daß syd
1713 1691 2729 1821 disem leiden sindenfahl diser hellische de
2038 1781 2238 1847 da
1735 1773 2729 1922 ger von zytt zu syn seine garn mehr vßge¬
1754 1854 2672 1992 pannet vnnd gesucht dem endt vnnd
1738 1939 2708 2058 anderen solche mittel an der hand zegeben
1728 2007 2709 2134 daß er selbigen wo ninglich volkommens
1731 2096 2677 2214 In seiner gwalt bringen könne, das
1729 2158 2671 2271 haben wir so mahl ußheilliger schrifft
1758 2225 2709 2357 alß auch wider uß der täglichen erfahn
1757 2303 2734 2423 rung selbsten, sonderlich aber uff den hu
1753 2376 2712 2504 tigen tag angegenwurtigem Armen
1751 2447 2398 2580 sunder gnugsam zesechen.
1687 2547 2742 2672 Dan nach dem diser knab, Namens Ben¬
1729 2619 2748 2743 dicht waltlerdt Hanß Maltherdts sel von
1737 2695 2729 2830 dittigen hinderlaßner sohn, so daerst
1762 2774 2734 2908 by 17 jahren seines alters undt sydt et
1766 2858 2761 2971 Mas zyths daher das mäber handewerck
1778 2923 2708 3046 erlehrnen sollen, auch zu dem endt sich
1771 3001 2712 3108 by Bendickt Moser dem lynwaber zu
1775 3066 2686 3190 Jaggwyl uffgehalten uff sontag 19.
1773 3138 2772 3251 augueti jungst durch vndicht roth von
1777 3215 2712 3327 Sedorff ob einer abscheüwlichen that
1777 3280 2755 3412 ersechen undt auch bald hernach über das
2607 3387 2756 3475 durch
