3024 4032
94 396 215 507 196.
443 530 1376 773 fahl nidergeschlagen, da er under anderen
467 662 1383 841 auch remaruuiert, daß etlich harz greüb.
473 712 1371 902 lei noch am boden geleg unnd under
472 780 1385 966 schikenliche tannen umb die ichferun
472 863 1360 1027 frusch gehartzet worden. Ob es aber dise
485 924 1223 1084 lüth gethan könne er nit sagen.
460 1069 1375 1236 uff disen der weiblen gegebeee bericht und
489 1147 1390 1292 nglychn maen deß orths abgangnen lee
461 1210 1380 1352 gierlicher befelch. Ist der alte man sine
461 1288 1374 1423 dem jüngsten sohn zur marter gefürt
489 1363 1382 1485 worden Da dan diser alte sa
482 1418 1387 1560 der by anwendung lährer marter noch
476 1488 1393 1616 mahlen verharret, daß zwar obiger mein
470 1562 1381 1678 bel Moser ihne im Frienisperger melt
480 1636 1360 1757 bezogen, habe aber weder in disem noch
472 1712 1365 1835 In anderen mahen holtzeren sydt seiner
500 1776 1389 1906 begnädigung gar nit geharget, sonder solches
479 1854 1378 1965 mir vff den hochenen vndt Im Schmar¬
491 1925 1392 2054 Jenbirgger piett gebrucht. Es seyen andere
485 2001 1383 2120 mehr die in der steingruben unnd an
455 2071 1384 2192 ders wo hußhablich, da auch zu gern uff
464 2152 1351 2254 Dem fasmahrit feill habind unnd sich
484 2212 1394 2323 stats mit gut esten undt trincken erhalen
491 2282 1392 2399 tind, die solches möchten gethan haben ein
487 2340 1367 2470 mahl seye es durch ihn gar nit geschechen.
503 2421 1393 2521 und wüße er auch von keinem artzer
490 2475 1408 2601 von Spietzeüt. Was nun seine sohn undt
481 2551 1398 2678 töchteren vorgehaltner maßen möchten
490 2626 1392 2749 gehartzet haben, das werde man ihmme ja
502 2696 1413 2820 nit anmuchten ze versprechen, sonder mir
503 2771 1410 2888 was ihmme seiner persohn halb in müsten
451 2856 1410 2994 sey anhenckung deß 25. tag etrins hat
490 2936 1431 3062 er abermahlen neben erzeigtem mertlich
488 3007 1380 3130 schmagen bezüget, daß er sich zwar im
489 3069 1429 3195 Schupberg zu Schwanden knnd auch in der
477 3129 1435 3248 Riederen mit wyb unnd kinden uffgehalten
480 3201 1414 3315 habe aber das hartz alleß im frgauwg pirt
478 3271 1382 3390 bekommen unnd sich keines megs in mahl
477 3321 1419 3458 hölzeren vergriffen. Seye ja voogehalt,
1324 3420 1407 3472 ner
2591 437 2687 531 197.
1710 558 2643 724 nermaßen durch den weibel von
1720 625 2694 796 Stedra oder Copsig Im schudwald doch ihm
1711 680 2676 833 artz unnd gethaneschaden angetroffen
1722 734 2700 881 werden, da seine und ihmme damahls, wyll
1723 803 2631 926 man Ihn getencklich hinführen wellen
1722 878 2076 1004 sihlff kumme.
1721 950 2685 1092 dy betreüwung deß 50 1a l steinshat
1737 1019 2710 1161 eo wyters verheieret ihmme anders nit in
1749 1074 2654 1222 nüßen sein alß was erschon villfaltig
1749 1165 1935 1282 gezuget.
1700 1236 2721 1407 sy nochmahliger uffsuchung lährer marter
1743 1328 2713 1432 hat er neben mereklichem geshren unnd er
1737 1386 2706 1508 zeitem großen schmertzen zun estemahl
1738 1447 2682 1569 hoch betheüret, daß er sydt seiner begnadn
1747 1522 2639 1629 Aum in Mahl Malden kein schaden mit
1738 1578 2712 1704 hartzen nit gethan. Wan nun der emt oder
1749 1648 2734 1770 andere der meiblen bezugen werde, daß man
1759 1724 2711 1838 dther Hartz by ihm gefunden habe, müße
1744 1783 2697 1905 ers mohl glauben doch vrrhoffe er nit das
1768 1853 2741 1994 solches gescheche. Vetze alleß dem lieben gott
1754 1934 2705 2049 heimb undt wegde diß alles am jüngste
1762 2001 2633 2127 gricht ein hartes versprechen geben.
1750 2123 2739 2273 Alß nun der jnngste sohn auch zur Maater
1759 2219 2747 2329 beauffen sindt ihmme sein, noch an der marter
1760 2288 2730 2402 hansender alte vatterzeigt veroden, hat er
1779 2353 2727 2457 neben bitterlichem weinen und villen ts
1769 2420 2672 2539 goßnen trahnen bezüget, daß diser sein
1780 2490 2735 2601 vatter nacher der söhn, sydt etlich jahren das
1762 2552 2720 2674 her da es so usstruchkenlich verpotten worden
1768 2622 2661 2745 weder en Bremgarten noch anderen
1781 2695 2685 2782 Masl holtzeren nit gehantzet, sonder ihres
1775 2766 2730 2878 hattf alleß im Fryburg piett anenthalb
1769 2835 2742 2948 dem schwartzwaßer wie auch etlichs hinde
1786 2903 2712 3010 Volathure genomen unnd Honach alhier
1773 2971 2751 3085 Ie landthin undt her dabitiert undt synd
1784 3048 2750 3171 sy damahls da sy der weibel von Frienisperg
1799 3123 2496 3229 eogriffen von Kersetz kommen
1734 3196 2743 3322 Der müchel Rigenal seines vatters bruders
1804 3269 2764 3387 vor etlich jahren hier ußgeschmeitzt worden.
2588 3346 2755 3442 mohne
