3024 4032
117 474 194 585 76.
391 552 1363 762 aber doch gar nüt vom halß umbträgen
385 647 599 756 geredt.
348 694 1364 878 dis begangne fähler seyen ihre von herze
401 790 1336 923 wider bette derhalben gott tund ein gea
401 860 1341 1015 diee oberkeit, demütig ist umen verzybun
402 923 1312 1057 und daß mann sy nit nach ihrem wahl
404 982 1340 1134 verdienen abstraffen wonder n ansechen
383 1059 1344 1190 ihrer schmachheit undt, daß sy solches es
389 1120 1329 1242 großer nolch gethan die sonst eerdierte
418 1184 1351 1325 toaff umb etwas milteren welle alß
404 1257 1334 1389 welche sy dan auch mit höchstem danck
412 1341 1343 1465 andnemen welle, weyen sy mahl wuste
393 1400 1333 1523 daß selbige ihra vom neben gott zur
409 1464 1055 1605 beßerung ufferlegt seyn.
508 1644 1311 1804 ambstag den 7ten julii 1677
385 1726 1326 1875 Ist von mahl der rachten erkendt werden.
423 1824 1339 1948 daß obiger Johs Kratzer unnd sein fr
434 1891 1353 2023 alß offentliche betrigen uß geschmeitt
425 1965 1341 2050 an der stirnen geteihnet und mit dem
428 2039 1297 2150 eidt von stattind land verwisen.
433 2106 1327 2202 werden söllind. Welches noch selbigen
434 2180 1309 2303 tags an ihnen erstattet, ihne drnst
425 2256 1380 2370 magdt aber in erwartung, daß sy etwan
432 2323 1372 2444 alhier ein dienst finde, In das weisen¬
404 2393 932 2519 hauß than worden
1689 491 2459 739 ean Jaguus aguit.
1610 696 2656 896 diser jean jagues aauet ußem ampt
1646 782 2589 968 Isferten, so sich nit nur mit jeane
1660 855 2644 1040 apancorte mannin mit ehebruch be
2550 923 2615 1024 s
1691 920 2527 1099 flecket, sonder auch sich zerumbt
1660 995 2697 1179 In gegenwart unnd an der sythen ihrer
1689 1071 2667 1242 muter beschlaffen ze haben, solches aber
1688 1143 2708 1292 nit bybringen können, ist crafft raths
1685 1214 2708 1384 erkandtnuß sub 14. julii 1677 an das
1687 1301 2730 1469 halstysen zestellen erkent worden, wellehe
1684 1396 2378 1556 straff er auch ußgestanden.
1773 1955 2545 2148 Marius Kappin
1668 2130 2736 2288 Dise wybspersohn, so ihrem fürgeben nach
1725 2229 2737 2369 ustem Baßler gepret, ist megen under
1730 2319 2670 2443 schidenlichen waahren die sy alhier am
1727 2367 2754 2503 jahrmahrit neben anderen ihren consorten
1719 2446 2656 2594 Die sich aber schon tleichtig gemacht) mit
1725 2522 2744 2667 Ihem endt von satt unnd landt vergensen
1735 2593 2658 2727 ußgeschmitzt unnd gezeichnet worden.
1739 2663 2295 2812 71 augusti 1677
1897 3011 2445 3140 Elisabeth Maille
1712 3132 2693 3259 Dise Elisabeth Maille so da boßhaffter
1750 3218 2742 3345 Wys Michel gnanger ihren eheman ver
1765 3292 2699 3407 laßen unnd sich zn savog begeben alß
1772 3355 2704 3481 daß uffgeschechenen verruff er ein
2621 3424 2793 3513 andere
2639 378 2668 484 1
