3024 4032
209 438 275 530 56
545 508 1440 689 maßen ießt ander luthen mndt werdet
533 610 1411 752 die �brigen drey pnneten aber alß ein
542 689 1414 812 gemeine ed zuhungehört, welliches
548 760 1426 899 er gaangebëhrenden orthenhette an
544 821 1397 952 zeigen sollen, seye aber diß hillmehr
539 901 1427 1037 seinem großen zenerstandt alß ein
541 970 1461 1114 ihem gehalten bosen willen zu zemaßen
467 1063 1447 1199 arumb er auch wegen disers seinen geg
545 1122 1445 1266 schoßern fählers gott unnd ein gnad
532 1189 1437 1340 ge oberkeit demütigist umb versychung
530 1275 676 1366 hette
525 1537 1424 1703 Ist den 14. mariii 1676 harüber zr
570 1654 1402 1776 kent worden, daß er wegen disers
557 1731 1423 1867 spargierten schandtlichen geschreyh, da
554 1811 1450 1943 wmb er kein vorsäger nit stellen könne.
549 1889 1453 2018 anderen tum exempel mitruthen ußgen
550 1957 1435 2098 schmeitzt undt zu von statt undt land
550 2054 1407 2165 verwisen werden sölle. Welliches
545 2120 1429 2247 nochselbigen tags exequiert worden,
683 2817 1324 2980 Atm Kyburger.
469 2939 1420 3138 Disers mentsch so noch ledig und von worb, Ist
508 3048 1437 3179 wegen es underschidenliche sachen in ander lethen
523 3112 1452 3239 samen (alß linget scheidt und ancken kaufft
507 3159 1454 3292 und hernach sich etwan durch ein hauß gemacht
515 3227 1394 3368 und die lüth vergebens marten laßen, wie
515 3301 1435 3427 es die letste srob by herren doctor Hanoards hauß
2729 457 2811 546 57.
1827 540 2817 698 gethan, allier gefencklich Ingezogen, hernach
1839 631 2814 752 aber vff sein erzeigten reuwen, vnd sonder-
1834 703 2800 822 lich daß seine wander versprochen alleß mas
1837 768 2815 876 es entwendet widerumb zeersehen mit einer
1831 834 2789 947 gëten censun so ihmme mirghe graß
1844 903 2791 1024 weibel willaoung geben, widerumb ledig ge¬
1836 977 2198 1079 laßen worden.
2200 972 2764 1094 so beschechen den 20.
1846 1031 2246 1133 mertzen 1686.
1998 1693 2383 1854 Peter jung.
1811 1915 2797 2070 Diser Peter jung so sich sampt seiner fr
1814 2016 2835 2114 hinvor In der insel schüren ufferhalten jetzund
1850 2092 2824 2206 aber der herren hallers deß luekerbecken wanm
1842 2157 2788 2274 garten coliert und verklagt worden, daß
1839 2235 2836 2346 er ein gar schlechten inzug habe auch den jänig
1847 2293 2841 2399 so etwas in der statt entwenden underschauf
1841 2362 2783 2486 gebe und die gestolnen sachen abmene mir
1847 2430 2826 2555 dan die hinder ihmme gefundene fadgrreitenen,
1841 2502 2811 2608 und auch der ehrene haffen, den sein er nach seiner
1853 2564 2808 2690 eygnen sag verkaufft aber nit müßend wem
1838 2636 2805 2740 deßten ein goßen verdacht magen. Ist mit
1860 2698 2839 2832 einer guten remonstrant s mm herrn groß
1850 2770 2822 2904 weibel willading geben widerumb vff
1844 2834 2767 2967 feyen fuß gestelt worden. So nach
1853 2917 2660 3048 beschechen Den 20. manty 16767
