3024 4032
448 548 1399 754 er sein namen in seinem hußbuch verzeichen
463 631 1398 817 net haben, seye sonst ein magninion vor ange
449 709 1398 873 sicht dupflet undt mit einer grauwen casagus
445 778 1407 945 gmahnlich bekleidet, habe ihn aber seines westen
447 865 1395 1004 In diser cirnen hauß gesechen weder in
464 945 1381 1060 noch ußgehen, wahl habe er eimahl von sein
459 1003 1403 1135 deß worers knecht vernommen, daß sein
451 1088 1393 1221 mr dahin gangen seye. Über diß seye ihm
463 1154 1394 1300 auch glych anderen seinen nachbauren be¬
458 1217 1394 1346 kandt daß underschidenliche persohnen
462 1298 1391 1446 undt frembde handtwegcks gfellen sich dazu
469 1390 1400 1538 gezogen undt daß offtinder nacht die suß
469 1471 1390 1597 thür villuff unnd zugangen, zu zythen auch
464 1539 1095 1685 es vill klopfens geben habe.
438 1680 1405 1833 stattschloßer lauwers sel nach lediger
462 1772 1393 1910 sohn zuget auch, alß er vor ohngferdt drit
468 1858 1375 1972 halb jahren mit 2 rothgießer gsellen zum
476 1929 1353 2045 Wilden mann alhier getrünsten, habind sich
463 1997 1407 2125 ihren sachs handtwercks gsellen gerumbt, das
480 2075 1404 2199 sy all sechs in der anlisberen hanß by disem
487 2153 1368 2278 jentzel gelegen undt habe ein jedweder
477 2232 1398 2354 6 x geben. So seye über diß in der auli
469 2305 1404 2424 kegen hauß ein so fühler jnzug (alß das offt
476 2378 1390 2508 anzogee hendtschen macherli, deß jungen
462 2454 1390 2575 Bältis framw undt sy die anliskeren selgten
467 2530 1379 2659 daß seine gsellen gantz dardurch verführt
477 2604 1387 2705 werdind. Wie er dan under anderem
472 2681 1374 2798 letst verschinnen eermontag nach dem
455 2751 1405 2889 der letst regierende herren schuldthien uffgezogen
479 2832 1336 2963 undt er munner under deßen die statt
472 2905 1414 3029 hinfft gangen 6 handtwercks gsollen, daren
472 2989 1370 3121 Der 2 von den seinen maren uß gedeüter
463 3057 1370 3184 Aelickeren hauß gehand angetroffen und
473 3136 1383 3267 seine 2 alß sy ihn erblickt mächtig erschro-
484 3199 1348 3336 ken. Derglychen vlites mehr lege noch
463 3283 1367 3420 deß schumacher Küpfers knecht gar vill
466 3363 1114 3499 by dem handtschenmacherli ab.
2667 359 2775 460 95
1698 492 2769 694 Catri Egli neben dem storchen by ihrem
1737 619 2772 771 beude mhrhafft, eigt an es werde nun
1734 651 2776 828 uff wienaeht funff jahr sein daß einstar
1737 752 2724 896 tes gerücht in der nachbarschafft gangen
1730 809 2776 969 daß diß Hentzeli schmanger seye gsin undt die
1750 893 2739 1032 onvon abgeladen habe, unnd habe sy zwar
1751 959 2737 1128 mahl an ihm geachtet, daß es zu erst gantz
1752 1048 2740 1184 wahr und uffgeschoßen gewesen, hernach
1748 1115 2733 1264 einsmahls an der diski zugenommen, seye
1763 1195 2792 1337 aber sidther allzyth in glicher dieke verbliben
1757 1277 2782 1422 allein daß es damahls gantz bleich uß gesen
1758 1366 2791 1519 ihen darumb seine büth alß man sy gefraghe
1755 1448 2784 1582 worumb man es nit seihe fürgeben es habe
1755 1517 2736 1643 die galsucht unnd berencke man es mit
1763 1590 2762 1719 Camillen blumen, darzu sy die läbluchen
1766 1661 2801 1809 manner bruchind. Wyders weße sy Cabri
1787 1765 2797 1906 gli nit zesagen, noch daß sy jemand gesehen
1755 1860 2305 1994 Da dß endt ingesen.
1790 2011 2791 2164 Marixs Ulrich sonst habtuchen Mari
1795 2116 2802 2243 genant, hat sich über obige ihre verrihtete
1805 2180 2808 2327 ir volgender wys verantwortet, daß
1791 2254 2795 2392 sy zwar alß sein deß alten hentzig hievor
1798 2344 2807 2462 geweßne 24 jührige huß und zinßfrauw
1813 2413 2757 2552 sich noch vill da zuzuche unnd gedente ihre
1792 2488 2811 2616 tochter vorgebner maßen vor etlich jahren
1813 2566 2784 2699 wegen gewüßer geschwulst, so sy an hand
1787 2638 2767 2776 undt füßen undt auch im gsicht selbsten
1806 2716 2809 2856 angestoßen mit camllen bleinen kein
1804 2796 2794 2937 unnd saltz begenckt, seye aber nit mehr
1801 2882 2767 3020 alßon 3 oder ur tag ingebliben, da sy
1814 2956 2794 3092 mehr theils vffem offen gelegen, weße
1826 3038 2819 3168 sonst von gar keiner anderen geschwulsteüt,
1823 3120 2791 3242 noch daß sy angeklagten maßen ihren gagen
1814 3195 2809 3330 sofen gut gschir machen undt ihre bösen
1819 3261 2814 3392 hendel geholffen vermentelen. Mohl mochte
1833 3334 2822 3483 sy nitiß thir eineß ihnen ein trunsk ab
2653 3426 2834 3538 genommen
