3024 4032
77 447 218 541 194.
410 576 1377 780 gerüsteten bielgestanden und angedühen
433 664 1374 838 annen etwas krablet, habe auch seinen
434 721 1356 905 bedungkens ein kleinrempfli an ihm ge
432 797 1383 970 habt ob aber hantz darfe gewesen kenn
431 847 1372 1020 er nit sagen, dan er meibel umb etwas
439 930 1346 1078 erschmeyet gewesen, daß er disen man
439 999 1385 1170 eines mahls hinder der cannen glychsam
440 1078 1339 1215 verborgen gesechen, doch habe er sich zu
412 1137 1352 1282 ihm genachet, ihmme die händt gerecht und
439 1209 1377 1357 drubrohin alß der alte harzer sein bieli f
448 1292 1361 1425 ein darby geweßnen stock gesterbt, solb
441 1355 1362 1499 ges in seiner mehreren sicherheit alßbald
451 1427 1368 1565 ergriscfen unnd zu ihm gesagt ermüße
446 1497 1388 1615 nurmehr mit ihmme nach siemsprag, deßen
452 1558 1375 1686 sich der alte man geweigeret un sein bieli
459 1633 1375 1753 wider haben wollen, auch umb gotes mülle
449 1690 1387 1838 gebutten er welle ihn widerumb gehen lasen
459 1764 1359 1894 und endtlichen dem Ureni geruffen,
456 1831 1348 1946 welches bald daruff mit einem tung
467 1906 1375 2023 knaben komen, vnd Ihme meibel die vnd
465 1973 1390 2087 lösen wellen, mit abermahliger pitt, daß
473 2042 1384 2155 er ihne den vatter welle gehen laßen
462 2110 1358 2237 also er aber solches nit erhalten können.
456 2175 1359 2309 seye er in dise wort usbrochen ersölle.
456 2254 1383 2381 ihn gehen laßen oder er wolle sich mach
464 2329 1385 2437 gen wme erkönne und möge Worüber
467 2397 1398 2524 hin er zu letst auch würcklich entrunnen.
459 2467 1377 2592 Siderher habe er weder den alten noch
439 2546 1398 2656 die Jungen niemahl mehr ersechen tanen
454 2609 1400 2735 Mohl habe er noch sy dt fer im schnee tori
459 2681 1383 2810 verspüren mögen, daß man an etlichen
481 2752 1404 2868 tarmen mit dem sartzen fragers ange
463 2827 1380 2953 setzt, ob es aber dise lüth gethan, könne er
479 2897 712 3019 nit sagen.
381 3027 1438 3165 Redi Weibel, der Meibel von Schupfen sug
467 3125 1428 3240 als dro letst verschinnen herbst vom heren
470 3173 1423 3279 mahnit kommen, habe er den alten vatter und
448 3246 1388 3366 die jengsten 2 sohn undenfür shttt
460 3312 1413 3435 Wyll antreffen, da er weibel s vnder¬
1276 3383 1394 3474 Meys
2604 416 2712 509 195.
1693 501 2701 737 megs vermahnt, daß sy sich ihres schupfer
1711 621 2711 788 pottzes unnd myhen schudmandts wüßigen
1722 669 2713 837 söllind, wonit wurdeer dem ersten den
1715 732 2702 896 er darin antreffen thete ein ghienther
1719 793 2707 972 schlagen, wie er dan deßen ussernstenlicg
2103 855 2691 981 Etman 14 tag darun
1720 914 2003 1044 befelch habe.
1728 918 2671 1084 vn erweibel in schrpfer wald kommen.
1727 1012 2614 1130 da er den nachelbesten Sohn, Namens
1714 1043 2673 1205 senttz entzi hinder einem tannli hu
1723 1118 2702 1258 uend tunden, also daß er selbig ergrischen
1729 1200 2710 1333 unnd nach frienisperg führen wellen
1707 1256 2713 1410 In allem Meigeren aber seuen seine schwee
1730 1330 2705 1473 steren unnd der jungerbruder mit ihren
1743 1394 2721 1517 bielen vnd rempflenen darin werklich
1736 1471 2685 1610 hantz gewesen, zuhilff kommen unnd alh
1740 1548 2740 1675 er weibel sy alle ersechen habe er ihn müßen
1738 1602 2730 1751 gehen laßen. Sonst habe der erst ergriffne
1737 1666 2737 1809 der damohl gewüßt, daß seine geschwistern
1748 1776 2742 1871 te nit witt von ihm seinen anfanß eine
1749 1814 2727 1965 gelachet und gesagt er welle nit mit ihmme
1755 1902 2673 2033 oder ber müße, er wüße wohl was für
1761 1968 2733 2106 bscheid segen etlich 3 muchen darnach
1750 2035 2725 2173 habe er den altensampt den suhnen
1761 2111 2720 2250 unnd töchteren undenfür dem schupber
1761 2188 2712 2323 antroffen, daß sy von dem Heßli da
1779 2250 2725 2387 sy sich demahs zuhag kommen kindt habe
1770 2327 2711 2446 der alt ihne meibel der erst angerrdt
1780 2388 2751 2525 die hand gereckt und gestest woer herkommen
1782 2474 2675 2605 er solle mit ihnen nit so streng sein er
1785 2547 2736 2656 müße wohl hantzen mo cannen seyen
1779 2611 2664 2705 dan an den bruchen könne man nit
1768 2672 2709 2786 hartzen. Alß aber er meibel gesagt er
1783 2747 2757 2863 Wolle es einmahl aar nit gestatten, habe der
1784 2832 2785 2943 alt gantwortet, so welle er dan Marten
1792 2895 2771 3021 bißer etwan ab wäg undt nach kern seye
1798 2966 2741 3084 ermüße es eben nit sechen. Hernach
1777 3030 2748 3166 habe er ihn gar nit mehrspnrt mohl
1786 3115 2760 3232 habe erstwartlich wuchen gesachen, daß im
1789 3181 2772 3289 Schupfenholtz ein eich seye under abgebroct
1798 3245 2760 3375 worden die 4 oder 3 jannen durch ihren
2633 3311 2772 3435 fahl
