3024 4032
150 468 229 545 80
451 515 1379 682 betrugd anderen tum exempel mit ruthen
468 601 960 717 ußgeschmeizt worden.
1115 641 1380 774 Aactom 1 1
455 677 783 812 julii 1676.
593 1118 1140 1285 Anna Schelhammer.
388 1271 1333 1406 Dise schelsammerin, so da ihre creditoren
455 1349 1346 1473 nit bezahlen können undt deßhalben ihre
459 1418 1352 1547 bestimbte zyth in der gefangenschafft uß.
467 1492 1330 1619 gestanden, hat auch uff der sreditoren
292 1573 436 1675 a 1678
482 1563 1348 1715 erners instieren den 11. julii ustge
467 1650 680 1769 schmorer
574 2404 1044 2546 Christen Bruni.
401 2593 1356 2746 Diser Christen Hreni von Allißwyllso
457 2693 1380 2818 von underschidenlichen diebstahlen wegen
462 2762 1350 2876 mohlen alser verschickt worden hat den uff
466 2841 1353 2962 Meyher großmeibel Willadings ernstliches
461 2905 1382 3038 zuspreghen volgende sachen frey millig bekent.
383 2998 1337 3180 1. Daß er zu Hooten dem Ruff Sali by
470 3090 1383 3221 5 oder 6 mahlen n sein sycher komen, so an
450 3159 1376 3305 ders nit mahl verschloßen war, also daß er
466 3240 1359 3371 oben in durch ein loch mit der hand das Zengli
1235 3358 1379 3447 geloßen
1711 415 2653 660 gelößt undt auch mit einem schlechten
1684 484 2800 736 holtzigen schlüßel oer dem rechten schlußen
1715 570 2745 775 nachgemacht, die thur offnen können, da
1710 637 2716 832 Abter in allem ohngeerd 3 mas dinckel,
1717 700 2757 893 3. Jückli fleisch vand sr offt er hinem kommen.
1718 774 2745 947 allemahl sein tschäpp oder bedersick voll
1722 858 2764 1041 obs, so überall by 3 mäßen möchte gsin
1725 972 2077 1104 sin genomen.
1746 991 2810 1184 dem müller zu Hoofen demer etlich mahl
1628 1098 1702 1183 2
1702 1088 2784 1270 In der mühli geholffen ronlen, habe er in
1732 1164 2763 1316 2 mahlen by einem junkgrsch undt ein
1732 1239 2756 1389 bedersact voll habermäfl für seine H�nli
1704 1299 2794 1470 deme auch istem keini 3 stäckli rindtfleihe
1733 1430 1982 1552 genommen.
1616 1494 2752 1651 3 Gerdicht Stempfli zu Illiß well habe er
1720 1574 2756 1719 einhalben mr Korn ußem spycher boget
1732 1665 2820 1795 welches vergangnen minter 22 jahr gsin und
1751 1743 2796 1876 ohne andere hilff geschechen, Doch habe sein fr
1739 1814 2831 1952 solt auch etwas seußenschaffts darvon bsein
1883 1952 1920 1995 d
1632 1950 1704 2064 4
1742 1937 2722 2083 Habe er Nieli Zieli auch umb glyche tyth
1747 2028 2788 2167 in sein spycher gebohrt, doch ein eittzig mahl
1736 2114 2779 2240 Da er by 8 mas dinckel unde 2 mahl abgeg
1748 2181 2830 2319 halt undt das erste mahl biß zu seiner under
1757 2272 2620 2398 tunfft iin zapfen Ingeschlagen haben
1663 2406 1726 2477 5.
1759 2373 2767 2533 Hanß Saali von Hooten undt auch dem
1749 2470 2782 2598 Ruff Vali Gndt Hondicht Copsiger habe er
1761 2531 2778 2670 selbigen winter in ihre spycheit soret aber
1757 2602 2840 2760 nichts bekommen alß by dem Ruff salieinhet
1762 2674 2084 2776 vollen haber.
1663 2777 1726 2885 6.
1740 2762 2850 2939 Bantli Hommets sel verlaßnen von mahlen
1770 2864 2818 3028 seye er auch in keller brochen da ein mahlet
1766 2944 2859 3101 schloß an der thuren gsin, so nit mahl ingeschlagen.
1781 3006 2834 3146 und er mit einer alesen uffthun können
1764 3084 2792 3225 habe daruß ein tübli mit ancken darin by
1778 3170 2780 3298 n oder 12 maß gsin genommen, welches auch in
1778 3216 2802 3378 glychem widter we obiges geschechen mit seyen
1776 3287 2791 3424 den ancken in seiner haußhaltung verbrucht
1788 3343 1980 3442 worden.
