3024 4032
590 516 1119 649 Anna Schindler.
460 668 1405 841 Wylen, dise firnen ein geweßen Joserh
466 762 1402 909 dost er der fleischlichen vermüschung angeklagt
485 831 1400 996 undt er sich diser zulag halb mit dem eint
494 915 1368 1042 pürgieren müßen. Ist sy luth jedels sub
483 975 1367 1104 16. meyen  1676 sn mohlverdienter
483 1046 1403 1171 straff an das halßysen erkendt worden.
586 1527 1111 1670 Lauid Krebs.
438 1693 1348 1820 Disen daud krebs von Wattemmel
494 1788 1384 1911 so da von underschidenlichen diebstahlen mey
493 1842 1375 1943 alhar geführt worden, hat sich anfanß zim
502 1908 1391 2015 sich widerspenstig gestalt und der vun den
480 1977 1394 2086 dergesetzten von Wutttenwyl alher verschickten
485 2043 1369 2144 püerten keines wegs wöllen bekant sein.
491 2111 1384 2210 biß man sich diß orths umb mehreren bricht
490 2168 1387 2282 erhalt undt ihmme seine diebstahl mit mehre
485 2236 1339 2348 ven vmilständen vorhalten können. Da
500 2305 1394 2421 er den uff undershidenliche durch mieghl
489 2368 1362 2483 Groß weibel Willading an ihne gethane
499 2433 1188 2549 fragen volgenden bescheidt geben.
431 2492 1385 2629 daß er namlich zu Wattenwyl in einer
488 2574 1388 2708 Ruti gewerchet undt da es forst 2 stent
481 2646 1415 2752 In der nacht gezeesen habe er sich wegen etwas
484 2709 1381 2840 zugestandenen unpäßigkeit zu Fureenzu
482 2780 1356 2902 antrev stall an die werme begeben,
491 2836 1389 2960 unnd morndrist alß er sich von dannen hin-
472 2902 1330 3027 weg gemacht habe er das geklaeste kalb
463 2968 1383 3106 darumb er jesz fürnemmlich verhafft seye,
488 3035 1416 3181 ersechen solches genommen unnd hernach alhier
474 3101 1320 3251 In der statt umb 40 batzen verkaufft.
467 3166 1369 3289 kein anders kalb habe er nit entmendet.
491 3253 1382 3376 wüße auch gar mit von dem Jo Hanß Grü
492 3323 1369 3440 ing zu Gnaißhauß noch auch von janen
1286 3411 1341 3491 s
2701 391 2782 491 76
1739 500 2779 676 so Peter Nußbaum sollen gestohlen worden.
1760 594 2772 730 ein villweniger noch von den imppen
1763 654 2793 795 s luth hr predianten schrybens underschidenlich
1747 734 2781 891 persohnen verlafren, Obwohlen er nit ab sein
1754 796 2754 943 könne, daß er vorgebner maßen guest ei¬
1756 883 2778 1017 nein seiner creditoren ein imp pfandtsmys
1740 956 2758 1095 dargeschlagen unnd zuglych setzen laßen
1744 1023 2805 1166 Der seye aber sein gsin unnd habe selbigen wahl
1742 1093 2781 1243 henweg geben können, so wohl alß andere die
1758 1159 2796 1302 ei schon vor disem underschidenlichen persohnen
1767 1244 2724 1351 mit namen verhandlet, alß einen dem
1774 1293 2763 1439 Hüßler uff der gumm den anderen der f
1767 1392 2797 1507 In der solznammeren, Den 3ten dem müller
1779 1459 2784 1608 zu Gauggleren, den 4ten dem dem jadore
1770 1529 2790 1666 endt endtlichen auch einen dem Hanß Jagg
1779 1617 2788 1733 von Oberbalm. Daf aber nit uffein
1792 1688 2809 1825 mahl, sonder zu underschidenlichen zythen sundt
1788 1771 2775 1889 sydt etlich jahren daher, wie es ihm sy dan
1788 1845 2653 1978 mit selbigen jederziyth zimlich beglucket.
1721 1934 2794 2063 daß er dan auch wegen geweßen entmendte
1781 2015 2824 2125 pounes hievor seye abgestrafft worden, könne.
1781 2083 2785 2191 er ebenmaßig nit absein, es habe aber Hanß
1796 2142 2751 2262 drffer sel ihmme solches versprochen g san
1792 2197 2818 2319 mit seye harmetwas eußverstandtu
1786 2280 2806 2402 gsi. Die kuch so er erhalte könne er usen sibe
1794 2347 2806 2468 anthenen so er habe ernehren, daer den zuher
1800 2410 2809 2535 nach ganze Erlig heuw samlen könne nebe
1781 2484 2809 2615 dem daß er noch ein halbe juchen erdtrich habe
1773 2563 2180 2679 die er geheumet.
1769 2635 2782 2798 Steffan Megert im grundt habe er zwar
1774 2732 2806 2866 dannestig hunsteffen im holtz genomen
1799 2808 2843 2933 so er aber negmeint seine sein, Wislen er da¬
1817 2882 2495 3003 selbst auch zu zythen gernstet.
1724 2948 2783 3092 Das verkauffte strauw habe en von seinen
1802 3045 2817 3154 rüthenen unnd keines wegs von entwendten
1810 3110 2789 3243 zuendgarben wie man ihn deßen anklagen
1820 3171 1945 3265 wolle
1738 3215 2833 3370 Die geißendt das jitzen sy in seinem stall gefun,
1795 3315 2777 3458 den wordenhabe er von einem gwüßen
2668 3397 2818 3504 Forber
