3024 4032
129 515 259 602 109.
422 559 1360 749 Neuwenburg vor seinem laden hinwwen
469 683 1385 831 genemmen, sonst habe er sich wie jederman
461 755 1292 893 bezeugen werde allzeit ehrlich undt
462 810 797 945 mohl gehalten.
419 924 1330 1064 Ob ein schon diser Christen Schmidt nach
461 1017 1323 1125 Dem dißorths abgangnen befelchn über
458 1084 1324 1200 Dise so einfaltige bekandtnuß zu erste
479 1155 1357 1277 2 mahl nach einander lühre, hernach aber
484 1228 1311 1339 uf sein verharren sy ill mahl mit
465 1288 1332 1407 Den 25tmbr stein uedtendtlichen durch
473 1372 1379 1486 anbindung deß lentnerigen steins mit
369 1445 1363 1571 nach fernerer betreüwet worden, hat er doch
473 1521 1305 1638 gar nichts anders bekennen wollen
485 1592 1399 1729 sonder by erzeigtem mercklichen schnertzen
491 1668 1339 1796 bezeüget, daß er anders nit zebekennen
476 1753 1342 1879 wese, er thuge Ihm dan selbs groblich
479 1822 696 1927 unrecht.
457 1942 1348 2110 Ist also uff mhrren examinatoren gethane.
484 2057 1343 2161 relation, dem 11. augusti. 1676. darn
488 2121 1290 2252 ber erkennt worden. Daßer
472 2205 1319 2339 schmidt zu Mohlerdienter straff
488 2273 1390 2417 mit ruthen ußgeschmeitzt gezeichnet undt
483 2346 1387 2466 von statt undt landt verwinsen werden.
479 2432 1378 2546 solle. Welliches auch den morndrigen
476 2504 1247 2631 tag an ihme erstattet worden.
1615 2959 1708 3081 sich
2628 421 2718 506 105.
1896 516 2649 717 Fenrute De Crausas.
1708 705 2690 887 Dise Tirnen so da Ihr knehliches Kindt
1688 808 2722 940 dem Jhaae halentrouk zu eignen wel
1741 880 2650 1024 len er aber uff sein verharren, daß
2354 959 2427 1004 ser
1753 971 2679 1117 selbiges nit sein seye undt auch gar kein
1752 1030 2709 1178 geeinschafft mit ihre gehabt habe noch
1745 1108 2747 1255 die chorgrichtliche gefangenschafft Ist stehen
1753 1199 2673 1333 vndt endtlichen gar den eidt darumb
1755 1267 2667 1403 thun müßen. Ist wegen diser ihren
1750 1333 2751 1489 feltschen anklag in mahlverdienter straff
1737 1418 2652 1558 Anderm zum ceempee zwo stundt
1756 1508 2735 1650 an des halßysen gestelt worden, alt
1769 1595 2326 1737 2tu septembris 16767
1925 2134 2459 2330 Christer Schmutz.
1727 2313 2695 2488 Diser schmutz ist wegen begangnen e.
1771 2434 2705 2568 Ehebreuchs mit dem eydt von stattsandt
1788 2513 2685 2630 ant verwisen doch ihmme zu rüchtig,
1787 2587 2682 2716 machung seiner sachen biß uff nechsten
1781 2664 2761 2786 Gallentag termin vorgont vnd aber dan¬
1787 2736 2716 2873 neben auch ingescherpft worden, daß
1795 2814 2757 2944 er In wahrendem disem Cxilio, auch
2180 2899 2290 2946 den
1788 2894 2769 3022 vff seinen an Luernerischen grenzen
1795 2961 2771 3107 ligenden allehetten nit uffhalten dörffe,
1792 3057 2711 3196 Wylen selbige harmarths der March
1794 3119 2598 3272 gelegen 8te Septemb 1676.
