3024 4032
131 452 225 520 20
405 527 1367 717 getaungen selbige halbb zoll tieffen und einelen
424 630 1374 782 oben in der hibba oder rügten verwundet.
422 684 1375 832 ist dise munden nicht wie dem zuvor vermeint
417 747 1379 920 oben das zwerchfähl, sonder in deß underen bi
417 817 820 914 cavitet gegangen.
365 894 1379 1051 Datten die �brig jenerlich partlen gedarmn milt
413 961 1371 1109 Magen hert aaber selbsten ober bedachte ver
427 1022 1377 1156 wundung, sind in ihrer natürlichen constitutis
422 1106 1354 1225 beobachtet, ohne da� das netze zimlich versehrt
421 1161 629 1286 gewesen
833 1192 1382 1298 dase 2 gewaltsamme und in
425 1242 1388 1356 die zwen vornembste caviteten alß speit und e
422 1307 1381 1426 bens kammer durchgehende und die läber und bungen
431 1377 1372 1504 tieffberührende wunden sind im unserem sorge
437 1445 1378 1580 bericht den 24. januarii übergeben, pr de periculos
415 1509 1394 1623 geschehet und daß die von tins prognostirte ud
422 1585 1393 1719 gevolgte tumptomata wie solche von tag zu tagab-
437 1656 1378 1767 gentrcket wurden dises oder deß anderen gli
432 1728 1368 1847 des verletzung anzeigen und den todesfahl zu
431 1803 1369 1928 guch verzrgsachen schließen wir daß durch die
438 1877 1381 1990 obere wundenendt volezung das blut hett hüffin
443 1947 1396 2061 müsten ußtrumen nicht können gestelt nocht
447 2007 1372 2124 geführt worden, sonder in der trust sich gesamlet
438 2081 1400 2197 durch seine putrefaction eine inflamation fiele
446 2157 1394 2267 schlafflosigkeit verwierung, kurtzen schwaren
430 2221 1389 2317 athem betrangung undt brennung in dem rug
449 2293 1386 2409 gen, Hitteren deß hertzens und der glider endtlich
443 2363 1383 2481 einen tödtlichen coporen oder schlaffsucht un versachet
389 2427 1396 2565 I glychem sird sise gedachte zufahl, durch die inder
437 2525 1405 2626 verwundung und läber verlezung mehr befurderet,
437 2590 1405 2687 Dennentero am 30. tag jan und 1. febr ein gro�e
433 2645 1360 2762 geantitet deß geblürts mit wroluost der läbens
446 2721 1393 2841 torfftenlriffig herauß gefloßen und das uff eit
434 2789 1390 2907 oder andere gewaltsamme verwundung die sewan
449 2854 1363 2987 von deß lebens nothmendig gevolget, welches
431 2930 944 3055 von den 3ten febr 1697.
508 3002 1307 3141 Hochgeachter hochgeb hen oberkeit.
446 3068 970 3202 underthengt berichten
654 3150 1342 3260 Martinus Keydanns mnd gott et.
720 3228 1345 3335 Facultatis Buscheus assessor.
624 3253 1127 3384 Salom König. Mad.
623 3337 1126 3447 sigmund Homi mad
606 3398 1099 3508 Albrecht Bangenkonn.
605 3456 843 3533 N Eeher
598 3502 1161 3618 Joh Jacob Mentzinger
2594 435 2666 521 1
1795 525 2150 670 landtag.
1691 617 2519 774 so den 20. februarii 1677 wegen
1762 682 2493 832 nechstvorstehenden bendicht gfel
1800 760 2363 895 lers gehalten worden.
1641 884 2692 1044 ach demme mahl schuldtheiß Früsching
1710 965 2626 1107 neben anderen gebruchten formaliteten
1725 1046 2637 1186 wie umbstendtlicher uß der form der
1717 1118 2662 1261 andttagen uesechen) uff den 2ten auff
1720 1179 2722 1319 so der hneibel gethan (ob namlich jemandt
1706 1257 2722 1411 das rechtbruchen melle) von seinem rich
1721 1331 2670 1489 verstuhl uffgestanden und den bletstab
1707 1421 2712 1543 In abesenzeit mal schuldth von Erlachs
1712 1488 2700 1648 dem teütschen herrn sestemherren samnel Fischer
1721 1560 2700 1727 übergeben, darüber auch der beklagte in
1725 1659 2714 1779 den rig getretten und nach seinem begehre
1713 1726 2714 1860 Den herren rathsh sameel enmer zum Für
1735 1810 2678 1931 prechen erhalten vermitelst welches in
1724 1874 2717 1977 vormort ermit erthel unnd recht seiner
1744 1955 2760 2062 bardenentrediget worden. Hat herren welte
1746 2029 2715 2150 seckelmr Wurstemberger alß mahen sch
1738 2104 2679 2205 Früschms Fursprech die klag wider
1735 2163 2712 2272 den thäter Hondif Gfeller volgenden
1744 2233 2142 2358 gestulten geführt.
2413 2244 2723 2338 Diewȳlen
1725 2273 2740 2408 deß abgelybren Damel senckis sel frund
1748 2372 2726 2483 unnd vertrandte die rach deß an ihmme
1740 2443 2668 2559 benanrnen todtschlagf mahen In dha
1743 2507 2732 2627 oberkeitliche hund abergeben undt dari
1766 2575 2734 2706 ber das gewohnte landtundtblut geen.
1767 2644 2765 2748 r�cht uffh�tigen tag angestelt auch dem
1758 2711 2685 2828 beklagten gethäter mit erthel undt
1751 2788 2707 2916 recht bereits herfür gerüfft worden.
1748 2857 2733 2967 undt derselbe darüber gegetretten kicht
1766 2925 2767 3059 seiner banden entlediget gegenweren ist
1743 2994 2741 3127 Das was rechtlich wider ihne zeklagen
1763 3069 2739 3188 anselggen undt darüber mit bscheidt und
1773 3134 2764 3262 antmort ze begegnen sostehet meingeaen
1780 3208 2689 3329 diger heren tuhothi, dazugegen alß das
1740 3276 2755 3386 haupe des statt unde von der stattwegen
1769 3342 2740 3461 vndt befilcht mir In seinem Namen dise
2586 3429 2771 3512 heitere
