3024 4032
69 385 213 480 186
467 579 1122 722 Iusanna Steier.
307 748 1332 938 Dise Susanna Steiner(sonst deß allie
387 838 1337 1037 In mahl merek sich befondenden manrers
398 904 1336 1102 oder pflaster rehrers ehewyb) so sich auch
405 970 1324 1131 gelusten laßen der frauw unselmen
404 1055 1338 1235 ster zechenderm neben einem kupfer
412 1126 1361 1302 nen handtbecki so herre reprecht dem zuker
404 1178 1336 1344 ber umb ab b verkaufft worden, noch
401 1260 1353 1432 3 lb wullen uß ihrem garten by nacht
410 1356 1282 1501 licher wyll ventwonden. ist wegen
400 1426 1340 1573 disers diebstahls, ist sonderer conuseru
429 1514 1324 1630 tion Ihres by sich habenden noch unerzo¬
413 1575 1345 1712 gern kleinen kindlins und daß sy ihn
431 1659 1330 1781 wem furgeben nach noch schwangeren
422 1724 1365 1850 lubs ist vermagen deß doths abgangnen
428 1804 1323 1915 Fedels sub 6 octobris 1677 2 stind
415 1872 1319 1999 Ins Gullfüßli erkendt worden.
419 1949 1357 2076 Wetliche straff sy auch selbig tangt
853 2035 1366 2157 neben ersazung des
431 2027 724 2150 gestanden.
415 2105 887 2243 entwendt
550 2602 1116 2732 Jacob Sipomeitz
428 2758 1362 2896 Diser mr Jacob Schoweit der stein
419 2854 1369 2979 haumer welcher obegeacht villen remon
435 2922 1395 3037 strantzen die ihmme schon sievor geben eren
412 2979 1380 3105 den, daß er sein meltsche frauw nit mehr
435 3048 1359 3179 so schandtlich tructieren solle. Ist uff ihr
430 3105 1392 3227 der fraumen abermahliges klagen, daß sy
436 3178 1368 3298 glüchsam ihres lebenz nit sich er seye dem
436 3229 1391 3361 10 octobris 1677 mit dem eidt von statt
434 3303 1382 3406 unnd landt verwisen, ihmme auch darnebe
441 3362 1396 3475 insinmret worden, daß er vor zweyen jahren
2594 386 2692 486 187.
1677 483 2700 692 sich umb einiche gnad nit anmelden solle.
1657 569 2672 760 hat aber zu knftigmachung seiner selbs
1664 632 2664 837 eigee sachen 14 tag termin erhalten.
1887 1028 2371 1184 Jacob Schinck.
1679 1181 2717 1378 zu olg Mash abgangnen befelchs ist den
1723 1278 2709 1414 n decembris 1677 diser wegen diebstählen
1707 1330 2689 1472 Inverhafft gezogne gibser bub Jagen Scheeck
1715 1396 2709 1521 von ohngferd 18 tahren seines alters durch
1710 1455 2738 1593 mhrren rathshrren Bungeli unnd jnnckogroßigei
1726 1517 2728 1626 bel von Mattenwyll in by sein iaboßpfen
1714 1577 2719 1710 eiger steigers in der oberen gefangenschafft
1720 1644 2751 1743 ernstlich examiniert worden, welcher über alleß
1715 1698 2721 1811 zusprechen anfangs gar nichts anders beknnen
1720 1764 2727 1861 wollen alß daß er swie er schon hievor freüwil
1743 1836 2748 1941 ig bekent  mhrren rathsherren tscharner ein zwyfache
1732 1879 2695 1986 sublonen vnnd noch ein halbe dublenen in
1729 1947 2693 2058 specie entwendet, doch habe er diß gelt nit
1737 2004 2687 2122 uff dem Tisshinweg genommen mierr vor
1740 2070 2739 2178 diem andëtet, sider habe es uß einem spar-
1741 2124 2715 2241 haffen der im buffet der großen stuben
1753 2192 2748 2303 seye nermitelst eines meßers melches er hinei
1744 2258 2325 2366 gesteckt heofer gebracht.
1747 2301 2768 2418 Was aber das gelt betreffe sr jr lvogst Samnes
1751 2390 2745 2481 5. Matterwyll klage, darvon wüße er gar nichts
1723 2437 2736 2557 das gelt so er herren stettlers küger fürgestreckt,
1765 2502 2706 2591 und hernach wnderumb von ihmme bezogen
1753 2548 2743 2642 welches in 20 t bestanden, das habe er hin und
1760 2620 2745 2701 wider mit seilen verbrucht und habe selbiges
1774 2684 2766 2789 uvor mit seiner arbeit erworben Mier
1750 2739 2771 2854 dan under anderem mhrr examinatoren selbste
1768 2802 2753 2914 1at 13 hg herren Tuninger Greyner 9 d m
1772 2872 2772 2974 rathshr steiger 3 l und der so von Graffen
1784 2931 2788 3036 wirdt by der Mägmühli usten 1l 15 l abverdint
1775 2993 2788 3070 habe. Wohl molle er bekant sein, das er dem
1781 3051 2674 3151 alten herren pitahlmr Knecht alß er ihme i
1771 3108 2747 3212 krnmaderen gearbeitet, mit hilff seines
1790 3178 2744 3269 Mat Johan Lundgd Heidarch dem mahler kon
1786 3229 2768 3338 Muri nachts uff der Onnisbrugg ziegel und
1800 3280 2781 3385 schintlen hinweg genomen, da under anderem
1801 3349 2765 3452 er der bubselbs e wrdenen hinwey getragen
2647 3424 2751 3515 Iff
