3024 4032
252 455 347 537 48.
533 540 1483 722 Spyser gebrochten, da er jedenwyl schultmaht
551 635 1433 766 gestanden und der ander daselbsten emas
557 703 1472 834 Marchs undt auch etwas menig kncken aber
554 776 1478 914 vill späct, stemem blauw vnndt brumper
527 853 1466 986 hosen auch anders mehrheguß gebracht sol
551 924 1429 1057 Des hernach bald hie bald im Weltsch landt
554 997 1453 1147 verkaufft, vnnd habe sein gespan anetlichen
559 1081 1448 1212 orthen in offnung derglicher spücheren sich
563 1165 1453 1286 eines kaumen schlüßels an anderen dan
558 1236 1447 1364 eines haagen zangen undt auch borers ge
556 1304 926 1413 braucht. 2.
985 1310 1400 1437 so habe diser sein
551 1387 1431 1519 gespan an einem orth im Fryburg pieff
553 1456 1435 1577 genent Krachhaldt auch ingebrochen und
561 1529 1430 1651 erben einer kas gar vill tuch bekommen.
554 1615 1445 1736 also daß er Christen ihmme angemuhtet, 500
557 1700 1459 1820 Ellen darvon ze geben, welches er aber nit habe
551 1767 1445 1893 thun wollen undt gesagt es möge nit so vil
556 1840 742 1945 eeleen.
1168 1851 1393 1967 habesein
925 1874 1014 1946 30
553 1900 1412 2057 gespan noch ferners vog 2 oder 3 jahren
554 2003 1406 2132 an einem path harwarts averi, Inbrach
548 2074 1420 2206 unnd 4 kaser bekommen, die er Christen
530 2149 1429 2298 ihmme geholffen Heinrich tragen, auch her
563 2232 1441 2371 nach da sy verkaufft worden für sein an
548 2296 1415 2432 thull ngt mehr alß ein cronen bekommen.
506 2392 1391 2546 4. Seyeer Christen das erste mahl, daß
542 2484 1406 2637 er zu disergespan kundtsamme gemacht,
539 2535 1402 2700 mit ihmme von ivrs nach Blonag gangen
525 2632 1430 2782 Da er gesechen, daß er in einem geweßen
524 2694 1453 2862 hauß kisenfleish unnd etwas antech g
532 2767 1421 2943 so er ihm geholffen nach vron tragen und
542 2840 1447 2993 seyen sy sydt dem Aillmerger krieg garvil
532 2916 1379 3085 mit einanderen hin unnd hey gewandlet sich
532 3015 1398 3149 auch mehrteils by solotag vnnd Chastel, s.
515 3083 1410 3267 Denis zezogen unnd habe er Christen für sich
531 3147 1402 3326 selbs an disen beiden letst genanten orthen
538 3223 1420 3398 et was Molcens unnd spys aber wisters nit
1197 3367 1405 3497 gestahlen.
1770 1339 1837 1436 5
2784 299 2890 401 49
1833 452 2844 664 gestohlen. Sein gespan habe auch sy vill
1830 537 2873 720 ihme Christen in weßen dise stückli und
1831 624 2861 793 dm hrüburg prott gebrucht undt jederwylen
1832 697 2897 883 gesagt, er melle in mahln gepiet gar eitert
1827 799 2838 949 wanden, habe sich doch alßer obenhalb der
1832 868 2835 1018 Keybrechen an hrren gautiers sel mafften
1831 938 2865 1110 zuhogen unnd ein frauw nachen gführt, so
1840 1037 2884 1190 sonst schon ihr mann habe. Dises frauwen
1830 1098 2853 1271 mann aber suche hingegen auch zm landt
1836 1210 2712 1308 herumb mit einer anderen cwern.
1867 1272 2874 1434 Habe er mit unnd gieben seinem gespan by
1818 1360 2880 1506 Rechthalden uß einem spischer 15 1 rysten
1837 1439 2778 1585 genommen unnd selbige fischer getragen.
1819 1531 2812 1660 gegen dem Garyergerlandt in einer
1837 1625 2385 1762 Mahli 30 lb kyßen.
1797 1705 2880 1875 7. In oron habind y einer witgen ff käsen
1839 1802 2867 1935 verkaufft, die ihnen umb das pfundt  e.
1840 1873 2877 2009 unndt darzu etwas wyrs geben dise kaser
1844 1964 2881 2106 aber habe sein gespan by Remond genomen,
1834 2036 2619 2177 unnd seye er auch darby gsin.
1768 2132 1833 2241 8
1859 2144 2889 2282 verschinnen sommer seye sein gespan by kiniz
1829 2216 2878 2338 umb mitternacht zu ein geweßen keller
1847 2290 2858 2434 hndenzechen dem hauß seye gebrochen
1845 2374 2881 2510 unnd habe ein stuck andten daruß genomen
1823 2459 2593 2585 da er Chreisten auch zugesechen
1770 2530 2848 2683 9. Im dorst Isten habind sy uß einem hauß
1835 2620 2881 2759 so allemn stande auch ein stoht austen genom¬
1844 2703 1968 2766 en
1777 2779 1829 2844 10
1858 2743 2885 2900 zu Ria Im Kyburg prett habe sein gespann
1853 2829 2831 2976 auch inbrochen und uß seinem spycher tlich
1846 2899 2840 3035 unnd anders genomen, so ihme nit alleß
1838 2979 2867 3128 In weßen einmahl habe es ihn voreßen
1823 3046 2713 3201 dunckt, daß er über ein trog gebrochen.
1783 3119 2850 3281 i. By einer cappellen da mann nach Freyburg
1858 3213 2810 3348 gath habe sein gespan auch nächtlicher wyll
1865 3294 2846 3427 von einem spycher am magstehend, das schloß
2641 3397 2847 3519 abgebrochn
