3024 4032
58 335 184 423 208.
520 445 1280 681 Cabitt vnd Sadle ind
549 565 1273 768 und pagres ovet femm de Jaguis
598 641 769 721 Gand.
263 746 1348 975 Dise drey wybpersohnen, so samentlich von
405 866 1337 1032 Gnrwolff by Murten (darvon auch die
406 923 1363 1131 Imo ersteren schon hievor wegen ihres schrhte
413 993 1361 1185 labwesens bannisiert worden, sich aber alß
416 1069 1342 1232 ein unnützes gesindlin ohne einiche erlaub
412 1147 1328 1284 nuß widerumb inder land begeben) sind
419 1200 1360 1391 uff ansognet gmeind gethanes erklagen, deß
418 1269 1365 1440 sy ein gar unlüsch und gottloss leben fehen,
419 1357 1323 1483 von mahl mediat und tmediat Londer
421 1423 1087 1549 eidtlich verwisen worden.
1171 1479 1361 1593 30 Mayi
449 1508 642 1630 1678
501 2332 992 2477 Mladle Haub.
387 2504 1378 2652 ach demme dise vrbspersohn, so verncht
419 2602 1391 2714 hievor zesechen, erst vor etlich wuchen vern
458 2635 1402 2792 schlechten vverhaltens sampt ihren schmesteren
441 2725 1358 2844 mit dem eidt verwisen worden) Isten
440 2786 1420 2914 Eldt vbersethen vnnd darneben einem gewusen
441 2831 1392 2989 prerre Willarmin unschuldiger uns ein kind
447 2913 1402 3062 zueignen wellen, ist selbige zu mohlverdien
460 2980 1378 3114 der straff anderen nun exempel 2 stund
441 3051 1354 3195 an das halßysen gestelt unnd über diß uff
446 3096 1404 3264 ein früsches dnrch die proffosen an die grentzen
455 3178 1392 3328 geführt worden, mit dem betrunnen, daß mo
450 3260 1363 3384 man sy in mah meyrat und immediat landen
452 3301 1429 3423 oder gepieten mehr betretten thünen worde sy alße
459 3362 1431 3499 ohn halle gnad vom leben zum todt uingerichtet werden.
453 3465 976 3579 beschechen den 3ten julii 1678
1506 1319 1690 1419 In Gost
2562 364 2674 462 209
1748 522 2188 731 Hanß Senlit.
1647 693 2668 918 Diser genillat, so da nach langwyrigem wöll
1705 790 2656 957 und deß orths ergangenen underschidenlichen
1702 842 2686 1018 erkandtnußen, darin er stäts am unrechten
1706 934 2626 1095 befunden worden keines jeegs gefirmen
1703 990 2684 1150 wellen, sondern uber alle vortergangene mar-
1704 1055 2627 1227 nungen, sein gegenpart srat ludt mey
1698 1117 2651 1271 den alten vogt von Nidauin, nochmahlen
1709 1171 2673 1322 an ehren gemeint und offentlich geredt, daß
1715 1243 2679 1397 er das janige besitze, darzu er kein recht habe.
1713 1325 2606 1465 Ist wegen disen seinen ungerimbten end
1722 1378 2660 1553 unbscheidern reden mit dem eidt von statt
1713 1468 2713 1602 undt landt verwisen undt durch die proffosen
1719 1536 2605 1664 an die grentzen geführt worden. Sol
1706 1635 2418 1781 beschechen den 6ten julii 1678.
1880 2170 2377 2300 Anna Steiner.
1698 2380 2572 2508 Den 15.ten julii 1678 ist dise Anna
1741 2438 2650 2571 Steiner von Schwartzenbege wegen 2t
1741 2522 2670 2640 Ehebrucht von Mysli mediat und Inmediat
1749 2597 2538 2719 landen endtlich verwisen worden.
