3024 4032
105 437 224 547 124
436 532 1373 762 ervolget zu verantworten unnd zuem
448 648 1385 838 schuldigen, sondern lasst hiemit an disem
445 736 1370 906 darumb versambliten blutaricht wen
448 807 1383 971 ters anzeigen, es seyen die gndersohn
454 901 1359 1053 alß der grund derselben ingesetzten
443 952 1358 1125 ambstend de� fnrtuchens oder vorfür
424 1034 1372 1193 lauffens unnd uff ihre Martens n
441 1130 1386 1293 auch de� Jornigen eiths by diser hergen
446 1199 1382 1362 genheit nit zefinden undt noch villr
453 1275 1398 1438 eigen seye die beganger that für einert
445 1355 1380 1526 schuldigende noth wehr ze rechnen, wylen
434 1441 1387 1594 der gethater gfeller nur mit einem
461 1528 1398 1685 bloßen handtstreich angegriffen worden.
443 1616 1361 1758 deßenthalb er in keiner gefahr seines
467 1703 1396 1831 lebens gestanden unnd seinen leib mel
462 1779 1394 1910 sonsten hatte in sicherheit sezen förme
452 1875 1365 1996 Dasero undt wyler er ohne tragende
485 1947 1381 2068 gnugsamme ursach mit einem erster
461 2009 1392 2097 alß verpottenem wehr den anderen
446 2079 1357 2185 vorsetzlich vrgundt undt dardurch
455 2156 1395 2243 ihne seines lebens beraubet, hiemit ein
479 2224 1408 2349 unerandtwortlichen todtschlag begangen.
473 2306 1355 2386 under das gesatz gottes laod 20 du
474 2368 1369 2490 solt nit toden undt laod  d 1.
481 2446 1362 2570 mer einen mentschen schlegt, daß er
476 2513 1396 2633 stirbt der soll wß todts sterben unnd
473 2586 1386 2726 v 19. und mer seinen nechten verlezt
451 2676 1383 2794 dem soll man ihun wie er gethan hat.
479 2741 1399 2874 nders v 21 wer ein eych schlegt der soll
476 2823 1384 2923 bezahlen, wer aber einen mentschen
476 2880 1369 3006 erschlegt der soll sterben, so schlie�e er
469 2958 1417 3091 der herren kleger dahin, daß von solchen be
472 3035 1397 3139 gangnen einerandtwortlichen todt.
492 3092 1397 3216 schlagswegen unnd zu verdienter ab
478 3158 1396 3288 straffung deßelben der gehater an
473 3236 1419 3369 disem offenen blutgericht mit iatheil
389 3322 1309 3430 alß der schon wideruffgestanden gen
444 3378 1413 3519 wesen und die meßstich stesind gegeben undt
2621 445 2697 515 125
1716 544 2665 715 unnd recht zu der verdienten lebens
1731 626 2718 791 straff vervothillet werden unnd sein.
1727 699 2708 866 gut der statt verfallen sein sölle undt
1717 787 2433 942 das setze er auch zum rechten
1682 884 2727 1045 der beclagte gethäter iuplicierte haruff
1714 974 2671 1128 durch der das seinen zursprechen es
1740 1038 2702 1166 komund die umbständ, dest Nom abge¬
1745 1115 2649 1245 leibten vortßen deß mirthshaußes
1747 1186 2694 1330 empfangenen streichs wohl für das ge
1737 1251 2704 1397 halten werden., Was deß uffmartens
1743 1331 2741 1479 unnd toreigen muthshalb in der satzung
1757 1397 2694 1543 tehet. Dann wylen er gfeller bedacht
1737 1481 2718 1630 gse dort biweg nach Hanß Iugehen und
1740 1569 2695 1692 dem anderen norkßen stehend weder
1749 1630 2703 1772 leidts gethan noch sonst anlaß geben
1735 1706 2691 1841 Ja ihne nur nit gekent aber wohl
1731 1782 2673 1917 der stuck ihne gfeller wie er selbs
1760 1859 2740 1988 Im seiner eidtlichen ußag bekendt, so seye
1761 1943 2706 2087 heiter gnng ze schließen, daß der ihmme
1763 2009 2719 2138 ennegsechens gegebene handtstreich vff¬
1757 2099 2669 2219 Wartend unnd in toreiem muth
1801 2163 2753 2304 anderst hette ers angeschlagen gelaßen.
1773 2245 2716 2371 beschehen, daß er dan auch den abge-
1773 2316 2708 2444 leibten umbs leben zebringen weder
1780 2389 2760 2533 vorsatz nochwillen gehabt, seye gnngsamm
1789 2475 2730 2601 abzenemen Aß deme daß er denselben
1777 2538 2726 2668 nachdem er ihne uber den ersten an¬
1783 2611 2723 2755 auff durch nachlauffen wreület nit
1784 2689 2769 2819 Wyrers mit dem meßer beschädiget und
1788 2766 2760 2893 nur mit ensten sich an ihmme gerocheen
1775 2840 2730 2968 daß er aber aber den ersten angrift sich
1790 2909 2773 3042 mit dem meßer gegrehrt, seye darumb
1792 2992 2779 3110 beschechen wylen an eermeint erseyn von
1800 3054 2791 3186 dem oder denen widerumb angegriffen
1805 3127 2722 3245 von welchener zuvor, da er nach bim
1805 3200 2752 3324 tisch gesaßen durch das wüfferli bim
1778 3264 2737 3398 gaar erteütscht undt daßelbe ihmme für
2625 3359 2816 3482 pfensten
