<?xml version="1.0" encoding="UTF-8" standalone="yes"?>
<PcGts xmlns="http://schema.primaresearch.org/PAGE/gts/pagecontent/2013-07-15" xmlns:xsi="http://www.w3.org/2001/XMLSchema-instance" xsi:schemaLocation="http://schema.primaresearch.org/PAGE/gts/pagecontent/2013-07-15 http://schema.primaresearch.org/PAGE/gts/pagecontent/2013-07-15/pagecontent.xsd">
    <Metadata>
        <Creator>prov=University of Rostock/Institute of Mathematics/CITlab|PLANET AI GmbH/Gundram Leifert/gundram.leifert@planet-ai.de:name=German_Kurrent_XVI-XVIII_M1(htr_id=19584)::::v=2.6.7
prov=University of Rostock/Institute of Mathematics/CITlab|PLANET AI GmbH/Tobias Gruening/tobias.gruening@planet-ai.de:name=de.uros.citlab.module.baseline2polygon.B2PSeamMultiOriented:v=2.6.7
prov=University of Rostock/Institute of Mathematics/CITlab|PLANET AI GmbH/Tobias Gruening/tobias.gruening@planet-ai.de:name=/net_tf/LA73_249_0mod360.pb:de.uros.citlab.segmentation.CITlab_LA_ML:v=2.6.7
Transkribus</Creator>
        <Created>2021-03-11T12:12:39.067+01:00</Created>
        <LastChange>2022-09-12T14:59:14.682+02:00</LastChange>
        <TranskribusMetadata docId="1334838" pageId="52362042" pageNr="103" tsid="114643835" status="IN_PROGRESS" userId="9570" imgUrl="https://files.transkribus.eu/Get?id=FDFIEWPDGJIGCWLMWESSFBRN&amp;fileType=view" xmlUrl="https://files.transkribus.eu/Get?id=ESWDZWBBQAJQHEVZMUKSDFLZ" imageId="19032971"/>
    </Metadata>
    <Page imageFilename="B_IX_483_Seite_103.jpg" imageWidth="3024" imageHeight="4032">
        <ReadingOrder>
            <OrderedGroup id="ro_1687513692291" caption="Regions reading order">
                <RegionRefIndexed index="0" regionRef="r1"/>
                <RegionRefIndexed index="1" regionRef="r2"/>
                <RegionRefIndexed index="2" regionRef="r3"/>
            </OrderedGroup>
        </ReadingOrder>
        <TextRegion orientation="0.0" id="r1" custom="readingOrder {index:0;}">
            <Coords points="110,362 110,517 219,517 219,362"/>
            <TextLine id="r1l1" custom="readingOrder {index:0;}">
                <Coords points="103,507 125,507 132,502 141,510 153,512 168,499 224,486 226,425 206,419 167,426 146,415 137,422 106,405"/>
                <Baseline points="110,462 137,467 164,467 191,467 219,467"/>
                <TextEquiv>
                    <Unicode>198</Unicode>
                </TextEquiv>
            </TextLine>
            <TextEquiv>
                <Unicode>198</Unicode>
            </TextEquiv>
        </TextRegion>
        <TextRegion orientation="0.0" id="r2" custom="readingOrder {index:1;}">
            <Coords points="459,627 459,3465 1434,3465 1434,627"/>
            <TextLine id="r2l1" custom="readingOrder {index:0;} place {offset:28; length:5;}">
                <Coords points="461,663 649,655 722,704 892,677 996,719 1103,699 1359,781 1374,737 1256,648 1133,664 1072,625 952,634 798,586 720,608 683,574 548,619 467,608"/>
                <Baseline points="468,651 512,654 557,657 602,660 647,662 692,664 736,666 781,669 826,671 871,674 916,678 960,681 1005,687 1050,694 1095,701 1140,708 1184,718 1229,728 1274,742 1319,756 1364,771"/>
                <TextEquiv>
                    <Unicode>mohne jetz uff dem hubel zu Geenn</Unicode>
                </TextEquiv>
            </TextLine>
            <TextLine id="r2l2" custom="readingOrder {index:1;}">
                <Coords points="479,726 544,713 636,747 676,720 814,723 903,766 940,736 1121,748 1261,815 1338,808 1299,746 1267,770 1072,700 992,718 896,676 722,704 649,655 606,682 548,655 482,690"/>
                <Baseline points="486,708 528,711 570,715 612,717 655,718 697,720 739,722 781,723 824,725 866,727 908,729 950,733 993,737 1035,741 1077,747 1119,754 1162,763 1204,772 1246,783 1288,797 1331,812"/>
                <TextEquiv>
                    <Unicode>end seye aber diß noch ein geweßer</Unicode>
                </TextEquiv>
            </TextLine>
            <TextLine id="r2l3" custom="readingOrder {index:2;} person {offset:0; length:10;} place {offset:15; length:6;}">
                <Coords points="481,793 919,781 969,826 1131,809 1302,846 1331,880 1345,812 1226,810 1122,749 939,736 884,765 813,723 713,750 675,721 636,747 488,721"/>
                <Baseline points="489,764 531,766 573,769 615,771 658,773 700,774 742,776 784,777 827,779 869,782 911,783 953,786 996,790 1038,795 1080,799 1122,806 1165,815 1207,825 1249,834 1291,847 1334,861"/>
                <TextEquiv>
                    <Unicode>Hanß Gonti vor Pichen und ein schu</Unicode>
                </TextEquiv>
            </TextLine>
            <TextLine id="r2l4" custom="readingOrder {index:3;} place {offset:10; length:14;}">
                <Coords points="484,827 753,824 880,881 984,889 1040,852 1106,857 1352,924 1368,886 1340,898 1293,845 1139,841 1113,811 966,825 918,782 858,813 787,773 727,812 630,772 569,803 488,791"/>
                <Baseline points="492,813 535,817 578,822 621,824 665,827 708,828 751,831 795,832 838,834 881,837 925,839 968,842 1011,846 1054,851 1098,857 1141,864 1184,872 1228,881 1271,892 1314,904 1358,920"/>
                <TextEquiv>
                    <Unicode>macher in dersteingruben die schauch</Unicode>
                </TextEquiv>
            </TextLine>
            <TextLine id="r2l5" custom="readingOrder {index:4;}">
                <Coords points="461,889 516,916 646,881 859,892 978,944 1104,919 1217,969 1251,947 1286,985 1347,960 1330,909 1251,924 1037,850 988,876 903,830 819,873 699,828 466,832"/>
                <Baseline points="468,878 511,881 555,882 598,884 642,885 686,887 729,888 773,890 816,891 860,893 904,896 947,899 991,901 1034,906 1078,911 1122,918 1165,924 1209,933 1252,942 1296,953 1340,966"/>
                <TextEquiv>
                    <Unicode>deß hauzens annmend. sonst seye ihm</Unicode>
                </TextEquiv>
            </TextLine>
            <TextLine id="r2l6" custom="readingOrder {index:5;}">
                <Coords points="476,946 524,964 558,936 617,981 676,945 709,976 954,951 1382,1040 1354,968 1285,985 1254,950 1221,971 1097,919 481,891"/>
                <Baseline points="483,933 527,936 572,938 617,941 661,942 706,944 751,945 795,947 840,948 885,950 930,953 974,955 1019,959 1064,964 1108,968 1153,975 1198,982 1242,990 1287,1001 1332,1012 1377,1025"/>
                <TextEquiv>
                    <Unicode>diß orths gar nüt wyters in müßenk</Unicode>
                </TextEquiv>
            </TextLine>
            <TextLine id="r2l7" custom="readingOrder {index:6;}">
                <Coords points="476,996 870,1008 934,1046 1017,1012 1112,1022 1338,1091 1373,1082 1377,1036 1154,984 1024,996 959,952 856,987 763,959 713,977 679,946 617,981 585,953 479,961"/>
                <Baseline points="483,987 527,991 571,994 615,996 659,998 704,999 748,1001 792,1002 836,1004 880,1005 925,1008 969,1010 1013,1014 1057,1017 1101,1022 1146,1028 1190,1034 1234,1042 1278,1052 1322,1061 1367,1074"/>
                <TextEquiv>
                    <Unicode>auch anders nit bekennen war man ihm</Unicode>
                </TextEquiv>
            </TextLine>
            <TextLine id="r2l8" custom="readingOrder {index:7;}">
                <Coords points="472,1084 594,1099 704,1054 769,1103 929,1067 1359,1132 1376,1087 1300,1089 1191,1038 1083,1054 1017,1013 929,1050 853,1008 476,1025"/>
                <Baseline points="480,1053 524,1055 568,1056 613,1058 657,1058 702,1059 746,1061 790,1062 835,1064 879,1065 924,1067 968,1070 1012,1072 1057,1076 1101,1079 1146,1084 1190,1089 1234,1096 1279,1101 1323,1110 1368,1119"/>
                <TextEquiv>
                    <Unicode>on glych wie sein vattermarteren und</Unicode>
                </TextEquiv>
            </TextLine>
            <TextLine id="r2l9" custom="readingOrder {index:8;}">
                <Coords points="477,1143 504,1164 570,1162 620,1126 758,1119 785,1141 835,1132 862,1144 879,1141 880,1106 831,1091 767,1102 701,1058 595,1100 562,1084 543,1099 478,1085"/>
                <Baseline points="483,1115 509,1116 535,1116 561,1116 587,1118 613,1118 639,1118 665,1118 691,1118 717,1118 743,1119 769,1119 795,1121 821,1122 847,1124 873,1127"/>
                <TextEquiv>
                    <Unicode>pingen wurde.</Unicode>
                </TextEquiv>
            </TextLine>
            <TextLine id="r2l10" custom="readingOrder {index:9;}">
                <Coords points="453,1271 880,1271 948,1306 1037,1276 1164,1307 1244,1280 1304,1331 1343,1305 1388,1339 1392,1257 1285,1227 1129,1251 1022,1183 862,1227 650,1162 560,1228 513,1186 456,1192"/>
                <Baseline points="459,1253 505,1257 551,1260 597,1262 643,1263 690,1265 736,1265 782,1266 828,1266 874,1266 921,1268 967,1268 1013,1270 1059,1272 1105,1275 1152,1278 1198,1282 1244,1288 1290,1295 1336,1304 1383,1314"/>
                <TextEquiv>
                    <Unicode>Den 9. tan februarii sind durch mll Hun</Unicode>
                </TextEquiv>
            </TextLine>
            <TextLine id="r2l11" custom="readingOrder {index:10;}">
                <Coords points="451,1348 523,1321 567,1352 822,1322 917,1372 1054,1329 1374,1377 1342,1310 1303,1331 1252,1281 1186,1322 698,1259 652,1292 510,1255 454,1271"/>
                <Baseline points="459,1320 504,1323 549,1324 595,1325 640,1326 686,1326 731,1326 777,1328 822,1328 868,1328 913,1329 958,1329 1004,1331 1049,1332 1095,1335 1140,1337 1186,1341 1231,1344 1277,1350 1322,1356 1368,1362"/>
                <TextEquiv>
                    <Unicode>hot im keffi htern examiniert worden.</Unicode>
                </TextEquiv>
            </TextLine>
            <TextLine id="r2l12" custom="readingOrder {index:11;}">
                <Coords points="479,1398 515,1424 616,1385 767,1390 804,1422 856,1385 1168,1395 1333,1434 1374,1418 1375,1378 1243,1339 1167,1380 1089,1337 1046,1373 959,1376 737,1324 656,1370 542,1330 480,1353"/>
                <Baseline points="486,1382 530,1385 574,1387 618,1388 662,1389 706,1391 750,1391 794,1391 838,1390 882,1389 927,1389 971,1389 1015,1391 1059,1391 1103,1392 1147,1395 1191,1398 1235,1401 1279,1406 1323,1412 1368,1419"/>
                <TextEquiv>
                    <Unicode>obigen hendlist Aienabs 2 elteste sohn</Unicode>
                </TextEquiv>
            </TextLine>
            <TextLine id="r2l13" custom="readingOrder {index:12;} person {offset:10; length:12;}">
                <Coords points="476,1477 567,1439 769,1451 818,1483 941,1445 1370,1484 1371,1422 1241,1438 1206,1408 1085,1434 948,1388 804,1427 757,1388 478,1411"/>
                <Baseline points="483,1442 527,1444 571,1447 615,1448 659,1449 703,1449 747,1449 791,1449 835,1449 879,1449 923,1449 967,1449 1011,1449 1055,1451 1099,1451 1143,1454 1187,1455 1231,1459 1275,1463 1319,1469 1364,1476"/>
                <TextEquiv>
                    <Unicode>zans unnd Hent Rigenal. da dan der</Unicode>
                </TextEquiv>
            </TextLine>
            <TextLine id="r2l14" custom="readingOrder {index:13;}">
                <Coords points="485,1510 675,1506 739,1553 803,1511 904,1508 1060,1557 1290,1517 1386,1544 1356,1483 1220,1491 1153,1461 941,1445 898,1484 811,1487 768,1451 640,1478 568,1440 487,1467"/>
                <Baseline points="492,1503 536,1505 580,1508 625,1508 669,1509 714,1509 758,1509 802,1509 847,1509 891,1509 936,1510 980,1511 1024,1511 1069,1512 1113,1514 1158,1515 1202,1518 1246,1521 1291,1525 1335,1529 1380,1535"/>
                <TextEquiv>
                    <Unicode>letitere uf ernstliches zusprechen anderesn</Unicode>
                </TextEquiv>
            </TextLine>
            <TextLine id="r2l15" custom="readingOrder {index:14;}">
                <Coords points="477,1578 520,1568 564,1612 633,1567 994,1568 1045,1614 1120,1579 1174,1625 1362,1598 1362,1571 1270,1538 1231,1557 1202,1527 1062,1557 976,1513 860,1550 734,1551 668,1505 478,1525"/>
                <Baseline points="483,1565 526,1567 570,1568 613,1569 657,1569 701,1571 744,1571 788,1571 832,1571 875,1571 919,1571 963,1572 1006,1572 1050,1574 1094,1575 1137,1577 1181,1579 1225,1582 1268,1586 1312,1589 1356,1595"/>
                <TextEquiv>
                    <Unicode>nit gestehen wollen alswaser zwar</Unicode>
                </TextEquiv>
            </TextLine>
            <TextLine id="r2l16" custom="readingOrder {index:15;}">
                <Coords points="483,1646 929,1629 1022,1685 1095,1637 1380,1666 1381,1595 1171,1623 1121,1579 1058,1615 994,1568 847,1572 798,1606 632,1569 564,1614 483,1603"/>
                <Baseline points="489,1629 533,1631 577,1631 621,1632 666,1632 710,1634 754,1634 798,1634 843,1634 887,1634 931,1634 975,1634 1020,1634 1064,1635 1108,1635 1152,1637 1197,1638 1241,1640 1285,1644 1329,1647 1374,1650"/>
                <TextEquiv>
                    <Unicode>nach deß weibels fürgeben im meltt</Unicode>
                </TextEquiv>
            </TextLine>
            <TextLine id="r2l17" custom="readingOrder {index:16;}">
                <Coords points="503,1734 892,1694 1008,1701 1061,1747 1123,1701 1194,1733 1260,1698 1365,1725 1365,1679 1300,1646 1180,1674 1119,1639 1053,1660 861,1633 809,1662 728,1628 637,1657 504,1644"/>
                <Baseline points="509,1698 551,1698 594,1698 636,1697 679,1697 721,1697 764,1695 806,1695 849,1695 891,1695 934,1695 976,1695 1019,1695 1061,1695 1104,1697 1146,1698 1189,1698 1231,1700 1274,1703 1316,1705 1359,1707"/>
                <TextEquiv>
                    <Unicode>seye gefunden worden, habe aber keinen</Unicode>
                </TextEquiv>
            </TextLine>
            <TextLine id="r2l18" custom="readingOrder {index:17;}">
                <Coords points="498,1781 674,1814 745,1777 854,1807 978,1756 1099,1764 1153,1804 1202,1766 1381,1772 1262,1697 1208,1737 1060,1742 1009,1701 819,1694 697,1738 632,1716 498,1740"/>
                <Baseline points="504,1761 547,1763 591,1764 634,1764 678,1764 721,1764 765,1763 808,1763 852,1761 895,1761 939,1760 982,1760 1026,1759 1069,1758 1113,1758 1156,1758 1200,1759 1243,1760 1287,1761 1330,1763 1374,1766"/>
                <TextEquiv>
                    <Unicode>wegs gehartzet, sonder seye einfaltig am</Unicode>
                </TextEquiv>
            </TextLine>
            <TextLine id="r2l19" custom="readingOrder {index:18;}">
                <Coords points="486,1847 606,1825 666,1871 703,1833 1363,1845 1385,1775 1251,1760 1164,1799 984,1760 820,1811 716,1777 652,1808 485,1797"/>
                <Baseline points="491,1830 535,1830 579,1830 624,1830 668,1829 713,1829 757,1827 801,1827 846,1826 890,1826 935,1825 979,1824 1023,1824 1068,1823 1112,1823 1157,1823 1201,1823 1245,1824 1290,1824 1334,1826 1379,1827"/>
                <TextEquiv>
                    <Unicode>mey geseßen uund hahe da sein bottt</Unicode>
                </TextEquiv>
            </TextLine>
            <TextLine id="r2l20" custom="readingOrder {index:19;}">
                <Coords points="670,1943 756,1900 826,1897 880,1937 949,1895 1007,1914 1252,1886 1403,1908 1402,1845 1353,1859 1172,1826 1124,1861 1077,1831 1051,1853 948,1831 880,1857 846,1840 813,1867 766,1835 711,1887 669,1889"/>
                <Baseline points="675,1902 711,1901 747,1899 783,1898 819,1896 855,1895 891,1893 927,1892 963,1891 999,1890 1036,1889 1072,1888 1108,1887 1144,1887 1180,1887 1216,1887 1252,1888 1288,1889 1324,1890 1360,1892 1397,1893"/>
                <TextEquiv>
                    <Unicode>Das hants er undt seinelte</Unicode>
                </TextEquiv>
            </TextLine>
            <TextLine id="r2l21" custom="readingOrder {index:20;}">
                <Coords points="493,1919 522,1901 533,1904 540,1898 562,1914 579,1897 593,1904 605,1892 615,1898 628,1894 666,1911 666,1867 647,1864 618,1838 588,1847 562,1829 551,1833 543,1827 511,1848 494,1846"/>
                <Baseline points="500,1893 526,1893 553,1893 580,1892 606,1892 633,1893 660,1898"/>
                <TextEquiv>
                    <Unicode>gesten.</Unicode>
                </TextEquiv>
            </TextLine>
            <TextLine id="r2l22" custom="readingOrder {index:21;}">
                <Coords points="528,1935 539,1935 545,1940 556,1933 573,1933 588,1940 598,1950 609,1950 609,1901 573,1902 562,1913 540,1897 535,1902 528,1902"/>
                <Baseline points="534,1929 568,1928 603,1929"/>
                <TextEquiv>
                    <Unicode>19</Unicode>
                </TextEquiv>
            </TextLine>
            <TextLine id="r2l23" custom="readingOrder {index:22;} place {offset:13; length:7;}">
                <Coords points="492,1977 612,1952 734,2004 875,1963 1063,1961 1107,1988 1320,1960 1372,1988 1380,1914 1232,1898 1142,1933 1106,1901 970,1901 883,1941 822,1902 697,1944 554,1934 523,1902 492,1920"/>
                <Baseline points="498,1956 541,1958 585,1958 629,1959 673,1961 717,1961 760,1961 804,1961 848,1961 892,1961 936,1961 979,1961 1023,1961 1067,1961 1111,1959 1155,1959 1198,1959 1242,1961 1286,1961 1330,1961 1374,1962"/>
                <TextEquiv>
                    <Unicode>band Hanß Im Feyberg p andt</Unicode>
                </TextEquiv>
            </TextLine>
            <TextLine id="r2l24" custom="readingOrder {index:23;} place {offset:0; length:9;}">
                <Coords points="488,2036 709,2046 743,2022 795,2056 856,2030 934,2061 1127,2026 1203,2070 1256,2026 1388,2054 1387,1987 1332,1962 1161,1973 1124,2003 1064,1962 1018,1995 875,1962 796,2010 666,1995 622,1955 487,1977"/>
                <Baseline points="494,2030 538,2031 582,2031 627,2030 671,2030 716,2030 760,2030 804,2028 849,2028 893,2028 938,2027 982,2027 1026,2026 1071,2025 1115,2025 1160,2025 1204,2024 1248,2024 1293,2024 1337,2024 1382,2024"/>
                <TextEquiv>
                    <Unicode>lothurner prtt gesamlet, des habend sy</Unicode>
                </TextEquiv>
            </TextLine>
            <TextLine id="r2l25" custom="readingOrder {index:24;}">
                <Coords points="484,2105 756,2093 833,2141 894,2090 949,2117 1270,2089 1403,2113 1402,2049 1355,2070 1311,2028 1248,2029 1200,2074 1130,2028 973,2076 907,2036 795,2056 743,2022 680,2065 632,2034 484,2047"/>
                <Baseline points="491,2091 536,2091 581,2093 626,2094 672,2094 717,2094 762,2094 808,2094 853,2094 898,2094 944,2094 989,2094 1034,2093 1079,2093 1125,2093 1170,2093 1215,2093 1261,2091 1306,2091 1351,2091 1397,2091"/>
                <TextEquiv>
                    <Unicode>hate im kkundtherumb getragn undt mihe</Unicode>
                </TextEquiv>
            </TextLine>
            <TextLine id="r2l26" custom="readingOrder {index:25;}">
                <Coords points="495,2185 844,2161 1019,2210 1089,2173 1246,2173 1269,2096 1113,2118 1043,2098 1017,2122 990,2103 862,2143 755,2094 568,2122 495,2099"/>
                <Baseline points="501,2156 539,2157 577,2158 615,2159 653,2159 691,2160 729,2160 767,2160 805,2162 843,2162 882,2162 920,2162 958,2162 996,2162 1034,2162 1072,2162 1110,2162 1148,2160 1186,2160 1224,2160 1263,2159"/>
                <TextEquiv>
                    <Unicode>theilh by suren amben debitiert</Unicode>
                </TextEquiv>
            </TextLine>
            <TextLine id="r2l27" custom="readingOrder {index:26;} person {offset:27; length:12;}">
                <Coords points="491,2266 548,2228 658,2265 707,2224 831,2266 1032,2221 1119,2254 1189,2224 1354,2260 1398,2241 1381,2174 1191,2191 1151,2164 1017,2210 874,2165 838,2193 774,2165 675,2187 642,2164 591,2195 490,2170"/>
                <Baseline points="497,2226 541,2226 586,2226 631,2228 675,2228 720,2228 765,2228 809,2228 854,2228 899,2226 944,2226 988,2226 1033,2225 1078,2225 1122,2223 1167,2223 1212,2222 1256,2222 1301,2220 1346,2219 1391,2219"/>
                <TextEquiv>
                    <Unicode>sydt daß diser sein ornder Hanß zu Mühl</Unicode>
                </TextEquiv>
            </TextLine>
            <TextLine id="r2l28" custom="readingOrder {index:27;}">
                <Coords points="509,2296 595,2321 839,2283 981,2292 1013,2322 1134,2284 1172,2316 1319,2279 1382,2302 1382,2255 1259,2227 1188,2225 1133,2269 1038,2221 893,2272 789,2234 696,2230 660,2265 621,2229 509,2251"/>
                <Baseline points="515,2285 558,2286 601,2286 644,2286 687,2286 730,2286 773,2288 816,2288 859,2288 902,2288 945,2288 988,2288 1031,2286 1074,2286 1117,2286 1160,2285 1203,2283 1246,2283 1289,2282 1332,2280 1376,2277"/>
                <TextEquiv>
                    <Unicode>husen in der nachtetsten bfiung ge</Unicode>
                </TextEquiv>
            </TextLine>
            <TextLine id="r2l29" custom="readingOrder {index:28;}">
                <Coords points="497,2355 676,2387 760,2347 803,2380 857,2359 994,2389 1040,2358 1098,2392 1155,2348 1403,2347 1403,2295 1279,2325 1135,2292 1014,2323 921,2285 801,2315 727,2286 497,2314"/>
                <Baseline points="503,2342 547,2343 592,2343 637,2344 681,2345 726,2345 771,2346 815,2346 860,2346 905,2346 950,2346 994,2346 1039,2346 1084,2346 1128,2345 1173,2343 1218,2342 1262,2340 1307,2337 1352,2334 1397,2331"/>
                <TextEquiv>
                    <Unicode>wesen seyen sy die geschwisterte nit mehr</Unicode>
                </TextEquiv>
            </TextLine>
            <TextLine id="r2l30" custom="readingOrder {index:29;}">
                <Coords points="492,2424 535,2411 616,2442 645,2412 693,2406 777,2420 804,2403 816,2415 909,2405 948,2419 948,2384 876,2383 837,2365 801,2384 760,2353 702,2386 637,2388 609,2367 589,2378 557,2349 493,2374"/>
                <Baseline points="498,2402 524,2402 550,2402 576,2402 602,2402 628,2402 654,2402 680,2402 706,2402 733,2402 759,2402 785,2402 811,2402 837,2403 863,2403 889,2403 915,2403 942,2403"/>
                <TextEquiv>
                    <Unicode>alle bn einandrom</Unicode>
                </TextEquiv>
            </TextLine>
            <TextLine id="r2l31" custom="readingOrder {index:30;}">
                <Coords points="497,2490 713,2472 768,2509 856,2472 1081,2467 1189,2511 1268,2466 1388,2465 1387,2386 1150,2449 1052,2392 928,2451 804,2407 751,2449 678,2409 622,2453 496,2423"/>
                <Baseline points="503,2474 549,2474 595,2472 641,2472 688,2472 734,2472 780,2471 826,2471 873,2471 919,2471 965,2471 1011,2471 1058,2469 1104,2469 1150,2468 1196,2467 1243,2466 1289,2464 1335,2462 1382,2459"/>
                <TextEquiv>
                    <Unicode>seine schwesteren habind auch gehartzet</Unicode>
                </TextEquiv>
            </TextLine>
            <TextLine id="r2l32" custom="readingOrder {index:31;}">
                <Coords points="506,2554 661,2538 827,2576 1023,2534 1065,2564 1106,2533 1265,2525 1283,2468 1187,2511 1098,2487 1064,2513 981,2487 953,2504 908,2473 782,2511 731,2474 592,2511 505,2488"/>
                <Baseline points="512,2534 550,2532 588,2532 626,2532 665,2531 703,2531 741,2531 779,2531 818,2531 856,2531 894,2531 932,2531 971,2531 1009,2529 1047,2529 1085,2529 1124,2528 1162,2527 1200,2526 1238,2524 1277,2522"/>
                <TextEquiv>
                    <Unicode>wo es aber geschechen, wüße er nit</Unicode>
                </TextEquiv>
            </TextLine>
            <TextLine id="r2l33" custom="readingOrder {index:32;} person {offset:4; length:14;}">
                <Coords points="477,2625 559,2659 633,2607 1076,2624 1237,2595 1287,2620 1415,2593 1414,2526 1318,2524 1258,2571 1147,2530 893,2579 860,2557 748,2582 661,2538 475,2559"/>
                <Baseline points="482,2615 528,2610 574,2608 621,2606 667,2604 713,2603 760,2603 806,2602 852,2601 899,2601 945,2601 991,2601 1038,2601 1084,2600 1130,2600 1177,2598 1223,2597 1269,2595 1316,2592 1362,2588 1409,2583"/>
                <TextEquiv>
                    <Unicode>deß schonenbergers tochterman so hieter</Unicode>
                </TextEquiv>
            </TextLine>
            <TextLine id="r2l34" custom="readingOrder {index:33;}">
                <Coords points="510,2719 604,2680 713,2701 780,2670 842,2708 898,2663 1119,2690 1166,2661 1213,2703 1390,2671 1388,2594 1285,2621 1237,2594 1089,2640 991,2601 946,2628 508,2616"/>
                <Baseline points="516,2672 559,2669 602,2669 646,2667 689,2666 732,2666 776,2666 819,2664 862,2664 906,2664 949,2663 992,2663 1036,2662 1079,2661 1122,2660 1166,2658 1209,2657 1252,2654 1296,2651 1339,2647 1383,2643"/>
                <TextEquiv>
                    <Unicode>by der schorgasten by wangen tisten sich</Unicode>
                </TextEquiv>
            </TextLine>
            <TextLine id="r2l35" custom="readingOrder {index:34;} person {offset:25; length:7;}">
                <Coords points="493,2774 628,2775 729,2725 855,2725 895,2756 924,2726 1068,2725 1113,2762 1171,2723 1434,2725 1400,2678 1212,2703 1148,2666 1117,2690 891,2664 824,2710 780,2670 712,2703 491,2673"/>
                <Baseline points="498,2730 544,2729 590,2729 637,2729 683,2729 730,2728 776,2727 823,2727 869,2727 916,2727 962,2727 1008,2726 1055,2724 1101,2724 1148,2723 1194,2720 1241,2718 1287,2716 1334,2713 1380,2710 1427,2706"/>
                <TextEquiv>
                    <Unicode>zugezogten habe sich deß harzers auch ange</Unicode>
                </TextEquiv>
            </TextLine>
            <TextLine id="r2l36" custom="readingOrder {index:35;}">
                <Coords points="494,2803 598,2794 667,2845 778,2793 908,2835 1058,2791 1127,2829 1269,2820 1410,2764 1409,2725 1182,2729 1126,2768 1068,2726 959,2754 924,2726 894,2756 848,2725 806,2757 729,2725 620,2777 494,2774"/>
                <Baseline points="500,2796 545,2795 590,2793 635,2792 680,2792 726,2792 771,2792 816,2792 861,2792 906,2790 952,2790 997,2790 1042,2789 1087,2787 1132,2786 1178,2784 1223,2781 1268,2777 1313,2774 1358,2769 1404,2763"/>
                <TextEquiv>
                    <Unicode>nommen, seye aber jeteit mehr doat sinder</Unicode>
                </TextEquiv>
            </TextLine>
            <TextLine id="r2l37" custom="readingOrder {index:36;}">
                <Coords points="491,2881 609,2863 813,2897 861,2859 909,2903 979,2855 1127,2891 1197,2847 1409,2832 1425,2766 1283,2823 1122,2831 1063,2796 1019,2827 977,2804 905,2835 838,2804 696,2841 598,2795 489,2823"/>
                <Baseline points="497,2864 543,2859 589,2858 635,2855 681,2855 728,2853 774,2853 820,2853 866,2853 912,2853 959,2853 1005,2853 1051,2852 1097,2851 1143,2849 1190,2846 1236,2843 1282,2840 1328,2834 1374,2826 1421,2819"/>
                <TextEquiv>
                    <Unicode>Wyter ußen zwischen der gemenen und</Unicode>
                </TextEquiv>
            </TextLine>
            <TextLine id="r2l38" custom="readingOrder {index:37;} place {offset:0; length:12;}">
                <Coords points="492,2942 560,2968 643,2922 832,2913 1007,2926 1045,2957 1111,2912 1160,2953 1235,2957 1415,2884 1413,2837 1375,2831 1286,2884 1240,2860 1037,2901 908,2903 861,2859 812,2897 670,2902 608,2863 490,2881"/>
                <Baseline points="497,2925 542,2922 588,2921 633,2921 679,2919 725,2919 770,2919 816,2919 861,2919 907,2919 953,2919 998,2918 1044,2918 1089,2915 1135,2913 1181,2912 1226,2909 1272,2904 1317,2900 1363,2893 1409,2886"/>
                <TextEquiv>
                    <Unicode>Sonsen bangg in einem geweßen heß</Unicode>
                </TextEquiv>
            </TextLine>
            <TextLine id="r2l39" custom="readingOrder {index:38;}">
                <Coords points="479,3002 533,2992 608,3037 650,3001 745,3022 820,2982 1040,2981 1107,3016 1323,2966 1367,2998 1428,2985 1425,2884 1235,2958 843,2923 732,2965 478,2950"/>
                <Baseline points="485,2990 531,2988 578,2987 625,2986 672,2985 719,2985 765,2985 812,2985 859,2984 906,2984 953,2984 999,2982 1046,2982 1093,2981 1140,2978 1187,2976 1233,2973 1280,2969 1327,2965 1374,2960 1421,2954"/>
                <TextEquiv>
                    <Unicode>Da nun mehr ihren wwen parzer sich zu</Unicode>
                </TextEquiv>
            </TextLine>
            <TextLine id="r2l40" custom="readingOrder {index:39;}">
                <Coords points="502,3078 553,3100 644,3052 839,3045 893,3094 992,3046 1094,3091 1184,3045 1255,3087 1327,3040 1397,3041 1396,3004 1299,2964 1150,3023 983,2974 769,3032 651,3001 609,3037 500,3014"/>
                <Baseline points="507,3054 551,3053 595,3053 639,3053 683,3053 728,3051 772,3051 816,3051 860,3051 904,3050 949,3050 993,3049 1037,3048 1081,3047 1125,3045 1170,3044 1214,3041 1258,3039 1302,3035 1346,3031 1391,3026"/>
                <TextEquiv>
                    <Unicode>schind. anders seye ihmgareit ze</Unicode>
                </TextEquiv>
            </TextLine>
            <TextLine id="r2l41" custom="readingOrder {index:40;}">
                <Coords points="506,3150 685,3105 825,3133 918,3109 995,3154 1051,3113 1299,3107 1373,3134 1427,3111 1426,3044 1232,3089 1044,3087 994,3049 911,3094 846,3051 554,3100 504,3080"/>
                <Baseline points="512,3119 557,3117 602,3116 648,3114 693,3114 739,3113 784,3113 830,3113 875,3111 921,3111 966,3111 1011,3111 1057,3110 1102,3108 1148,3108 1193,3107 1239,3104 1284,3102 1330,3099 1375,3096 1421,3092"/>
                <TextEquiv>
                    <Unicode>müßen undehe er sich getreüwder maße.</Unicode>
                </TextEquiv>
            </TextLine>
            <TextLine id="r2l42" custom="readingOrder {index:41;}">
                <Coords points="494,3188 661,3218 803,3178 887,3217 935,3179 1059,3170 1241,3216 1289,3169 1428,3147 1427,3113 1290,3148 1245,3111 1170,3148 1030,3118 992,3157 920,3110 801,3155 685,3105 492,3127"/>
                <Baseline points="500,3180 546,3179 592,3179 638,3177 684,3177 730,3176 776,3176 822,3176 868,3176 914,3176 961,3174 1007,3174 1053,3174 1099,3173 1145,3171 1191,3170 1237,3167 1283,3164 1329,3161 1375,3157 1422,3153"/>
                <TextEquiv>
                    <Unicode>wolte strecken laßen, welle er sagen alles</Unicode>
                </TextEquiv>
            </TextLine>
            <TextLine id="r2l43" custom="readingOrder {index:42;}">
                <Coords points="489,3264 775,3249 926,3282 972,3250 1092,3285 1167,3248 1217,3279 1269,3247 1441,3243 1420,3146 1342,3190 1297,3169 1228,3220 1061,3171 887,3217 764,3179 661,3222 488,3200"/>
                <Baseline points="494,3245 541,3243 588,3240 635,3240 682,3239 729,3239 776,3239 823,3239 870,3239 917,3240 964,3240 1011,3240 1058,3240 1105,3239 1152,3238 1199,3237 1246,3234 1293,3232 1340,3227 1387,3223 1434,3218"/>
                <TextEquiv>
                    <Unicode>Was man ihmme deß roths zu muchten wnde</Unicode>
                </TextEquiv>
            </TextLine>
            <TextLine id="r2l44" custom="readingOrder {index:43;} person {offset:0; length:12;}">
                <Coords points="468,3409 566,3361 627,3395 709,3357 1386,3361 1430,3348 1429,3281 1356,3269 1264,3307 1140,3266 1086,3301 1041,3269 887,3278 841,3311 722,3285 692,3314 570,3266 465,3275"/>
                <Baseline points="474,3369 521,3366 569,3364 616,3362 664,3359 711,3357 759,3357 806,3356 854,3354 901,3353 949,3353 996,3351 1044,3351 1091,3350 1139,3349 1186,3348 1234,3347 1281,3344 1329,3342 1376,3341 1424,3338"/>
                <TextEquiv>
                    <Unicode>Hanß Rigenal deltere sohn hat uff</Unicode>
                </TextEquiv>
            </TextLine>
            <TextLine id="r2l45" custom="readingOrder {index:44;}">
                <Coords points="472,3469 639,3448 713,3475 792,3433 921,3425 1003,3465 1084,3414 1163,3459 1267,3409 1407,3407 1356,3351 1304,3383 1078,3354 797,3398 736,3361 633,3398 572,3371 470,3412"/>
                <Baseline points="477,3441 523,3437 569,3434 615,3431 661,3428 707,3426 753,3423 800,3422 846,3419 892,3417 938,3416 984,3414 1030,3413 1076,3411 1123,3410 1169,3408 1215,3407 1261,3405 1307,3404 1353,3402 1400,3401"/>
                <TextEquiv>
                    <Unicode>glychtszusprechen anzeigt, daß ernung</Unicode>
                </TextEquiv>
            </TextLine>
            <TextLine id="r2l46" custom="readingOrder {index:45;}">
                <Coords points="1290,3468 1312,3467 1329,3480 1340,3477 1347,3483 1367,3480 1395,3462 1422,3462 1418,3406 1408,3404 1402,3410 1398,3406 1381,3412 1373,3409 1368,3415 1351,3422 1347,3418 1323,3431 1304,3424 1287,3429"/>
                <Baseline points="1295,3452 1325,3453 1355,3451 1385,3447 1415,3446"/>
                <TextEquiv>
                    <Unicode>mehr</Unicode>
                </TextEquiv>
            </TextLine>
            <TextEquiv>
                <Unicode>mohne jetz uff dem hubel zu Geenn
end seye aber diß noch ein geweßer
Hanß Gonti vor Pichen und ein schu
macher in dersteingruben die schauch
deß hauzens annmend. sonst seye ihm
diß orths gar nüt wyters in müßenk
auch anders nit bekennen war man ihm
on glych wie sein vattermarteren und
pingen wurde.
Den 9. tan februarii sind durch mll Hun
hot im keffi htern examiniert worden.
obigen hendlist Aienabs 2 elteste sohn
zans unnd Hent Rigenal. da dan der
letitere uf ernstliches zusprechen anderesn
nit gestehen wollen alswaser zwar
nach deß weibels fürgeben im meltt
seye gefunden worden, habe aber keinen
wegs gehartzet, sonder seye einfaltig am
mey geseßen uund hahe da sein bottt
Das hants er undt seinelte
gesten.
19
band Hanß Im Feyberg p andt
lothurner prtt gesamlet, des habend sy
hate im kkundtherumb getragn undt mihe
theilh by suren amben debitiert
sydt daß diser sein ornder Hanß zu Mühl
husen in der nachtetsten bfiung ge
wesen seyen sy die geschwisterte nit mehr
alle bn einandrom
seine schwesteren habind auch gehartzet
wo es aber geschechen, wüße er nit
deß schonenbergers tochterman so hieter
by der schorgasten by wangen tisten sich
zugezogten habe sich deß harzers auch ange
nommen, seye aber jeteit mehr doat sinder
Wyter ußen zwischen der gemenen und
Sonsen bangg in einem geweßen heß
Da nun mehr ihren wwen parzer sich zu
schind. anders seye ihmgareit ze
müßen undehe er sich getreüwder maße.
wolte strecken laßen, welle er sagen alles
Was man ihmme deß roths zu muchten wnde
Hanß Rigenal deltere sohn hat uff
glychtszusprechen anzeigt, daß ernung
mehr</Unicode>
            </TextEquiv>
        </TextRegion>
        <TextRegion orientation="0.0" id="r3" custom="readingOrder {index:2;}">
            <Coords points="1731,461 1731,3316 2783,3316 2783,461"/>
            <TextLine id="r3l1" custom="readingOrder {index:0;}">
                <Coords points="2617,530 2623,529 2627,533 2635,531 2639,535 2646,530 2653,531 2660,521 2668,523 2682,508 2688,507 2676,425 2660,427 2652,434 2637,433 2633,439 2604,445"/>
                <Baseline points="2619,498 2649,489 2679,489"/>
                <TextEquiv>
                    <Unicode>199</Unicode>
                </TextEquiv>
            </TextLine>
            <TextLine id="r3l2" custom="readingOrder {index:1;}">
                <Coords points="1725,734 1974,688 2119,709 2228,660 2321,697 2376,654 2667,638 2675,546 2600,582 2422,560 2246,611 2139,589 2013,657 1924,618 1721,685"/>
                <Baseline points="1731,726 1778,717 1825,709 1872,702 1920,695 1967,689 2014,683 2061,677 2109,673 2156,668 2203,664 2250,660 2298,656 2345,653 2392,649 2439,645 2487,641 2534,638 2581,633 2628,629 2676,624"/>
                <TextEquiv>
                    <Unicode>mehr by einem jahr daso verhauratet</Unicode>
                </TextEquiv>
            </TextLine>
            <TextLine id="r3l3" custom="readingOrder {index:2;}">
                <Coords points="1755,823 1814,779 1903,804 2005,757 2042,788 2075,755 2135,766 2189,720 2525,713 2610,692 2606,643 2539,679 2457,654 2413,687 2278,668 2209,704 2166,671 2127,709 1867,699 1749,761"/>
                <Baseline points="1757,777 1799,771 1841,766 1884,759 1926,753 1968,747 2011,742 2053,737 2095,732 2138,728 2180,724 2222,719 2265,716 2307,711 2349,708 2392,706 2434,704 2476,700 2519,698 2561,695 2604,693"/>
                <TextEquiv>
                    <Unicode>mund sich sampt seiner frauwen zu</Unicode>
                </TextEquiv>
            </TextLine>
            <TextLine id="r3l4" custom="readingOrder {index:3;} place {offset:0; length:7;} place {offset:11; length:9;}">
                <Coords points="1758,862 1807,875 1903,816 1999,844 2048,798 2384,761 2453,803 2580,749 2670,762 2664,693 2550,688 2383,744 2338,715 2268,741 2190,719 2142,767 2047,747 2005,783 1893,770 1754,820"/>
                <Baseline points="1761,834 1806,827 1851,821 1896,815 1941,809 1986,804 2031,799 2076,795 2121,790 2166,786 2212,782 2257,778 2302,775 2347,771 2392,768 2437,765 2482,762 2527,759 2572,756 2617,753 2663,750"/>
                <TextEquiv>
                    <Unicode>wengnau am leberbron gesetzet sei</Unicode>
                </TextEquiv>
            </TextLine>
            <TextLine id="r3l5" custom="readingOrder {index:4;}">
                <Coords points="1754,905 2085,855 2152,883 2260,836 2312,872 2373,834 2498,868 2576,825 2631,854 2712,827 2704,733 2427,811 2240,782 2054,841 2017,821 1946,852 1901,822 1836,867 1751,859"/>
                <Baseline points="1760,899 1807,891 1854,883 1901,876 1949,870 1996,864 2043,859 2090,854 2138,850 2185,847 2232,843 2279,840 2327,837 2374,834 2421,831 2468,828 2516,826 2563,824 2610,821 2657,818 2705,815"/>
                <TextEquiv>
                    <Unicode>aber sein frauw sydt 14 tag daher affen</Unicode>
                </TextEquiv>
            </TextLine>
            <TextLine id="r3l6" custom="readingOrder {index:5;}">
                <Coords points="1744,968 1782,948 1825,975 1943,927 1987,960 2138,958 2186,910 2321,927 2362,902 2515,938 2606,884 2677,906 2674,860 2609,869 2542,828 2467,871 2380,834 2308,877 2260,837 2153,884 2086,854 2042,886 1971,864 1923,905 1740,916"/>
                <Baseline points="1749,960 1795,953 1841,947 1887,939 1933,934 1979,929 2025,924 2071,919 2117,915 2163,911 2209,908 2255,904 2301,901 2347,900 2393,897 2439,895 2485,893 2531,891 2577,890 2623,888 2669,887"/>
                <TextEquiv>
                    <Unicode>Schupbran by der muter allo sy ein</Unicode>
                </TextEquiv>
            </TextLine>
            <TextLine id="r3l7" custom="readingOrder {index:6;}">
                <Coords points="1758,1033 2367,978 2440,1012 2680,963 2676,915 2634,933 2572,902 2469,943 2259,951 2184,910 2136,962 2010,973 1950,927 1826,975 1781,948 1753,966"/>
                <Baseline points="1763,1025 1808,1016 1853,1010 1899,1003 1944,998 1990,992 2035,987 2081,982 2126,978 2172,974 2217,972 2262,968 2308,966 2353,963 2399,960 2444,959 2490,957 2535,954 2581,953 2626,951 2672,948"/>
                <TextEquiv>
                    <Unicode>kindtbettere nundem 14 tagus kind</Unicode>
                </TextEquiv>
            </TextLine>
            <TextLine id="r3l8" custom="readingOrder {index:7;}">
                <Coords points="1759,1097 1775,1095 1784,1084 1794,1091 1830,1093 1844,1082 1861,1087 1867,1078 1888,1076 1878,1014 1845,1018 1828,1034 1807,1020 1791,1021 1774,1039 1748,1031"/>
                <Baseline points="1763,1085 1792,1080 1821,1075 1850,1070 1880,1067"/>
                <TextEquiv>
                    <Unicode>habe.</Unicode>
                </TextEquiv>
            </TextLine>
            <TextLine id="r3l9" custom="readingOrder {index:8;} place {offset:3; length:13;}">
                <Coords points="1731,1148 1836,1125 1920,1177 2005,1113 2057,1150 2267,1094 2514,1116 2552,1077 2712,1078 2710,1047 2520,994 2424,1044 2211,1008 2099,1079 2001,1027 1900,1087 1789,1111 1726,1087"/>
                <Baseline points="1737,1146 1785,1140 1833,1134 1882,1128 1930,1123 1979,1118 2027,1113 2075,1109 2124,1106 2172,1102 2221,1098 2269,1095 2317,1092 2366,1089 2414,1086 2463,1084 2511,1082 2559,1078 2608,1076 2656,1073 2705,1070"/>
                <TextEquiv>
                    <Unicode>Im schüpfenwaldt habe er mit seinem</Unicode>
                </TextEquiv>
            </TextLine>
            <TextLine id="r3l10" custom="readingOrder {index:9;}">
                <Coords points="1767,1223 1920,1181 2052,1180 2123,1217 2275,1165 2424,1192 2511,1136 2687,1134 2683,1074 2552,1078 2493,1124 2449,1090 2403,1116 2267,1095 2081,1154 2015,1114 1965,1160 1830,1125 1764,1181"/>
                <Baseline points="1772,1199 1817,1195 1862,1191 1908,1187 1953,1184 1999,1179 2044,1176 2090,1172 2135,1169 2181,1166 2226,1163 2271,1160 2317,1157 2362,1154 2408,1151 2453,1147 2499,1144 2544,1142 2590,1137 2635,1134 2681,1131"/>
                <TextEquiv>
                    <Unicode>matter tievor gehurtzet, da sein matter</Unicode>
                </TextEquiv>
            </TextLine>
            <TextLine id="r3l11" custom="readingOrder {index:10;}">
                <Coords points="1755,1274 1924,1240 2012,1287 2144,1225 2394,1247 2433,1206 2585,1208 2625,1241 2701,1217 2695,1139 2640,1177 2567,1138 2425,1192 2197,1209 2089,1215 2021,1180 1750,1207"/>
                <Baseline points="1760,1259 1806,1255 1853,1251 1899,1247 1946,1243 1993,1239 2039,1236 2086,1232 2133,1229 2179,1226 2226,1223 2273,1218 2319,1216 2366,1212 2413,1209 2459,1206 2506,1204 2553,1201 2599,1199 2646,1196 2693,1193"/>
                <TextEquiv>
                    <Unicode>von den schupfenbauren nocherlaubnuß</Unicode>
                </TextEquiv>
            </TextLine>
            <TextLine id="r3l12" custom="readingOrder {index:11;}">
                <Coords points="2091,1308 2330,1286 2390,1324 2430,1279 2517,1270 2551,1298 2579,1268 2712,1273 2710,1241 2622,1241 2583,1208 2544,1249 2436,1205 2395,1247 2279,1229 2177,1273 2086,1236"/>
                <Baseline points="2096,1293 2126,1293 2156,1292 2187,1290 2217,1289 2248,1287 2278,1285 2309,1282 2339,1281 2370,1278 2400,1277 2430,1274 2461,1272 2491,1270 2522,1267 2552,1265 2583,1263 2613,1262 2644,1260 2674,1259 2705,1257"/>
                <TextEquiv>
                    <Unicode>seine schwesteren seyen</Unicode>
                </TextEquiv>
            </TextLine>
            <TextLine id="r3l13" custom="readingOrder {index:12;}">
                <Coords points="1767,1349 1808,1313 1818,1319 1824,1313 1836,1322 1853,1315 1869,1327 1887,1310 1902,1314 1914,1307 1934,1308 1927,1248 1909,1240 1870,1264 1858,1254 1841,1257 1820,1281 1807,1286 1796,1288 1779,1278 1760,1281"/>
                <Baseline points="1770,1320 1796,1318 1822,1315 1849,1311 1875,1307 1901,1305 1928,1307"/>
                <TextEquiv>
                    <Unicode>gehabt.</Unicode>
                </TextEquiv>
            </TextLine>
            <TextLine id="r3l14" custom="readingOrder {index:13;}">
                <Coords points="1767,1393 2069,1363 2162,1384 2231,1348 2378,1373 2481,1330 2684,1370 2687,1265 2586,1267 2551,1299 2518,1270 2431,1279 2382,1325 2327,1287 2232,1285 2139,1337 2026,1290 1963,1336 1915,1307 1764,1353"/>
                <Baseline points="1772,1379 1817,1376 1863,1373 1908,1370 1954,1366 2000,1364 2045,1360 2091,1358 2137,1355 2182,1352 2228,1350 2274,1347 2319,1344 2365,1343 2411,1340 2456,1338 2502,1335 2548,1332 2593,1331 2639,1328 2685,1326"/>
                <TextEquiv>
                    <Unicode>noch allen tieren by der meter undt sei</Unicode>
                </TextEquiv>
            </TextLine>
            <TextLine id="r3l15" custom="readingOrder {index:14;}">
                <Coords points="1776,1446 2726,1390 2724,1355 2640,1376 2563,1337 2402,1388 2230,1348 2088,1402 1935,1409 1842,1371 1775,1407"/>
                <Baseline points="1782,1437 1828,1434 1875,1431 1922,1429 1969,1426 2016,1424 2063,1421 2110,1419 2157,1416 2204,1413 2251,1410 2297,1408 2344,1406 2391,1404 2438,1403 2485,1400 2532,1398 2579,1398 2626,1397 2673,1397 2720,1397"/>
                <TextEquiv>
                    <Unicode>doch jung Mas alters wüßeer so eigent</Unicode>
                </TextEquiv>
            </TextLine>
            <TextLine id="r3l16" custom="readingOrder {index:15;}">
                <Coords points="1779,1517 1873,1499 1997,1532 2143,1477 2302,1514 2404,1439 2661,1495 2738,1468 2734,1387 2678,1428 2605,1395 2488,1425 2402,1398 2325,1449 2231,1457 2017,1430 1989,1460 1930,1426 1775,1449"/>
                <Baseline points="1784,1497 1831,1494 1878,1492 1926,1490 1973,1487 2021,1484 2068,1481 2115,1479 2163,1476 2210,1475 2258,1472 2305,1470 2352,1469 2400,1466 2447,1464 2495,1462 2542,1460 2589,1458 2637,1457 2684,1455 2732,1454"/>
                <TextEquiv>
                    <Unicode>sich eitgesagen, einmahl der gëngste</Unicode>
                </TextEquiv>
            </TextLine>
            <TextLine id="r3l17" custom="readingOrder {index:16;}">
                <Coords points="1823,1520 1830,1518 1847,1534 1851,1532 1867,1539 1880,1539 1888,1546 1897,1538 1907,1540 1907,1502 1897,1500 1885,1506 1868,1501 1857,1510 1836,1500 1823,1499"/>
                <Baseline points="1829,1526 1865,1528 1901,1526"/>
                <TextEquiv>
                    <Unicode></Unicode>
                </TextEquiv>
            </TextLine>
            <TextLine id="r3l18" custom="readingOrder {index:17;}">
                <Coords points="1773,1572 1970,1576 2008,1549 2065,1597 2124,1555 2168,1583 2213,1535 2411,1567 2517,1532 2651,1567 2753,1532 2752,1493 2703,1459 2657,1497 2568,1471 2529,1496 2473,1460 2393,1515 2345,1481 2277,1518 2173,1478 1968,1538 1771,1521"/>
                <Baseline points="1778,1560 1826,1557 1874,1555 1923,1553 1971,1551 2020,1548 2068,1546 2117,1544 2165,1541 2214,1539 2262,1538 2310,1535 2359,1533 2407,1532 2456,1530 2504,1529 2553,1529 2601,1527 2650,1526 2698,1526 2747,1526"/>
                <TextEquiv>
                    <Unicode>brnd 4 gahrig und si dan jede schwüester</Unicode>
                </TextEquiv>
            </TextLine>
            <TextLine id="r3l19" custom="readingOrder {index:18;}">
                <Coords points="1776,1639 2010,1620 2080,1655 2149,1607 2258,1610 2336,1651 2409,1601 2700,1610 2698,1565 2539,1580 2468,1541 2291,1577 2214,1534 2168,1583 2125,1555 2064,1595 2002,1549 1893,1604 1847,1563 1773,1572"/>
                <Baseline points="1781,1628 1826,1626 1872,1623 1917,1621 1963,1619 2009,1616 2054,1614 2100,1611 2145,1610 2191,1607 2237,1605 2282,1604 2328,1601 2373,1600 2419,1598 2465,1596 2510,1596 2556,1595 2601,1593 2647,1592 2693,1592"/>
                <TextEquiv>
                    <Unicode>Ich eine 2 jahr elter alß die anderen</Unicode>
                </TextEquiv>
            </TextLine>
            <TextLine id="r3l20" custom="readingOrder {index:19;} person {offset:17; length:11;}">
                <Coords points="1776,1726 2083,1682 2304,1727 2458,1675 2575,1675 2612,1706 2759,1685 2758,1651 2604,1653 2514,1604 2401,1659 2301,1626 2215,1672 2136,1613 2080,1662 2047,1641 1926,1679 1820,1626 1773,1645"/>
                <Baseline points="1781,1703 1829,1701 1878,1700 1926,1698 1975,1696 2024,1694 2072,1692 2121,1691 2169,1689 2218,1687 2267,1685 2315,1683 2364,1681 2412,1680 2461,1679 2510,1677 2558,1676 2607,1676 2655,1674 2704,1674 2753,1674"/>
                <TextEquiv>
                    <Unicode>Ein geweße frauw Jsaacs Stim genent</Unicode>
                </TextEquiv>
            </TextLine>
            <TextLine id="r3l21" custom="readingOrder {index:20;}">
                <Coords points="1791,1796 1943,1808 2172,1736 2311,1768 2341,1740 2415,1765 2540,1731 2751,1759 2750,1712 2661,1683 2618,1710 2575,1675 2300,1727 2013,1693 1959,1742 1789,1734"/>
                <Baseline points="1796,1766 1843,1764 1890,1762 1938,1759 1985,1757 2033,1754 2080,1752 2127,1749 2175,1747 2222,1745 2270,1743 2317,1742 2364,1740 2412,1739 2459,1737 2507,1737 2554,1737 2601,1737 2649,1738 2696,1739 2744,1742"/>
                <TextEquiv>
                    <Unicode>habe 2 sohn die sich auch deß hattens an-</Unicode>
                </TextEquiv>
            </TextLine>
            <TextLine id="r3l22" custom="readingOrder {index:21;}">
                <Coords points="2395,1790 2422,1784 2427,1779 2432,1781 2436,1777 2443,1782 2452,1778 2476,1779 2470,1731 2457,1731 2440,1749 2430,1747 2416,1765 2408,1761 2391,1765"/>
                <Baseline points="2400,1779 2434,1773 2469,1770"/>
                <TextEquiv>
                    <Unicode>n</Unicode>
                </TextEquiv>
            </TextLine>
            <TextLine id="r3l23" custom="readingOrder {index:22;}">
                <Coords points="1769,1831 1990,1818 2118,1855 2215,1808 2458,1853 2546,1804 2665,1845 2735,1806 2718,1758 2653,1779 2540,1731 2415,1788 2173,1736 2029,1786 1769,1803"/>
                <Baseline points="1775,1820 1822,1818 1870,1818 1918,1817 1965,1815 2013,1814 2061,1812 2108,1811 2156,1809 2204,1808 2252,1806 2299,1805 2347,1803 2395,1803 2442,1802 2490,1800 2538,1800 2585,1800 2633,1800 2681,1800 2729,1800"/>
                <TextEquiv>
                    <Unicode>nemind, wo sy sich aberzeg zu zechind weste</Unicode>
                </TextEquiv>
            </TextLine>
            <TextLine id="r3l24" custom="readingOrder {index:23;}">
                <Coords points="1792,1883 1806,1879 1824,1886 1846,1875 1884,1886 1911,1874 1930,1880 1940,1868 1949,1868 1946,1816 1928,1816 1921,1824 1906,1821 1896,1831 1865,1841 1846,1862 1790,1854"/>
                <Baseline points="1797,1878 1826,1877 1855,1875 1884,1874 1913,1872 1943,1871"/>
                <TextEquiv>
                    <Unicode>er nit</Unicode>
                </TextEquiv>
            </TextLine>
            <TextLine id="r3l25" custom="readingOrder {index:24;}">
                <Coords points="1775,1938 1904,1971 2161,1929 2211,1971 2251,1940 2363,1959 2454,1921 2561,1950 2598,1926 2650,1964 2718,1941 2716,1848 2620,1886 2354,1854 2308,1891 2190,1864 1774,1900"/>
                <Baseline points="1781,1937 1827,1937 1874,1936 1920,1935 1967,1935 2013,1934 2060,1934 2106,1932 2153,1932 2199,1931 2246,1929 2292,1929 2339,1928 2385,1926 2432,1926 2478,1925 2525,1923 2571,1922 2618,1920 2664,1920 2711,1919"/>
                <TextEquiv>
                    <Unicode>di� seye alles was ihmme deß boths</Unicode>
                </TextEquiv>
            </TextLine>
            <TextLine id="r3l26" custom="readingOrder {index:25;}">
                <Coords points="1782,2027 1860,2002 1929,2041 2039,1994 2129,2018 2223,1990 2320,2023 2477,1990 2560,2031 2755,1992 2753,1930 2649,1965 2420,1922 2217,1972 2160,1931 1901,1972 1780,1942"/>
                <Baseline points="1787,2001 1835,2000 1883,1998 1931,1996 1979,1994 2027,1993 2075,1992 2123,1991 2171,1989 2219,1989 2267,1988 2315,1988 2363,1986 2411,1986 2459,1985 2507,1985 2555,1983 2603,1983 2651,1982 2699,1980 2748,1979"/>
                <TextEquiv>
                    <Unicode>In wißen und könne er anders garnit</Unicode>
                </TextEquiv>
            </TextLine>
            <TextLine id="r3l27" custom="readingOrder {index:26;}">
                <Coords points="1798,2073 1828,2067 1853,2075 1898,2060 1915,2075 1942,2062 1968,2078 1998,2065 2047,2069 2060,2062 2059,2026 1998,2032 1981,2020 1946,2037 1895,2039 1868,2025 1860,2031 1826,2002 1817,2010 1796,2004"/>
                <Baseline points="1803,2061 1828,2059 1853,2058 1878,2057 1903,2055 1928,2055 1953,2054 1978,2054 2003,2054 2028,2054 2054,2054"/>
                <TextEquiv>
                    <Unicode>bekennen</Unicode>
                </TextEquiv>
            </TextLine>
            <TextLine id="r3l28" custom="readingOrder {index:27;}">
                <Coords points="1775,2273 2024,2249 2136,2294 2229,2249 2615,2225 2742,2251 2740,2179 2610,2158 2481,2185 2397,2150 2249,2212 2106,2175 2016,2228 1886,2192 1774,2210"/>
                <Baseline points="1781,2249 1828,2249 1876,2250 1924,2250 1971,2250 2019,2249 2067,2249 2114,2247 2162,2247 2210,2246 2258,2244 2305,2243 2353,2241 2401,2240 2448,2240 2496,2238 2544,2237 2591,2237 2639,2235 2687,2235 2735,2235"/>
                <TextEquiv>
                    <Unicode>Alß nun obiges process vor rath abge</Unicode>
                </TextEquiv>
            </TextLine>
            <TextLine id="r3l29" custom="readingOrder {index:28;}">
                <Coords points="1793,2322 1854,2342 1913,2306 2059,2305 2101,2341 2206,2310 2348,2351 2425,2306 2628,2292 2687,2329 2735,2303 2734,2262 2599,2226 2417,2272 2194,2252 2138,2293 2024,2249 1792,2259"/>
                <Baseline points="1799,2312 1845,2310 1892,2310 1938,2309 1985,2309 2031,2309 2078,2307 2124,2307 2171,2306 2217,2306 2264,2305 2310,2304 2357,2303 2403,2303 2450,2301 2496,2301 2543,2300 2589,2298 2636,2297 2682,2295 2729,2294"/>
                <TextEquiv>
                    <Unicode>lesen worden haltend mahln erkendt des</Unicode>
                </TextEquiv>
            </TextLine>
            <TextLine id="r3l30" custom="readingOrder {index:29;}">
                <Coords points="1781,2386 1875,2371 1913,2398 1950,2372 2046,2399 2075,2373 2312,2368 2441,2399 2723,2334 2521,2300 2426,2305 2379,2350 2200,2313 2109,2346 2059,2306 1780,2341"/>
                <Baseline points="1787,2375 1833,2373 1880,2373 1926,2372 1973,2370 2019,2369 2066,2369 2112,2369 2159,2367 2205,2367 2252,2366 2298,2366 2345,2364 2391,2364 2438,2363 2484,2362 2531,2361 2577,2359 2624,2358 2670,2355 2717,2354"/>
                <TextEquiv>
                    <Unicode>Der alte vather neben einer vrphed die er</Unicode>
                </TextEquiv>
            </TextLine>
            <TextLine id="r3l31" custom="readingOrder {index:30;}">
                <Coords points="1800,2451 1909,2469 1973,2436 2042,2456 2493,2415 2617,2417 2668,2459 2734,2412 2771,2423 2770,2386 2722,2350 2654,2385 2618,2357 2553,2386 2499,2365 2461,2401 2312,2368 2196,2408 2079,2373 2045,2400 1798,2381"/>
                <Baseline points="1805,2436 1853,2436 1901,2436 1949,2435 1997,2435 2045,2433 2093,2432 2141,2430 2189,2429 2237,2427 2285,2426 2333,2424 2381,2423 2429,2421 2477,2420 2525,2418 2573,2417 2621,2417 2669,2415 2717,2415 2765,2415"/>
                <TextEquiv>
                    <Unicode>sonderbar schweren werde noch mit rüthen</Unicode>
                </TextEquiv>
            </TextLine>
            <TextLine id="r3l32" custom="readingOrder {index:31;}">
                <Coords points="1815,2542 1941,2551 2029,2498 2179,2537 2243,2492 2359,2517 2405,2496 2473,2535 2541,2476 2736,2483 2734,2418 2668,2459 2625,2420 2492,2414 2457,2440 2276,2439 2240,2472 2111,2437 1813,2461"/>
                <Baseline points="1820,2499 1865,2499 1910,2499 1956,2499 2001,2499 2047,2499 2092,2498 2138,2497 2183,2496 2229,2495 2274,2493 2319,2492 2365,2490 2410,2488 2456,2487 2501,2484 2547,2482 2592,2480 2638,2477 2683,2475 2729,2474"/>
                <TextEquiv>
                    <Unicode>ußgeschmëitzt gezeicheet und fürhundert</Unicode>
                </TextEquiv>
            </TextLine>
            <TextLine id="r3l33" custom="readingOrder {index:32;}">
                <Coords points="1805,2579 1909,2594 2044,2564 2170,2603 2223,2567 2460,2578 2492,2555 2555,2586 2723,2556 2744,2520 2614,2484 2568,2527 2466,2542 2385,2491 2360,2516 2246,2491 2153,2545 2090,2511 2033,2542 1986,2507 1924,2551 1803,2509"/>
                <Baseline points="1811,2570 1857,2570 1903,2570 1950,2568 1996,2568 2042,2567 2089,2567 2135,2565 2181,2564 2228,2562 2274,2562 2320,2561 2367,2559 2413,2557 2459,2556 2506,2553 2552,2552 2598,2550 2645,2549 2691,2547 2738,2546"/>
                <TextEquiv>
                    <Unicode>und ein Jahr von statt und landt baner</Unicode>
                </TextEquiv>
            </TextLine>
            <TextLine id="r3l34" custom="readingOrder {index:33;}">
                <Coords points="1803,2651 1917,2624 1953,2648 2266,2617 2318,2641 2640,2627 2683,2585 2549,2590 2507,2558 2465,2584 2202,2571 2170,2603 2044,2564 1909,2594 1801,2580"/>
                <Baseline points="1808,2631 1851,2631 1895,2631 1938,2631 1982,2631 2025,2631 2069,2631 2112,2630 2156,2630 2199,2630 2243,2628 2286,2627 2330,2626 2373,2624 2417,2623 2460,2621 2504,2619 2547,2617 2591,2614 2634,2611 2678,2607"/>
                <TextEquiv>
                    <Unicode>siert werden solle. Was aber krei</Unicode>
                </TextEquiv>
            </TextLine>
            <TextLine id="r3l35" custom="readingOrder {index:34;}">
                <Coords points="1793,2715 1875,2698 1920,2728 2032,2689 2186,2736 2253,2687 2392,2733 2478,2685 2718,2688 2716,2611 2579,2660 2468,2618 2186,2656 2129,2623 1946,2678 1792,2676"/>
                <Baseline points="1799,2702 1844,2700 1890,2698 1935,2697 1981,2696 2027,2696 2072,2694 2118,2694 2163,2693 2209,2693 2255,2693 2300,2691 2346,2690 2391,2690 2437,2688 2483,2686 2528,2685 2574,2682 2619,2680 2665,2676 2711,2673"/>
                <TextEquiv>
                    <Unicode>wenger sein ehewyb betreffe wie auch</Unicode>
                </TextEquiv>
            </TextLine>
            <TextLine id="r3l36" custom="readingOrder {index:35;}">
                <Coords points="1817,2773 1999,2759 2060,2794 2097,2764 2304,2783 2375,2744 2488,2744 2781,2774 2769,2682 2541,2719 2479,2685 2392,2733 2317,2690 2187,2735 2086,2709 2043,2743 1957,2744 1893,2701 1816,2717"/>
                <Baseline points="1823,2762 1870,2762 1918,2760 1965,2760 2013,2759 2060,2758 2108,2757 2155,2756 2203,2754 2250,2753 2298,2753 2346,2751 2393,2750 2441,2748 2488,2748 2536,2747 2583,2747 2631,2745 2678,2745 2726,2745 2774,2745"/>
                <TextEquiv>
                    <Unicode>abbemelte seine 3 s�hn und noch die elte</Unicode>
                </TextEquiv>
            </TextLine>
            <TextLine id="r3l37" custom="readingOrder {index:36;} person {offset:19; length:13;}">
                <Coords points="1818,2830 1934,2824 1981,2864 2052,2815 2266,2850 2522,2810 2715,2826 2766,2813 2765,2755 2648,2785 2506,2748 2448,2775 2337,2754 2304,2784 2139,2791 2098,2764 2048,2796 1994,2758 1817,2787"/>
                <Baseline points="1824,2826 1870,2825 1917,2823 1964,2822 2011,2822 2058,2820 2104,2819 2151,2819 2198,2819 2245,2817 2292,2817 2338,2816 2385,2816 2432,2814 2479,2813 2526,2813 2572,2811 2619,2810 2666,2808 2713,2807 2760,2805"/>
                <TextEquiv>
                    <Unicode>der tochter namens Ureni Rugenal, die</Unicode>
                </TextEquiv>
            </TextLine>
            <TextLine id="r3l38" custom="readingOrder {index:37;}">
                <Coords points="1812,2909 2574,2874 2746,2906 2789,2885 2788,2810 2680,2844 2521,2810 2189,2869 2112,2823 1988,2867 1934,2824 1810,2848"/>
                <Baseline points="1817,2886 1865,2888 1913,2888 1961,2889 2010,2889 2058,2888 2106,2888 2155,2888 2203,2886 2251,2885 2300,2884 2348,2883 2396,2881 2444,2880 2493,2878 2541,2876 2589,2874 2638,2873 2686,2872 2734,2871 2783,2870"/>
                <TextEquiv>
                    <Unicode>söllind mit dem gmeinen eidt verwisen</Unicode>
                </TextEquiv>
            </TextLine>
            <TextLine id="r3l39" custom="readingOrder {index:38;}">
                <Coords points="1824,2985 1994,2961 2086,3007 2192,2960 2304,3002 2384,2956 2783,2951 2782,2908 2571,2876 2406,2923 2225,2885 2151,2932 2043,2888 1985,2916 1822,2902"/>
                <Baseline points="1829,2961 1876,2961 1923,2961 1971,2961 2018,2960 2066,2960 2113,2958 2160,2958 2208,2957 2255,2955 2303,2954 2350,2954 2397,2952 2445,2951 2492,2949 2540,2949 2587,2948 2634,2946 2682,2946 2729,2945 2777,2943"/>
                <TextEquiv>
                    <Unicode>und die übrigen kind so noch underjahren</Unicode>
                </TextEquiv>
            </TextLine>
            <TextLine id="r3l40" custom="readingOrder {index:39;} person {offset:11; length:15;}">
                <Coords points="1811,3039 1973,3030 2018,3058 2079,3028 2127,3059 2223,3014 2414,3041 2719,3021 2725,2953 2631,2943 2535,2995 2438,2956 2297,3005 2192,2961 2064,3006 1898,2957 1810,3007"/>
                <Baseline points="1817,3027 1862,3026 1907,3024 1952,3023 1997,3023 2042,3023 2087,3023 2133,3023 2178,3023 2223,3023 2268,3023 2313,3021 2358,3021 2403,3021 2449,3020 2494,3020 2539,3017 2584,3015 2629,3012 2674,3010 2720,3006"/>
                <TextEquiv>
                    <Unicode>mit nammen Euli Ann Mariel undt</Unicode>
                </TextEquiv>
            </TextLine>
            <TextLine id="r3l41" custom="readingOrder {index:40;} person {offset:0; length:7;}">
                <Coords points="1817,3112 2019,3090 2153,3137 2196,3095 2285,3084 2413,3134 2471,3083 2539,3129 2781,3096 2780,3026 2659,3060 2599,3009 2460,3064 2229,3014 2136,3058 1817,3046"/>
                <Baseline points="1823,3092 1870,3092 1918,3092 1965,3092 2013,3092 2060,3090 2108,3090 2155,3089 2203,3089 2250,3088 2298,3087 2346,3087 2393,3086 2441,3085 2488,3084 2536,3084 2583,3084 2631,3083 2678,3083 2726,3083 2774,3083"/>
                <TextEquiv>
                    <Unicode>Jsaaeli disen ihren elteren sonst zugeben</Unicode>
                </TextEquiv>
            </TextLine>
            <TextLine id="r3l42" custom="readingOrder {index:41;}">
                <Coords points="1823,3170 1911,3162 2029,3205 2098,3169 2159,3198 2193,3163 2306,3151 2555,3160 2555,3130 2473,3089 2413,3136 2294,3085 2233,3116 2197,3095 2132,3139 1991,3089 1823,3111"/>
                <Baseline points="1829,3155 1865,3155 1901,3155 1937,3155 1973,3156 2009,3156 2045,3156 2081,3156 2117,3156 2153,3156 2189,3156 2225,3155 2261,3155 2297,3155 2333,3155 2369,3153 2405,3153 2441,3152 2477,3150 2513,3149 2549,3147"/>
                <TextEquiv>
                    <Unicode>und fart gemüßeret werden.</Unicode>
                </TextEquiv>
            </TextLine>
            <TextLine id="r3l43" custom="readingOrder {index:42;}">
                <Coords points="1785,3266 2107,3235 2349,3264 2450,3230 2552,3236 2604,3279 2774,3244 2774,3217 2644,3172 2454,3215 2388,3165 2355,3188 2193,3163 2157,3198 2081,3173 2019,3212 1917,3166 1845,3209 1785,3171"/>
                <Baseline points="1791,3246 1839,3243 1888,3242 1937,3240 1986,3239 2035,3237 2084,3237 2132,3237 2181,3237 2230,3237 2279,3237 2328,3237 2377,3239 2426,3239 2474,3239 2523,3239 2572,3240 2621,3240 2670,3240 2719,3239 2768,3239"/>
                <TextEquiv>
                    <Unicode>Welliches alleß vff Zinstan 12 februari</Unicode>
                </TextEquiv>
            </TextLine>
            <TextLine id="r3l44" custom="readingOrder {index:43;}">
                <Coords points="1817,3324 1904,3348 1934,3319 2083,3338 2135,3308 2219,3337 2376,3295 2417,3328 2720,3307 2708,3273 2557,3276 2510,3242 2394,3283 2251,3239 2184,3278 2103,3236 1929,3277 1875,3245 1817,3275"/>
                <Baseline points="1824,3302 1868,3300 1913,3300 1957,3300 2002,3300 2046,3300 2091,3300 2135,3300 2180,3300 2224,3299 2269,3299 2313,3299 2358,3299 2402,3299 2447,3299 2491,3299 2536,3299 2580,3297 2625,3297 2669,3297 2714,3297"/>
                <TextEquiv>
                    <Unicode>1678 an ihnen ist execniert worden</Unicode>
                </TextEquiv>
            </TextLine>
            <TextEquiv>
                <Unicode>199
mehr by einem jahr daso verhauratet
mund sich sampt seiner frauwen zu
wengnau am leberbron gesetzet sei
aber sein frauw sydt 14 tag daher affen
Schupbran by der muter allo sy ein
kindtbettere nundem 14 tagus kind
habe.
Im schüpfenwaldt habe er mit seinem
matter tievor gehurtzet, da sein matter
von den schupfenbauren nocherlaubnuß
seine schwesteren seyen
gehabt.
noch allen tieren by der meter undt sei
doch jung Mas alters wüßeer so eigent
sich eitgesagen, einmahl der gëngste

brnd 4 gahrig und si dan jede schwüester
Ich eine 2 jahr elter alß die anderen
Ein geweße frauw Jsaacs Stim genent
habe 2 sohn die sich auch deß hattens an-
n
nemind, wo sy sich aberzeg zu zechind weste
er nit
di� seye alles was ihmme deß boths
In wißen und könne er anders garnit
bekennen
Alß nun obiges process vor rath abge
lesen worden haltend mahln erkendt des
Der alte vather neben einer vrphed die er
sonderbar schweren werde noch mit rüthen
ußgeschmëitzt gezeicheet und fürhundert
und ein Jahr von statt und landt baner
siert werden solle. Was aber krei
wenger sein ehewyb betreffe wie auch
abbemelte seine 3 s�hn und noch die elte
der tochter namens Ureni Rugenal, die
söllind mit dem gmeinen eidt verwisen
und die übrigen kind so noch underjahren
mit nammen Euli Ann Mariel undt
Jsaaeli disen ihren elteren sonst zugeben
und fart gemüßeret werden.
Welliches alleß vff Zinstan 12 februari
1678 an ihnen ist execniert worden</Unicode>
            </TextEquiv>
        </TextRegion>
    </Page>
</PcGts>
