3024 4032
514 565 1504 706 verordnet, die partheyen in ihren voroffnung und
513 639 1482 761 gegen vorofffnungen zevernemmen, welches auch in
515 697 1503 830 gegenwart whlen hilvogt Sinners undt hohgroß
505 761 1478 879 Weibel Willadungs geschechen und die gestelte kündt
507 820 1519 942 schafft Wisten gschbager von Trachselmaldt in seine
517 891 1518 1003 usdag angehört, datuß man aber nichts sonderbare
514 955 1514 1081 abnemmen können, wüßen er erst zum handel kommen
518 1018 1506 1153 nach dem die schlacht und bemachtigung deß gelts
527 1097 1522 1219 füreber, also daß gutfunden worden eines mehreren
524 1154 1496 1285 berichts von Hasel Callwo dise zwer gsellen auch
533 1232 1471 1357 schon hievor in verhafftn gsin und aber ußgewißen
539 1305 1043 1420 sein sollen) ze erwarten.
1221 1330 1500 1436 Inzwischen haben
526 1372 1489 1497 sy mit einer fußlysten von einem canngen
526 1446 1486 1567 dish, das gatter fornegt und sich noch in derselben
532 1515 1522 1627 nacht mit 4 zusamen gebundnen derkynen hinund
530 1580 1438 1708 gemacht und sich selbs an der matten mit einem
518 1656 1475 1789 Weidlig über die angen gestoßen 26. augussi
529 1734 705 1828 1675
616 2038 1127 2188 Ann Wenger.
517 2188 1487 2336 Ist alßein miderleüfferin, so sich widrumb
510 2284 1455 2400 des landt gelaßen undt ohngeacht ernstlichen
504 2354 1435 2467 zusprechens sich keines wegs zur gehorsamme
517 2422 1437 2561 ergeben wollen wegen diser ihrer großen
513 2486 1432 2616 halstarigkeit luth ißgangnenezavogts und
498 2554 1429 2688 deßhalb überschickten nochoberk, befelcht mit
516 2619 1435 2764 gethen ußgeschrietzt und durch die profforen
500 2686 1422 2822 wndrumb uff die grenzen geführt worden.
500 2781 1047 2914 6ten Septembris 1675
618 2910 1435 3057 Jagues Baslesac von Cutry.
428 3009 1498 3167 Der hievor von diebstahls wegen im schallen
492 3098 1495 3222 werek gsyn undt da ußgerißen, ist nochmahlen
499 3164 1504 3276 ob diebstühlen erwütscht worden und darumb
507 3220 1522 3346 wraff zedels sub un abin mit ruthen ußgescheiden.
488 3271 1526 3431 gezeichnet und durch die praffosen uff die gretzen
475 3367 1321 3509 geführt worden. 1. septembris 1675
1912 558 2581 721 Datui Schußler vndt
1966 657 2366 796 Hanß alter.
1812 785 2910 943 Nach dem dise baide diefe nach ihren sag von
1894 889 2869 982 Johansen by Elsis Saberen der man aber von Ober
1830 914 1879 998 8.
1862 947 2860 1067 Weyer in ßißgaume uffemkornmarck alhier
1871 1014 2895 1155 ermütsch worden, daß sy einem armen mant namen
1863 1076 2907 1202 Hans Grunder von neching, sein gelt ustem sack
1869 1153 2853 1285 gestolen, sind selbige disers ihres diebstahls wen
1848 1223 2879 1342 Ingezogen urdt auch darüber von Mirghe hr
1857 1263 2941 1432 gro�meibel Willading ernsthafft examiniert woren.
1863 1346 2931 1498 den. hat aber sy die sr alß die de sich gantz einfaltig
1860 1420 2912 1570 undt übelgsögend gestelt diser that keines megs bey
1856 1502 2935 1614 kant sein sonder verharren wollen, daß sy den geklasten
1875 1575 2916 1694 ottel mit gelt uffem boden lientunden und obschon
1875 1662 2935 1774 sy darüber mit sölchen umbstanden übertuget worden.
1852 1729 2928 1865 die sy nit wohl vernemmen können, hat sy ohne anders
1836 1808 2889 1945 d geben un mann umb verluhnen gebetten und
1862 1877 2928 2013 vermeint wylener sein gelt widerumb habe sölle
1862 1967 2878 2095 er sich billich vermiegen und das ein ußgemachte
1877 2043 2945 2163 sach sein.Vff geschechene wydere erförschung
1882 2134 2915 2258 woler sy komme, wo sy ubegnacht gelegen, wer nit
1855 2200 2936 2327 Ihra in die statthinrin kommen, was sy alhier sondern
1873 2274 2905 2406 lich aber vffein kornmarck zeschaffen ghan, Mo¬
1871 2355 2892 2488 rumb sy anfangs gesagt der sechel gehöre ihra zu
1859 2429 2911 2577 Item worumb sy alß man sy den keffi Schweyger
1877 2504 2967 2658 hinauff gef�rt zum oberen gatter uß ihrer gespilen
1867 2590 2872 2728 gelt hinuß geworffen. wie dise ihre gespilen
1870 2672 2984 2798 heiße so das gelt uffgeläsen, was sy auch hier zethen
1871 2731 2960 2868 habe. Item wohn sy die mahr oder spitzli so sy gehabt
1854 2800 2898 2937 hingethan, wein siy darvon verkaufft, wo sy mit
1863 2880 2564 2984 dem erlößten gelt hinkommen.
2680 2883 2943 3013 Hat sy über
1861 2950 2925 3095 Dise gethane fragen geantwortet sy seye ohngferd
1876 3024 2968 3161 ein uund vor der statt über nacht gsin, wüße aber
1855 3097 2883 3223 Den namen deß orths nit vill weniger deß
1880 3179 2918 3293 auwren wyrn sy nur in einem Crev) stall
1873 3248 2909 3373 gelegen, In die statt siye sy entzig kommen, alß
1882 3309 2949 3451 ein von den kriegen vertribne, habe an etlichen
