3024 4032
90 416 224 512 192
402 577 1357 790 In bysein herr Jacob Denners alt vogt i
418 666 1370 856 Brandis unnd Jo ggrostweibel von Grat
442 726 1357 906 Ienmuts an dieland genomen, da dan
445 795 1347 960 zu erst in der oberen gefangenschafft
454 862 1352 1053 vorgestelt worden tagin ungeral obig
427 927 1340 1086 këndiche Rigenals jitgstea sohn im
445 988 1362 1165 ohne hero 17 jahren seines alters wolghen
459 1056 1337 1200 uff alleß ernstlichen betragen und be-
443 1122 1352 1276 trruwen anders nit gestehene wollen
441 1198 1361 1317 alß daß sy das janige Hartz so er unnd
444 1258 1369 1399 seine geschwisterte (deren überall 4 ban
452 1315 1377 1467 der und 4 schmetteren seien) sidt funfft
435 1376 1391 1531 dahren dahat zekommen, stäts im gegbuge
443 1441 1358 1573 ger und solothurner prt gegen der
457 1506 1328 1639 glaßhetten und danhfelden, mirs
437 1579 1362 1700 dan solches gnugsammb bybrinen wolliend,
461 1645 1336 1762 gesamlet, hernach aber solches alhier
449 1711 1319 1840 de landt hin knd her wabe zu erlach
462 1772 1386 1895 bald zu Eig und anderen derglichenorthe
461 1845 1377 1961 vrrkaufft und in dem endt sich an und
467 1914 1386 2023 sidenlichen orthenmahl gepiets alß by den
458 1968 1358 2082 riederen und uff dem schupbergem zütt
472 2031 1372 2142 nung uffgehalten, da dun ihnen sonderlich
454 2092 1390 2192 uh bemeltem schupberg von einem gewesen
459 2158 1390 2273 Joß Caffer der tetzge franckrych gezogen,
457 2216 1334 2340 seye statt und pläzarben worden, aller
470 2292 1383 2391 nunmehr auch ihre muter noch ihre wohn
458 2360 1360 2457 nung habe, werde sich aber wie schon
454 2409 1360 2526 gemeldt) keines wegs erfunden, daß sy
457 2482 1363 2601 Ie myhen hölzeren sydt 5d jahren daher
433 2559 1368 2662 Da es so hoch verponen worden einichen
453 2604 1388 2733 schaden gethan oder würcklich gehurtzet han
580 2677 1391 2796 Wohl seyind etlich under ihnen
457 2682 580 2771 bind.
449 2737 1400 2849 vor etwas zus zom weibel von Frinis
456 2803 1382 2923 perg im schupfen Mald an der streß si
453 2852 1404 2986 zendfunden worden, da doch keiner kein
458 2930 1368 3053 schaden nit gethan, sonder imfeltig ihrer
471 3012 1115 3126 staaß nachzuchen wellen
400 3128 1392 3271 dantz Rigenal obstehenden Jannis band
457 3218 1375 3338 der auch sonderbar disers Larzens halb
470 3281 1413 3375 befragt worden, hat anders nit bekennen
464 3336 1419 3458 wellen und auch verharret, daß syde ho
1267 3408 1378 3500 vogt
2582 395 2701 500 193.
1682 525 2691 723 vogt Gärbers sel zy theer da ihnen die
1702 601 2670 769 ouren von Schupfen noch erlaubt im
1689 665 2688 846 SchupfenMald zeharzen, sy sich weder in
1695 727 2686 896 disem noch in anderen myhl holtzeren
1706 816 2301 973 nit miters vergriffen
1650 892 2713 1104 Gendicht Niggnal obiger beiden knahen
1724 983 2722 1144 vatter hat uf die ihmme vorgehaltene frau
1728 1035 2740 1202 bekendt, daß eo zwar vor ohngfrad 3 jahren
1723 1122 2721 1278 eben disers harzens weg neben seinem
1745 1183 2738 1337 istgeschwungnen bruder Mühel Rigenal
1728 1238 2731 1384 die statthigab (doch ohne schmeitzen zeche
1743 1307 2737 1437 und das land vrrwyden müßen, seye ihm
1739 1374 2725 1511 aber einhalb jahr darnach uff anhalten
1736 1449 2727 1591 seiner fraumen daslandt aß sonderen
1735 1520 2654 1634 gnaden widerumb geöffnet worden.
1739 1574 2724 1714 Sydthe habe er sich in mahl holzeren keiner
1756 1656 2734 1770 wegs mit hanzen vergriffen, sondern habe
1756 1725 2685 1840 sich einzyt lang uffem laberbrar und
1751 1786 2736 1894 by der alas hetten itogen sudt etwas wer
1759 1848 2717 1975 it habe er sich uff dem schupbeag esfgen
1753 1917 2544 2039 halten, da sie frauw nach seyen
1736 2025 2684 2171 Hanß Signal der elteste sohn nagwot
1777 2113 2742 2237 auch gestencklich, daß er nach der weiblen
1765 2172 2760 2287 von Iremsprag vorgeben seye im schupfen
1762 2239 2743 2359 Wald ab dem hartzen ergaiffen worden.
1774 2316 2757 2427 will auch so wenig alß obiger sein vatter
1781 2377 2737 2495 und übrwe seine geschwüsterte gestehen
1782 2440 2701 2541 daß er weder in disem noch anderen
1787 2504 2641 2621 verpottenen holtzeren gehantzet habe.
1970 2705 2729 2842 uffgenommener bericht von
1846 2798 2714 2911 Den Amptsweiblen von Frienis¬
1952 2858 2509 2968 prag den 8ten dito.
1783 2977 2779 3100 Jacob Moser der meibel von Stedorfffürt
1769 3067 2782 3180 daßer disen alten kartzer stendicht seige
1811 3128 2763 3242 nal vor ohrgferd anderhalben jehr im
1800 3195 2764 3308 Friemsperger Maldt antroffen, daß er
1811 3253 2743 3351 hinder einer cannen mit einem darzu
2543 3318 2767 3431 gereußete
