3024 4032
64 492 159 567 210
486 537 1097 700 Hanß Jacob Wolffli
342 736 1346 913 Diser Hanß Jacob Wolffli von Inr, so daalß
405 828 1351 960 ein handtwerets gsell sich der jungst von Mahen
401 888 1353 1016 gemachten oodnung dardurf aller landtwerc
401 959 1320 1076 bürs ins gmein vervotten worden in der
398 1029 1354 1154 stattherumb dagen ze tragen) nit underwersfen
417 1096 1356 1221 wollen, derselben gespottet und wnder die weibel
408 1173 1315 1303 die ihmme das wehr nemmen wollen gezickt,
401 1237 1344 1374 Ist wegen diser seiner ungehorsame anderen
420 1313 1341 1448 sum exemael uff ein jahr lang von Magen
426 1382 1326 1518 landt undt gepreen eidtlich verwisen.
422 1465 1124 1592 worden  16. juni 1678.
