3024 4032
1691 1805 1863 1924 gehalten.
1894 723 2702 922 Arbli Burcki ab der
2108 841 2411 969 Largenegg.
1840 940 2944 1127 Ist wegen begangnen zweiten ehebruchs crafft
1865 1019 2935 1185 gsatzes, dß ihr gel befelch eidtlich von statt undt
1875 1080 2957 1215 landt verwisen worden 6t augustur 1675
1962 1451 2814 1601 Hanß Stucki von Oeliger.
1848 1579 2890 1730 Ist wegen ußgoßnen schandtlichen schmachwyrten
1884 1668 2907 1785 wider seinen vaster trafft raths erkantnuß
1884 1738 2904 1853 zu einer offentlichen deprecation vor seiner ge-
1894 1810 2910 1913 mind, hernach aber mit dem eidt für eier jahr
1879 1865 2947 1956 von Mahe statt undt landt verwisen worden in-
1874 1937 2862 2056 nert wellichem termin er umb erniche gnad nit
1885 2007 2158 2117 aehalten soll.
2185 2002 2740 2128 7ten Augusti 1675.
1970 2328 2860 2474 Peter Jiiger vom Adelboden vndt¬
1967 2428 2785 2557 Bendicht schlößer von Oberburg.
1852 2564 2909 2687 Sind von Niclans Tebar vndt Ulli Lunradt von
1876 2647 2919 2771 Wrachselwaldt anklagt worden, waß sy in ihrer
1873 2721 2942 2832 zuruek Reiß von Straßburg, da sy etwas an wolchen
1870 2771 2962 2910 verhaufft, schandtlicher wys seyen aespoliert worden
1882 2843 2863 2942 mit auch er Bubach darüber mächtig vorweinde
1877 2906 2984 3032 worden. Alß sy aber deßen nit gestendig sein wollen
1874 2962 2937 3092 undt fürgeben es habindt sich dise beide mit ihnen im
1879 3029 2950 3160 spill ingelaßen und da sy erlich 40 dublonen verspilt
1874 3097 2912 3226 ihr gelt mit gewalt wererhaben wollen, daruß
1876 3160 2960 3293 dan dise schlegeren entstanden habend sy sich darumb
1886 3227 2973 3366 beidenphs uffkundtschafft beruffen. Darüber mahl
1875 3296 2957 3418 mhrren ocathshr Jundeli zu einem examinatores verbro
2873 3392 2947 3456 net
