<?xml version="1.0" encoding="UTF-8" standalone="yes"?>
<PcGts xmlns="http://schema.primaresearch.org/PAGE/gts/pagecontent/2013-07-15" xmlns:xsi="http://www.w3.org/2001/XMLSchema-instance" xsi:schemaLocation="http://schema.primaresearch.org/PAGE/gts/pagecontent/2013-07-15 http://schema.primaresearch.org/PAGE/gts/pagecontent/2013-07-15/pagecontent.xsd">
    <Metadata>
        <Creator>prov=University of Rostock/Institute of Mathematics/CITlab|PLANET AI GmbH/Gundram Leifert/gundram.leifert@planet-ai.de:name=German_Kurrent_XVI-XVIII_M1(htr_id=19584)::::v=2.6.7
prov=University of Rostock/Institute of Mathematics/CITlab|PLANET AI GmbH/Tobias Gruening/tobias.gruening@planet-ai.de:name=de.uros.citlab.module.baseline2polygon.B2PSeamMultiOriented:v=2.6.7
prov=University of Rostock/Institute of Mathematics/CITlab|PLANET AI GmbH/Tobias Gruening/tobias.gruening@planet-ai.de:name=/net_tf/LA73_249_0mod360.pb:de.uros.citlab.segmentation.CITlab_LA_ML:v=2.6.7
Transkribus</Creator>
        <Created>2021-03-11T12:12:38.112+01:00</Created>
        <LastChange>2022-09-12T14:57:50.123+02:00</LastChange>
        <TranskribusMetadata docId="1334838" pageId="52361779" pageNr="59" tsid="114643571" status="IN_PROGRESS" userId="9570" imgUrl="https://files.transkribus.eu/Get?id=YJGWBRFRDIUIFTLZLYXWIONI&amp;fileType=view" xmlUrl="https://files.transkribus.eu/Get?id=XXUAPDKTOCFNLSPKNDBEEKNI" imageId="19032632"/>
    </Metadata>
    <Page imageFilename="B_IX_483_Seite_059.jpg" imageWidth="3024" imageHeight="4032">
        <ReadingOrder>
            <OrderedGroup id="ro_1687513690784" caption="Regions reading order">
                <RegionRefIndexed index="0" regionRef="r1"/>
                <RegionRefIndexed index="1" regionRef="r2"/>
                <RegionRefIndexed index="2" regionRef="r3"/>
            </OrderedGroup>
        </ReadingOrder>
        <TextRegion orientation="0.0" id="r1" custom="readingOrder {index:0;}">
            <Coords points="153,377 153,532 248,532 248,377"/>
            <TextLine id="r1l1" custom="readingOrder {index:0;}">
                <Coords points="145,515 167,520 180,508 195,500 215,499 228,487 235,490 242,486 254,487 255,452 230,453 213,442 208,444 203,438 196,443 185,437 171,443 156,430 148,429"/>
                <Baseline points="153,480 184,477 216,479 248,482"/>
                <TextEquiv>
                    <Unicode>Wo</Unicode>
                </TextEquiv>
            </TextLine>
            <TextEquiv>
                <Unicode>Wo</Unicode>
            </TextEquiv>
        </TextRegion>
        <TextRegion orientation="0.0" id="r2" custom="readingOrder {index:1;}">
            <Coords points="428,546 428,1360 1392,1360 1392,546"/>
            <TextLine id="r2l1" custom="readingOrder {index:0;}">
                <Coords points="444,592 528,589 563,623 612,588 732,590 836,645 886,608 952,636 1134,627 1252,698 1312,674 1378,701 1386,633 1235,572 1135,602 876,511 581,498 508,548 452,522"/>
                <Baseline points="453,576 499,579 545,582 591,584 637,587 683,589 729,591 775,593 821,597 867,599 913,603 959,606 1005,612 1051,618 1097,625 1143,632 1189,642 1235,652 1281,665 1327,678 1373,693"/>
                <TextEquiv>
                    <Unicode>zur oder laßen solle, wo man in seine</Unicode>
                </TextEquiv>
            </TextLine>
            <TextLine id="r2l2" custom="readingOrder {index:1;}">
                <Coords points="454,664 582,659 634,692 668,664 927,679 997,732 1167,705 1305,754 1352,756 1357,709 1298,675 1252,698 1165,635 1116,662 917,620 836,646 737,587 615,590 561,629 459,600"/>
                <Baseline points="462,648 506,651 550,653 594,656 639,657 683,659 727,660 771,662 816,663 860,666 904,668 948,672 993,676 1037,680 1081,685 1125,692 1170,700 1214,708 1258,719 1302,730 1347,744"/>
                <TextEquiv>
                    <Unicode>persohn halb etwas wenig richtes haben</Unicode>
                </TextEquiv>
            </TextLine>
            <TextLine id="r2l3" custom="readingOrder {index:2;}">
                <Coords points="422,731 455,722 470,732 523,727 540,732 552,726 562,733 573,726 609,738 608,682 593,685 575,667 551,672 536,658 497,680 462,651 421,663"/>
                <Baseline points="428,717 457,719 486,719 515,718 544,716 573,716 602,717"/>
                <TextEquiv>
                    <Unicode>Mellen</Unicode>
                </TextEquiv>
            </TextLine>
            <TextLine id="r2l4" custom="readingOrder {index:3;}">
                <Coords points="420,848 841,827 1091,890 1145,848 1381,922 1401,877 1327,805 1272,833 1211,775 1114,784 1040,737 1004,763 789,741 710,795 477,732 428,755"/>
                <Baseline points="429,821 477,822 525,824 573,825 621,826 669,827 717,828 766,830 814,831 862,833 910,837 958,840 1006,843 1054,847 1103,853 1151,859 1199,866 1247,874 1295,884 1343,894 1392,906"/>
                <TextEquiv>
                    <Unicode>Alß nun diser bericht myhr vorgetragen</Unicode>
                </TextEquiv>
            </TextLine>
            <TextLine id="r2l5" custom="readingOrder {index:4;}">
                <Coords points="436,906 520,938 608,901 771,901 814,943 851,915 900,945 1107,919 1315,999 1375,962 1231,873 1173,900 959,885 844,830 707,826 618,867 571,819 440,844"/>
                <Baseline points="444,890 490,891 536,891 582,893 628,894 675,896 721,897 767,899 813,900 859,903 906,905 952,908 998,912 1044,915 1090,920 1137,925 1183,930 1229,936 1275,942 1321,951 1368,959"/>
                <TextEquiv>
                    <Unicode>worden, halbend selbigen erkent, daß oer</Unicode>
                </TextEquiv>
            </TextLine>
            <TextLine id="r2l6" custom="readingOrder {index:5;} person {offset:0; length:17;} place {offset:25; length:5;}">
                <Coords points="430,983 524,960 590,1002 639,966 945,1006 1172,989 1263,1055 1363,1025 1366,966 1320,1000 1108,920 908,955 748,909 527,941 434,911"/>
                <Baseline points="438,957 483,960 529,963 575,965 621,966 667,968 713,969 759,971 805,972 851,974 897,976 942,978 988,980 1034,984 1080,988 1126,992 1172,996 1218,1002 1264,1009 1310,1017 1356,1025"/>
                <TextEquiv>
                    <Unicode>Heinrich Immerman in die insel gefehrt</Unicode>
                </TextEquiv>
            </TextLine>
            <TextLine id="r2l7" custom="readingOrder {index:6;}">
                <Coords points="446,1039 774,1040 896,1084 1123,1053 1326,1102 1361,1065 1263,1056 1193,1000 1138,1021 1106,987 1018,1019 915,980 746,1011 643,968 590,1002 550,965 449,980"/>
                <Baseline points="453,1023 498,1026 543,1029 588,1030 633,1032 678,1034 723,1035 768,1037 813,1040 858,1041 903,1044 948,1046 993,1049 1038,1052 1083,1055 1128,1059 1173,1064 1218,1069 1263,1074 1308,1081 1353,1088"/>
                <TextEquiv>
                    <Unicode>undt dan durch die herren gott undt scharer</Unicode>
                </TextEquiv>
            </TextLine>
            <TextLine id="r2l8" custom="readingOrder {index:7;}">
                <Coords points="437,1101 639,1098 755,1143 809,1115 853,1157 900,1124 1118,1121 1396,1175 1399,1124 1188,1060 895,1085 723,1036 599,1063 527,1025 440,1054"/>
                <Baseline points="444,1092 491,1094 538,1097 585,1098 633,1100 680,1101 727,1103 774,1104 822,1106 869,1108 916,1109 963,1113 1011,1115 1058,1118 1105,1123 1152,1127 1200,1132 1247,1138 1294,1146 1341,1153 1389,1163"/>
                <TextEquiv>
                    <Unicode>condiert werden solle, ob eit under etwan</Unicode>
                </TextEquiv>
            </TextLine>
            <TextLine id="r2l9" custom="readingOrder {index:8;}">
                <Coords points="452,1171 711,1174 841,1238 893,1204 989,1230 1070,1199 1202,1246 1327,1227 1331,1152 1108,1128 998,1164 918,1125 848,1158 809,1115 624,1147 565,1102 455,1098"/>
                <Baseline points="459,1164 502,1167 545,1169 588,1170 631,1173 674,1175 717,1176 760,1177 803,1178 846,1180 889,1182 932,1184 975,1185 1018,1187 1061,1189 1104,1193 1147,1196 1190,1199 1233,1204 1276,1208 1320,1214"/>
                <TextEquiv>
                    <Unicode>verwüerung noch ein gooße boßkeit</Unicode>
                </TextEquiv>
            </TextLine>
            <TextLine id="r2l10" custom="readingOrder {index:9;}">
                <Coords points="447,1267 499,1293 581,1291 625,1268 683,1304 756,1257 846,1291 882,1276 920,1288 923,1215 893,1204 843,1239 793,1206 750,1236 681,1232 606,1170 452,1172"/>
                <Baseline points="455,1242 480,1241 506,1241 531,1241 557,1242 582,1242 608,1244 633,1245 659,1247 685,1248 710,1250 736,1251 761,1253 787,1254 812,1255 838,1257 863,1257 889,1257 915,1257"/>
                <TextEquiv>
                    <Unicode>verhanden seye</Unicode>
                </TextEquiv>
            </TextLine>
            <TextLine id="r2l11" custom="readingOrder {index:10;}">
                <Coords points="950,1292 995,1283 1038,1313 1101,1281 1143,1292 1168,1276 1237,1275 1306,1293 1341,1278 1382,1298 1384,1253 1339,1222 1264,1258 1227,1239 1204,1251 1148,1211 1123,1227 1095,1201 1069,1200 1040,1226 1013,1210 988,1230 954,1215"/>
                <Baseline points="959,1263 985,1263 1011,1263 1037,1264 1063,1265 1089,1266 1115,1268 1141,1269 1167,1271 1193,1273 1219,1275 1245,1277 1271,1278 1297,1280 1323,1281 1349,1283 1376,1284"/>
                <TextEquiv>
                    <Unicode>22 januarii 1677</Unicode>
                </TextEquiv>
            </TextLine>
            <TextLine id="r2l12" custom="readingOrder {index:11;}">
                <Coords points="1293,1361 1337,1357 1356,1346 1372,1353 1394,1354 1387,1296 1370,1303 1335,1283 1316,1308 1297,1324 1289,1325"/>
                <Baseline points="1299,1347 1327,1340 1356,1336 1385,1337"/>
                <TextEquiv>
                    <Unicode></Unicode>
                </TextEquiv>
            </TextLine>
            <TextEquiv>
                <Unicode>zur oder laßen solle, wo man in seine
persohn halb etwas wenig richtes haben
Mellen
Alß nun diser bericht myhr vorgetragen
worden, halbend selbigen erkent, daß oer
Heinrich Immerman in die insel gefehrt
undt dan durch die herren gott undt scharer
condiert werden solle, ob eit under etwan
verwüerung noch ein gooße boßkeit
verhanden seye
22 januarii 1677
</Unicode>
            </TextEquiv>
        </TextRegion>
        <TextRegion orientation="0.0" id="r3" custom="readingOrder {index:2;}">
            <Coords points="1635,440 1635,3482 2810,3482 2810,440"/>
            <TextLine id="r3l1" custom="readingOrder {index:0;}">
                <Coords points="2636,530 2671,527 2683,531 2695,520 2704,520 2713,529 2725,529 2725,454 2718,454 2707,444 2697,444 2678,427 2670,426 2663,432 2657,426 2636,427"/>
                <Baseline points="2643,477 2668,477 2693,477 2718,477"/>
                <TextEquiv>
                    <Unicode>M</Unicode>
                </TextEquiv>
            </TextLine>
            <TextLine id="r3l2" custom="readingOrder {index:1;} person {offset:0; length:15;}">
                <Coords points="1790,761 1862,759 1910,790 1945,756 1990,755 2046,784 2231,748 2296,765 2447,707 2496,715 2493,679 2329,601 2273,625 2237,606 2075,640 2000,629 1869,736 1786,714"/>
                <Baseline points="1796,758 1830,753 1865,749 1899,746 1934,743 1969,740 2003,737 2038,735 2073,732 2107,729 2142,727 2177,725 2211,723 2246,722 2281,719 2315,717 2350,716 2385,713 2419,711 2454,708 2489,707"/>
                <TextEquiv>
                    <Unicode>endicht Speller.</Unicode>
                </TextEquiv>
            </TextLine>
            <TextLine id="r3l3" custom="readingOrder {index:2;}">
                <Coords points="1628,973 1739,961 1817,1000 2045,942 2280,950 2329,914 2538,943 2752,913 2750,881 2549,817 2458,884 2388,843 2143,884 1979,836 1797,914 1621,857"/>
                <Baseline points="1635,969 1690,963 1745,958 1801,953 1856,947 1912,943 1967,938 2023,935 2078,931 2134,927 2189,923 2244,920 2300,918 2355,915 2411,913 2466,911 2522,909 2577,908 2633,906 2688,906 2744,905"/>
                <TextEquiv>
                    <Unicode>Sach deme Mgll abermallen mit sonderem</Unicode>
                </TextEquiv>
            </TextLine>
            <TextLine id="r3l4" custom="readingOrder {index:3;}">
                <Coords points="1706,1033 1979,1040 2089,1000 2248,1033 2351,981 2434,1008 2478,976 2576,999 2647,976 2623,911 2515,954 2452,918 2389,950 2329,913 2278,950 2061,936 1813,1001 1703,970"/>
                <Baseline points="1713,1026 1759,1021 1805,1018 1851,1015 1898,1011 1944,1007 1990,1005 2037,1002 2083,999 2129,996 2176,993 2222,990 2268,989 2314,986 2361,984 2407,981 2453,980 2500,977 2546,975 2592,974 2639,971"/>
                <TextEquiv>
                    <Unicode>bedannen ersonommen, man maßen diser</Unicode>
                </TextEquiv>
            </TextLine>
            <TextLine id="r3l5" custom="readingOrder {index:4;} person {offset:0; length:16;} place {offset:21; length:11;}">
                <Coords points="1683,1127 1842,1134 2034,1072 2238,1119 2316,1066 2366,1101 2426,1053 2648,1061 2692,1052 2688,979 2550,1019 2475,980 2425,1031 2352,981 2169,1046 2090,1000 1884,1051 1746,1023 1679,1057"/>
                <Baseline points="1688,1094 1737,1091 1787,1088 1837,1086 1887,1082 1937,1080 1986,1076 2036,1074 2086,1071 2136,1068 2186,1067 2235,1063 2285,1061 2335,1059 2385,1056 2435,1053 2484,1051 2534,1049 2584,1047 2634,1044 2684,1043"/>
                <TextEquiv>
                    <Unicode>kendicht Gfeller von Dagertschen uß anlaß</Unicode>
                </TextEquiv>
            </TextLine>
            <TextLine id="r3l6" custom="readingOrder {index:5;} person {offset:24; length:6;} place {offset:35; length:5;}">
                <Coords points="1696,1174 2214,1138 2319,1171 2362,1135 2688,1118 2686,1086 2575,1049 2515,1083 2428,1053 2347,1111 2288,1084 2202,1120 2154,1082 2070,1118 1901,1095 1840,1134 1694,1138"/>
                <Baseline points="1703,1161 1751,1159 1800,1157 1849,1154 1898,1152 1947,1151 1996,1149 2045,1147 2094,1145 2143,1143 2192,1142 2240,1139 2289,1137 2338,1135 2387,1133 2436,1130 2485,1128 2534,1124 2583,1121 2632,1118 2681,1113"/>
                <TextEquiv>
                    <Unicode>einer ihmme durch damel steffn von Beler</Unicode>
                </TextEquiv>
            </TextLine>
            <TextLine id="r3l7" custom="readingOrder {index:6;} place {offset:9; length:9;} place {offset:22; length:8;}">
                <Coords points="1709,1265 1757,1241 1831,1280 1899,1230 2011,1253 2145,1217 2214,1260 2336,1251 2452,1199 2642,1228 2686,1212 2683,1125 2534,1133 2441,1189 2352,1146 2288,1195 2183,1145 2154,1177 1959,1152 1901,1210 1705,1168"/>
                <Baseline points="1715,1235 1763,1233 1811,1230 1859,1229 1907,1227 1955,1226 2003,1224 2052,1223 2100,1221 2148,1219 2196,1217 2244,1216 2292,1214 2340,1212 2389,1209 2437,1208 2485,1205 2533,1202 2581,1200 2629,1196 2678,1193"/>
                <TextEquiv>
                    <Unicode>Const zu Huntziken by münsigen gebührten,</Unicode>
                </TextEquiv>
            </TextLine>
            <TextLine id="r3l8" custom="readingOrder {index:7;}">
                <Coords points="1717,1322 1808,1308 1955,1351 2086,1294 2189,1296 2266,1343 2426,1286 2551,1323 2610,1270 2686,1274 2684,1246 2544,1202 2450,1262 2273,1233 2214,1259 2146,1217 2013,1268 1906,1229 1844,1279 1715,1287"/>
                <Baseline points="1724,1313 1771,1310 1819,1307 1867,1304 1914,1302 1962,1301 2010,1299 2057,1296 2105,1295 2153,1293 2201,1292 2248,1291 2296,1289 2344,1287 2391,1285 2439,1283 2487,1280 2534,1278 2582,1274 2630,1271 2678,1266"/>
                <TextEquiv>
                    <Unicode>be nächtlicher mrllvog dem widtshhauß iu</Unicode>
                </TextEquiv>
            </TextLine>
            <TextLine id="r3l9" custom="readingOrder {index:8;} place {offset:0; length:7;}">
                <Coords points="1709,1396 1963,1377 2043,1417 2156,1374 2273,1415 2500,1353 2544,1384 2715,1358 2713,1298 2613,1269 2553,1324 2426,1286 2369,1338 2283,1344 2232,1314 2163,1339 2086,1294 1957,1351 1705,1314"/>
                <Baseline points="1715,1386 1764,1385 1814,1382 1863,1379 1913,1377 1963,1375 2012,1373 2062,1370 2112,1368 2161,1367 2211,1365 2261,1364 2310,1362 2360,1360 2410,1358 2459,1355 2509,1353 2559,1351 2608,1348 2658,1345 2708,1341"/>
                <TextEquiv>
                    <Unicode>Rubigen errsetzten ohrsygen sich so wyt ver</Unicode>
                </TextEquiv>
            </TextLine>
            <TextLine id="r3l10" custom="readingOrder {index:9;}">
                <Coords points="1704,1505 1769,1460 2008,1451 2087,1505 2315,1449 2393,1486 2441,1445 2694,1437 2692,1387 2511,1406 2375,1378 2259,1424 2102,1387 2041,1429 1916,1378 1862,1425 1799,1392 1701,1433"/>
                <Baseline points="1709,1472 1757,1468 1806,1463 1855,1460 1904,1456 1953,1454 2002,1451 2051,1449 2100,1448 2149,1445 2198,1444 2246,1443 2295,1442 2344,1440 2393,1437 2442,1436 2491,1434 2540,1432 2589,1430 2638,1427 2687,1424"/>
                <TextEquiv>
                    <Unicode>gesten, daß er sich zu seiner defension eines</Unicode>
                </TextEquiv>
            </TextLine>
            <TextLine id="r3l11" custom="readingOrder {index:10;}">
                <Coords points="1716,1585 1813,1543 1861,1566 1903,1528 2263,1539 2469,1499 2610,1531 2698,1510 2696,1466 2605,1427 2467,1441 2388,1489 2314,1449 2248,1491 2183,1462 2086,1505 2010,1450 1854,1500 1769,1458 1712,1499"/>
                <Baseline points="1721,1542 1769,1539 1817,1536 1866,1533 1914,1532 1963,1529 2011,1527 2060,1525 2108,1523 2157,1521 2205,1520 2253,1518 2302,1517 2350,1514 2399,1512 2447,1510 2496,1508 2544,1505 2593,1502 2641,1499 2690,1494"/>
                <TextEquiv>
                    <Unicode>by sich gehabten meßers bedienet und ihne</Unicode>
                </TextEquiv>
            </TextLine>
            <TextLine id="r3l12" custom="readingOrder {index:11;} person {offset:6; length:12;}">
                <Coords points="1711,1629 1955,1608 1993,1637 2147,1599 2234,1656 2335,1602 2725,1600 2723,1552 2547,1555 2471,1503 2415,1552 2354,1511 2294,1559 2143,1520 2019,1580 1903,1529 1710,1590"/>
                <Baseline points="1718,1620 1770,1616 1823,1614 1875,1611 1928,1609 1980,1606 2033,1604 2086,1602 2138,1600 2191,1598 2243,1596 2296,1595 2348,1593 2401,1592 2454,1589 2506,1587 2559,1586 2611,1585 2664,1583 2717,1581"/>
                <TextEquiv>
                    <Unicode>dicht Danel Stucki mit 2 stichen derge</Unicode>
                </TextEquiv>
            </TextLine>
            <TextLine id="r3l13" custom="readingOrder {index:12;}">
                <Coords points="1730,1712 1905,1682 2048,1724 2106,1679 2192,1724 2332,1665 2413,1707 2478,1664 2719,1679 2716,1618 2655,1585 2492,1586 2255,1652 2148,1601 1999,1636 1955,1605 1891,1650 1836,1613 1728,1667"/>
                <Baseline points="1736,1694 1784,1691 1833,1688 1882,1686 1931,1684 1979,1681 2028,1679 2077,1677 2126,1675 2174,1673 2223,1670 2272,1668 2321,1667 2369,1665 2418,1664 2467,1662 2516,1660 2564,1659 2613,1658 2662,1656 2711,1655"/>
                <TextEquiv>
                    <Unicode>stalten beschädiget, daß er alß todtlich ver</Unicode>
                </TextEquiv>
            </TextLine>
            <TextLine id="r3l14" custom="readingOrder {index:13;}">
                <Coords points="1727,1774 2231,1750 2407,1786 2452,1742 2748,1751 2746,1686 2664,1704 2617,1661 2547,1663 2427,1709 2371,1683 2035,1729 1906,1683 1726,1743"/>
                <Baseline points="1733,1763 1783,1761 1833,1760 1884,1758 1934,1756 1985,1754 2035,1752 2085,1751 2136,1749 2186,1748 2237,1745 2287,1743 2337,1742 2388,1741 2438,1740 2489,1739 2539,1737 2589,1737 2640,1737 2690,1736 2741,1736"/>
                <TextEquiv>
                    <Unicode>munst allar zur cronen in die leistig, der</Unicode>
                </TextEquiv>
            </TextLine>
            <TextLine id="r3l15" custom="readingOrder {index:14;}">
                <Coords points="1727,1847 1993,1835 2067,1883 2186,1827 2247,1861 2409,1821 2486,1871 2540,1847 2616,1872 2676,1815 2730,1832 2729,1782 2607,1738 2556,1785 2449,1747 2407,1786 2291,1790 2248,1756 2196,1798 2032,1810 1950,1760 1882,1811 1814,1764 1726,1787"/>
                <Baseline points="1734,1839 1783,1837 1832,1835 1882,1833 1931,1832 1981,1830 2030,1829 2080,1827 2129,1826 2179,1824 2228,1823 2277,1823 2327,1821 2376,1820 2426,1820 2475,1818 2525,1818 2574,1817 2624,1815 2673,1815 2723,1814"/>
                <TextEquiv>
                    <Unicode>Thäter aber ungegen in die obere gefangen</Unicode>
                </TextEquiv>
            </TextLine>
            <TextLine id="r3l16" custom="readingOrder {index:15;}">
                <Coords points="1737,1941 1868,1968 1957,1914 2015,1948 2115,1907 2371,1935 2485,1901 2615,1950 2751,1905 2749,1835 2679,1818 2601,1880 2541,1848 2472,1876 2411,1823 2239,1865 2163,1836 2069,1885 1994,1836 1845,1838 1809,1873 1735,1851"/>
                <Baseline points="1743,1929 1793,1925 1843,1920 1893,1916 1943,1912 1993,1910 2043,1907 2093,1905 2143,1904 2193,1904 2243,1902 2293,1902 2343,1901 2393,1901 2443,1901 2493,1899 2543,1899 2593,1898 2643,1896 2693,1895 2744,1893"/>
                <TextEquiv>
                    <Unicode>schafft gemahrsamlich geführt worden, habend</Unicode>
                </TextEquiv>
            </TextLine>
            <TextLine id="r3l17" custom="readingOrder {index:16;}">
                <Coords points="1730,2031 1793,1999 1861,2050 1969,1991 2026,2040 2383,1980 2449,2017 2546,1976 2739,1971 2738,1942 2612,1949 2494,1901 2321,1964 2015,1950 1970,1913 1870,1970 1775,1927 1728,1959"/>
                <Baseline points="1736,1998 1785,1997 1835,1996 1885,1995 1935,1994 1985,1992 2034,1991 2084,1989 2134,1988 2184,1987 2234,1986 2283,1985 2333,1983 2383,1982 2433,1980 2483,1979 2532,1977 2582,1977 2632,1975 2682,1973 2732,1973"/>
                <TextEquiv>
                    <Unicode>hochgedacht mahe by so engelanster trauwin</Unicode>
                </TextEquiv>
            </TextLine>
            <TextLine id="r3l18" custom="readingOrder {index:17;}">
                <Coords points="1733,2128 1942,2119 2003,2069 2150,2061 2332,2092 2423,2056 2524,2108 2612,2051 2682,2067 2707,1981 2446,2020 2383,1980 2242,2045 2118,2010 2012,2040 1970,2009 1928,2055 1786,2005 1730,2031"/>
                <Baseline points="1739,2087 1787,2083 1835,2081 1883,2078 1931,2075 1979,2073 2027,2070 2076,2069 2124,2067 2172,2066 2220,2064 2268,2063 2316,2061 2364,2060 2413,2058 2461,2057 2509,2055 2557,2054 2605,2053 2653,2052 2702,2051"/>
                <TextEquiv>
                    <Unicode>zythung, sonderlich aber uff den diß orths</Unicode>
                </TextEquiv>
            </TextLine>
            <TextLine id="r3l19" custom="readingOrder {index:18;}">
                <Coords points="1736,2196 1869,2151 2005,2206 2118,2146 2225,2148 2297,2196 2520,2130 2761,2140 2759,2069 2717,2045 2599,2115 2552,2082 2475,2111 2399,2054 2341,2106 2272,2066 2198,2104 2147,2062 1966,2121 1735,2124"/>
                <Baseline points="1742,2157 1792,2156 1843,2154 1893,2153 1944,2151 1994,2150 2045,2148 2095,2148 2146,2147 2196,2145 2247,2145 2298,2144 2348,2142 2399,2141 2449,2139 2500,2138 2550,2138 2601,2136 2651,2133 2702,2131 2753,2129"/>
                <TextEquiv>
                    <Unicode>gegebenen bericht, daß ußegt dem thater unnd</Unicode>
                </TextEquiv>
            </TextLine>
            <TextLine id="r3l20" custom="readingOrder {index:19;}">
                <Coords points="1732,2238 2048,2231 2195,2276 2334,2213 2475,2255 2610,2216 2737,2230 2735,2168 2686,2135 2568,2150 2510,2200 2448,2168 2275,2198 2117,2148 2005,2206 1873,2151 1816,2197 1731,2195"/>
                <Baseline points="1739,2231 1788,2229 1838,2229 1887,2228 1937,2228 1986,2226 2036,2226 2085,2225 2135,2223 2184,2223 2234,2221 2283,2220 2333,2219 2382,2217 2432,2216 2481,2214 2531,2213 2580,2211 2630,2208 2679,2207 2729,2205"/>
                <TextEquiv>
                    <Unicode>dem verwundten sich niemand an disem un-</Unicode>
                </TextEquiv>
            </TextLine>
            <TextLine id="r3l21" custom="readingOrder {index:20;}">
                <Coords points="1745,2326 2076,2352 2169,2299 2282,2341 2464,2278 2762,2293 2772,2256 2649,2223 2339,2272 2271,2225 2195,2276 1891,2230 1743,2268"/>
                <Baseline points="1751,2304 1801,2304 1852,2303 1903,2303 1953,2303 2004,2301 2055,2300 2105,2298 2156,2297 2207,2295 2258,2294 2308,2292 2359,2290 2410,2288 2460,2286 2511,2285 2562,2282 2612,2281 2663,2279 2714,2277 2765,2276"/>
                <TextEquiv>
                    <Unicode>gluckhafftigen streich befunden dero diener</Unicode>
                </TextEquiv>
            </TextLine>
            <TextLine id="r3l22" custom="readingOrder {index:21;} person {offset:17; length:8;}">
                <Coords points="1733,2425 1799,2439 1915,2374 2576,2353 2678,2384 2776,2356 2773,2288 2548,2324 2461,2278 2325,2346 2148,2300 2073,2355 1880,2335 1731,2371"/>
                <Baseline points="1739,2396 1790,2392 1841,2387 1893,2384 1944,2381 1996,2378 2047,2375 2099,2373 2150,2371 2202,2369 2253,2367 2304,2366 2356,2364 2407,2363 2459,2361 2510,2359 2562,2356 2613,2354 2665,2351 2716,2347 2768,2343"/>
                <TextEquiv>
                    <Unicode>heren großweibel Milladem undt grechtschryber</Unicode>
                </TextEquiv>
            </TextLine>
            <TextLine id="r3l23" custom="readingOrder {index:22;} person {offset:0; length:9;}">
                <Coords points="1740,2520 1889,2455 2023,2510 2103,2452 2279,2447 2329,2482 2383,2445 2567,2437 2649,2465 2745,2430 2743,2374 2658,2402 2574,2352 2499,2419 2264,2428 2201,2392 2155,2430 2060,2375 1915,2374 1800,2438 1737,2432"/>
                <Baseline points="1745,2460 1794,2459 1844,2458 1893,2456 1943,2456 1993,2454 2042,2453 2092,2451 2142,2450 2191,2448 2241,2446 2291,2445 2340,2443 2390,2441 2440,2439 2489,2437 2539,2435 2589,2433 2638,2430 2688,2428 2738,2424"/>
                <TextEquiv>
                    <Unicode>zulbrette befohlen, die hergangenheit der sach</Unicode>
                </TextEquiv>
            </TextLine>
            <TextLine id="r3l24" custom="readingOrder {index:23;}">
                <Coords points="1747,2530 1948,2579 2064,2533 2170,2583 2230,2557 2374,2579 2438,2521 2531,2545 2699,2492 2520,2491 2455,2443 2363,2501 2245,2446 2086,2455 2015,2515 1892,2456 1746,2508"/>
                <Baseline points="1754,2537 1803,2537 1852,2537 1902,2537 1951,2535 2001,2534 2050,2534 2099,2532 2149,2531 2198,2529 2248,2528 2297,2526 2347,2525 2396,2523 2445,2521 2495,2520 2544,2519 2594,2516 2643,2516 2693,2514"/>
                <TextEquiv>
                    <Unicode>vom verwundten selbsten zetronemen</Unicode>
                </TextEquiv>
            </TextLine>
            <TextLine id="r3l25" custom="readingOrder {index:24;}">
                <Coords points="1750,2625 1993,2616 2126,2654 2184,2605 2338,2638 2435,2598 2499,2642 2690,2568 2646,2535 2443,2524 2382,2581 2211,2557 2085,2590 1748,2532"/>
                <Baseline points="1757,2613 1803,2613 1849,2613 1896,2612 1942,2611 1988,2610 2035,2610 2081,2609 2127,2608 2174,2607 2220,2606 2266,2605 2313,2603 2359,2602 2405,2600 2452,2599 2498,2598 2544,2595 2591,2594 2637,2592 2684,2589"/>
                <TextEquiv>
                    <Unicode>welliche dan zu gelorsamer Volgstellung</Unicode>
                </TextEquiv>
            </TextLine>
            <TextLine id="r3l26" custom="readingOrder {index:25;}">
                <Coords points="1753,2696 1954,2719 2079,2686 2207,2733 2272,2699 2371,2734 2443,2680 2785,2681 2784,2625 2687,2644 2617,2600 2495,2647 2438,2601 2337,2639 2237,2618 2175,2666 1953,2664 1880,2614 1751,2629"/>
                <Baseline points="1760,2688 1810,2688 1861,2687 1912,2686 1963,2685 2014,2684 2065,2682 2115,2682 2166,2681 2217,2679 2268,2678 2319,2677 2370,2676 2421,2675 2471,2673 2522,2673 2573,2672 2624,2670 2675,2670 2726,2669 2777,2669"/>
                <TextEquiv>
                    <Unicode>disers ergangnen befelchs sich den 24. jenner</Unicode>
                </TextEquiv>
            </TextLine>
            <TextLine id="r3l27" custom="readingOrder {index:26;}">
                <Coords points="1763,2788 2038,2765 2106,2810 2385,2749 2569,2787 2656,2747 2763,2755 2695,2698 2602,2686 2550,2726 2494,2697 2378,2735 2272,2700 2213,2737 2158,2692 2039,2715 2010,2690 1957,2723 1927,2694 1761,2702"/>
                <Baseline points="1769,2768 1818,2767 1867,2766 1917,2765 1966,2765 2015,2763 2065,2762 2114,2760 2163,2759 2213,2759 2262,2757 2311,2756 2361,2755 2410,2754 2459,2753 2509,2752 2558,2751 2607,2751 2657,2751 2706,2750 2756,2751"/>
                <TextEquiv>
                    <Unicode>16r dahin begeben undt nach ernstlichem</Unicode>
                </TextEquiv>
            </TextLine>
            <TextLine id="r3l28" custom="readingOrder {index:27;} person {offset:36; length:6; continued:true;}">
                <Coords points="1761,2890 1946,2848 2105,2897 2205,2863 2359,2894 2520,2834 2680,2873 2784,2843 2783,2771 2657,2747 2542,2804 2385,2749 2164,2816 2041,2766 1957,2770 1915,2813 1826,2759 1759,2789"/>
                <Baseline points="1766,2844 1816,2844 1867,2844 1917,2844 1968,2844 2018,2843 2069,2843 2119,2841 2170,2841 2220,2840 2271,2839 2322,2838 2372,2837 2423,2835 2473,2835 2524,2834 2574,2832 2625,2831 2675,2830 2726,2829 2777,2828"/>
                <TextEquiv>
                    <Unicode>zusprechen in gegenwart herrn doct. Wilhel</Unicode>
                </TextEquiv>
            </TextLine>
            <TextLine id="r3l29" custom="readingOrder {index:28;} person {offset:0; length:3; continued:true;}">
                <Coords points="1777,2944 1829,2963 1906,2918 2120,2953 2296,2918 2580,2959 2704,2908 2793,2922 2816,2841 2760,2881 2465,2843 2362,2896 2206,2862 2075,2907 2014,2850 1946,2847 1776,2893"/>
                <Baseline points="1784,2928 1835,2928 1886,2927 1937,2927 1989,2926 2040,2925 2091,2924 2143,2922 2194,2922 2245,2921 2297,2919 2348,2918 2399,2916 2450,2915 2502,2913 2553,2912 2604,2910 2656,2909 2707,2908 2758,2907 2810,2906"/>
                <TextEquiv>
                    <Unicode>nis unnd et abrosam dieks de� hu� mirth</Unicode>
                </TextEquiv>
            </TextLine>
            <TextLine id="r3l30" custom="readingOrder {index:29;}">
                <Coords points="1774,3018 1831,3060 1981,3004 2236,3036 2815,2995 2768,2906 2719,2950 2602,2936 2517,2971 2314,2919 2014,2966 1902,2920 1815,2971 1772,2950"/>
                <Baseline points="1781,3002 1832,3002 1883,3003 1934,3003 1986,3003 2037,3002 2088,3002 2140,3000 2191,3000 2242,2999 2294,2997 2345,2996 2396,2994 2447,2991 2499,2990 2550,2987 2601,2985 2653,2982 2704,2980 2755,2976 2807,2973"/>
                <TextEquiv>
                    <Unicode>volgenden btricht erhalten (da namlich er der</Unicode>
                </TextEquiv>
            </TextLine>
            <TextLine id="r3l31" custom="readingOrder {index:30;}">
                <Coords points="1762,3103 2239,3081 2306,3131 2367,3072 2452,3098 2566,3071 2618,3118 2683,3062 2769,3071 2767,3007 2705,3027 2598,2992 2513,3043 2434,3009 2049,3037 1978,3007 1832,3058 1760,3010"/>
                <Baseline points="1769,3080 1818,3080 1868,3081 1917,3081 1967,3081 2017,3081 2066,3080 2116,3080 2166,3078 2215,3078 2265,3077 2315,3075 2364,3074 2414,3072 2464,3069 2513,3068 2563,3065 2613,3063 2662,3060 2712,3057 2762,3054"/>
                <TextEquiv>
                    <Unicode>vermundte abwohlen sehr schmach, doch nach</Unicode>
                </TextEquiv>
            </TextLine>
            <TextLine id="r3l32" custom="readingOrder {index:31;}">
                <Coords points="1786,3175 2055,3205 2148,3157 2202,3204 2289,3165 2487,3196 2614,3147 2785,3172 2801,3097 2683,3063 2615,3118 2569,3072 2451,3097 2366,3072 2302,3137 2235,3082 2119,3141 2015,3082 1928,3122 1871,3079 1785,3127"/>
                <Baseline points="1793,3158 1843,3158 1893,3159 1943,3159 1993,3159 2043,3159 2093,3159 2143,3159 2193,3159 2243,3158 2294,3158 2344,3156 2394,3156 2444,3156 2494,3155 2544,3155 2594,3153 2644,3153 2694,3153 2744,3153 2795,3153"/>
                <TextEquiv>
                    <Unicode>mit gschundem nerstand tnnd sytreckenlichen</Unicode>
                </TextEquiv>
            </TextLine>
            <TextLine id="r3l33" custom="readingOrder {index:32;}">
                <Coords points="1783,3271 1991,3238 2145,3265 2198,3235 2272,3286 2341,3239 2704,3240 2733,3234 2733,3155 2616,3146 2546,3196 2441,3176 2404,3203 2247,3176 2199,3207 2146,3156 1991,3216 1782,3175"/>
                <Baseline points="1790,3239 1836,3237 1883,3237 1930,3237 1977,3237 2024,3237 2070,3237 2117,3237 2164,3237 2211,3237 2258,3236 2304,3236 2351,3236 2398,3234 2445,3234 2492,3233 2538,3233 2585,3231 2632,3230 2679,3228 2726,3227"/>
                <TextEquiv>
                    <Unicode>worten geredt, daß er mit dem thuter</Unicode>
                </TextEquiv>
            </TextLine>
            <TextLine id="r3l34" custom="readingOrder {index:33;} person {offset:0; length:7;}">
                <Coords points="1775,3325 1983,3302 2063,3352 2210,3305 2371,3335 2626,3314 2762,3362 2805,3338 2805,3258 2625,3226 2524,3280 2365,3238 2271,3286 2235,3252 2199,3287 2135,3253 1995,3293 1855,3255 1774,3275"/>
                <Baseline points="1782,3311 1832,3311 1883,3311 1934,3311 1985,3311 2036,3311 2087,3311 2137,3311 2188,3311 2239,3309 2290,3309 2341,3309 2392,3309 2443,3309 2493,3309 2544,3309 2595,3309 2646,3309 2697,3309 2748,3311 2799,3311"/>
                <TextEquiv>
                    <Unicode>Gfeller seines müßens in keiner findtschafft</Unicode>
                </TextEquiv>
            </TextLine>
            <TextLine id="r3l35" custom="readingOrder {index:34;}">
                <Coords points="1787,3419 1955,3434 2213,3392 2292,3437 2352,3410 2418,3435 2538,3389 2624,3434 2697,3385 2787,3395 2787,3353 2442,3317 2286,3351 2137,3315 2062,3353 1966,3303 1787,3351"/>
                <Baseline points="1794,3380 1843,3381 1892,3383 1942,3384 1991,3384 2040,3384 2090,3384 2139,3384 2188,3384 2238,3384 2287,3384 2336,3383 2386,3383 2435,3383 2484,3383 2534,3383 2583,3383 2632,3383 2682,3383 2731,3384 2781,3386"/>
                <TextEquiv>
                    <Unicode>nit gestanden undt auch mit ihmme nichts be-</Unicode>
                </TextEquiv>
            </TextLine>
            <TextLine id="r3l36" custom="readingOrder {index:35;}">
                <Coords points="2638,3502 2669,3499 2687,3482 2713,3473 2736,3478 2768,3469 2797,3483 2808,3481 2810,3412 2796,3410 2778,3428 2759,3430 2719,3389 2708,3387 2677,3392 2664,3404 2641,3405"/>
                <Baseline points="2646,3461 2672,3459 2698,3459 2724,3460 2750,3461 2776,3462 2802,3464"/>
                <TextEquiv>
                    <Unicode>sonders</Unicode>
                </TextEquiv>
            </TextLine>
            <TextEquiv>
                <Unicode>M
endicht Speller.
Sach deme Mgll abermallen mit sonderem
bedannen ersonommen, man maßen diser
kendicht Gfeller von Dagertschen uß anlaß
einer ihmme durch damel steffn von Beler
Const zu Huntziken by münsigen gebührten,
be nächtlicher mrllvog dem widtshhauß iu
Rubigen errsetzten ohrsygen sich so wyt ver
gesten, daß er sich zu seiner defension eines
by sich gehabten meßers bedienet und ihne
dicht Danel Stucki mit 2 stichen derge
stalten beschädiget, daß er alß todtlich ver
munst allar zur cronen in die leistig, der
Thäter aber ungegen in die obere gefangen
schafft gemahrsamlich geführt worden, habend
hochgedacht mahe by so engelanster trauwin
zythung, sonderlich aber uff den diß orths
gegebenen bericht, daß ußegt dem thater unnd
dem verwundten sich niemand an disem un-
gluckhafftigen streich befunden dero diener
heren großweibel Milladem undt grechtschryber
zulbrette befohlen, die hergangenheit der sach
vom verwundten selbsten zetronemen
welliche dan zu gelorsamer Volgstellung
disers ergangnen befelchs sich den 24. jenner
16r dahin begeben undt nach ernstlichem
zusprechen in gegenwart herrn doct. Wilhel
nis unnd et abrosam dieks de� hu� mirth
volgenden btricht erhalten (da namlich er der
vermundte abwohlen sehr schmach, doch nach
mit gschundem nerstand tnnd sytreckenlichen
worten geredt, daß er mit dem thuter
Gfeller seines müßens in keiner findtschafft
nit gestanden undt auch mit ihmme nichts be-
sonders</Unicode>
            </TextEquiv>
        </TextRegion>
    </Page>
</PcGts>
