3024 4032
168 352 236 457 66
514 469 1450 713 ee sy suchen ungluck sy sollen ihn seinstren
520 564 1402 735 gesen laßen, dahabe alsob ald volledin
502 637 1439 830 gemeldet, was unglëck suchere er sey so aeß
520 710 1409 900 ein Hernbeter ein lalo hon schundts
483 782 1444 946 welches herren tribolet widerumb retorpmert
500 857 1433 1037 daauff dalindin umb 3 schritt zu rech gangen
508 924 1439 1065 undt sein dägen veogen er wribolet aber
497 992 1437 1154 den streich alsobald underlaffen undt dem
505 1082 1413 1215 valendin zu Boden gerönt, auch seinen ohne
518 1145 1416 1274 sondere noth mächtig worden. Darüber der
509 1221 1431 1371 goldt arbeiter sein mehr auch ußzogen und
514 1300 1437 1443 seinem übermächtigeten gespanen zu hilff
514 1381 1383 1507 kommen wollen, welches aberh crwbolet
519 1443 1419 1599 alsobald erblekt von disem ersten gestanden
509 1513 1415 1673 undt disen auch uff den anderen boden ge
529 1589 1394 1726 narchet das mehr ist der handtgenommen.
511 1672 1408 1802 undt zerbrochen, sy also beidersyts under
508 1749 1406 1876 seinen gewalt bracht, daruff der stalß
499 1819 1406 1931 deß herre spenglers diener so da kein dägen
508 1893 1448 2032 undt nichts anders alß sein mantel sy sich ghan
496 1979 1433 2113 Dise seine gespanen nit im seich laßen wollen.
512 2043 1418 2185 sonder gesucht den obsigenden ab den an
518 2139 1391 2259 secen zehechen, welches er auch andtlich mit
521 2221 1413 2339 deß damah gangnen gr�ßen
513 2280 1432 2422 wendts so herrn trifolet sein mantel über den
512 2344 1353 2500 kopf geworffen, etwelcher maßen ins
500 2429 1401 2579 weget bringen mögen, also daß zu erst
508 2501 1406 2637 guldt arbeiter hernach aber Valendin wie
509 2590 1403 2705 derumb umb etwas obersandt gewunnen,
499 2653 1417 2774 undt herren tribolet den noch habenden halben
502 2731 1411 2868 dagen ußt der landtgebracht, darmit den
506 2810 1423 2943 auch der goldtarbeiter, allwyll die anderen
515 2886 1396 3035 hwe noch neben ihmme an hrr tribolet gsin.
481 2941 1433 3093 Desto bas zuschlagkommen können dise werden
504 3042 715 3155 gemachen.
858 3072 1353 3187 Als ein dise chlacht
496 3122 1376 3251 sy nachem ein halb stundt gewahrt unnd
492 3183 1414 3319 Intwischen anders niemants zu hilff kommen.
477 3242 1391 3398 habind sy sich selbs von einanderen begeben, nach
1250 3373 1364 3459 dem
2789 321 2841 434 67
1779 420 2802 634 den hrre tiibolet sein mantel err sperr
1811 543 2793 702 geos diener sein hut undt valendin sein
1792 594 2835 764 dagen im stich gelaßen, da doch velendin
1818 662 2811 814 ein dagen bald hernach wider bekommen, der
1821 734 2863 881 nantel aber erst mormerist in 2 stuck zer
1813 803 2777 969 rißen ens hier das ander dort sampt
1804 877 2839 1030 dem verlohrnen hut ligend funden worden.
1808 954 2827 1114 undt hat sich  ibolet, daeo sich so machtig
1811 1022 2860 1193 verwundt gesprrt uff den eychmahrit zu des
1795 1110 2827 1262 hastetenbest gragen hauß begeben, da er
1807 1192 2860 1336 vmbhilff gefchrauwen, welcher Ihne auch alß
1813 1256 2832 1432 balt uff denplatz zum jungen herren erber
1802 1351 2821 1505 den scharer geführt seinen mendenrathze-
1815 1423 2865 1586 schaffen. In weschen habend sich dise 3. uffer
1821 1533 2849 1668 tostmahrit hindegen gemacht undt da sich em
1827 1607 2871 1751 klem versumbt, hernach aber sich die zughauß
1822 1699 2868 1832 gaßen unnd auch den platzhinnder gemacht
1807 1771 2846 1909 da sy gesechen da� herrn lerbers volck beschaffte,
1827 1855 2853 2002 gt gsie ihnne hn tribolet ze verbinden.
1791 1910 2811 2049 Darüber ihnen, sonderlich aber dem thäter
1828 2005 2858 2147 nit wenig angst morden seye, undt sich straffe
1828 2103 2811 2241 all drey in deßt herren verniers hauß begeben
1816 2194 2816 2323 vndt da by einanderen gelegen, da doch der
1811 2275 2786 2391 goldt arbeiter ist großer angst gar nichts
1820 2354 2818 2479 ruchwenkonnen, vndt sich all bott vffmachen
1823 2432 2797 2546 wellen sich zuerforschen, wie es umb disen
2422 2505 2840 2641 Diß seye nun In
1835 2552 2302 2633 erwendten stande.
1805 2584 2836 2722 Der Marheit der ganze verlauff deß so unver
1835 2671 2857 2797 hofft zugetragenen unglücks, darumb sy gott
1829 2747 2836 2869 undt ein gnädige oberkeit demütigist umb
1834 2825 2862 2962 versyfung bettind, auch bezugendt, daß diß alles
1830 2912 2870 3038 ohn einichen darzu gehabten oder pelmeditierten
1841 2982 2852 3123 vorsatz (wie man ihnen jetzus zuten wellen
1835 3064 2809 3200 geschechen seye, sondern die ugefüchte allem
1824 3155 2800 3271 den einten under ihnen zu sollichem müt-
1841 3221 2851 3357 Willen undt ungebürlichen bscheidt gebracht,
2684 3331 2857 3436 Hernach
