3024 4032
208 340 288 425 12
505 429 1527 651 Ihm also gro� unrecht, daß er seiner bab zu
529 538 1516 724 münsiger etwas mehrers sölle zugebracht haben
517 617 1511 767 Wie züglych daß er vorgebner maßten sich mit
530 689 1527 847 seinen gespanen bim thürli underredt, dem juni
532 750 1468 903 so solchen diebstahl ußbrinden worde das hauß
538 822 1509 1010 anzestefken oder ihne in andere wys zu beschedigen.
466 922 1491 1084 Peter Joder aber ist anders nit bekent worden.
529 1035 1480 1149 alß daß er 2 mr gemacht halb dinckel undt
523 1076 1530 1235 halb haber bekommen und an abgeschlagen wrenen.
529 1151 1465 1300 ohngferdt ei müt, welches sein gespan mit
500 1225 988 1335 dem bäsen abgemacht.
474 1308 1525 1452 Da� er sich e sölle geremt haben solches wrndei
523 1376 1500 1529 ges jahrs an einem anderen oath glischer geen
533 1446 1541 1586 stalten practiciert ze haben überscheihe ihm gröblig
536 1506 1521 1636 nie zuglych auch den endtwendten bitts halben.
497 1587 1510 1731 Weße auch nüt von der mannen so sy beid einem
498 1669 1511 1785 der trösferen söllen genomen haben, ihne handurch
518 1730 1462 1859 ußem teim tebringen, damit sy desto bas
517 1794 1258 1916 zu ihrem vorthel komen könnind.
476 1998 1517 2139 Als nun diser zweyen wocherer bekandtnuß
529 2069 1418 2199 mahl vorgetragen worden, sind sy beidt
532 2137 1481 2266 zu wohlverdienter straff, In das Schallen,
521 2199 1470 2344 werck erkent worden. Actum 1s 9bis
643 2635 1169 2793 Bendigt Huni
673 2742 1185 2865 eßem Geggisperg.
489 2795 1464 2971 Ist wegen er sich luth ehorgrichtlichen fur
509 2903 1441 3041 trags vor unggerd einem jahr mit ehebruch
508 2962 1475 3080 beflecket und mit einer lagnen im landthe
499 3043 1484 3159 vumb gezogen von seiner frauwen dazumahl
496 3096 1471 3211 gescheiden undt von statt und landt verzeisen
469 3169 1460 3303 worden. Wylen er aber über diß sich wider
473 3244 1415 3368 aumb in landt begeben vnnd zu Coustilles
482 3303 1450 3438 ampt Milden geweßer Margnan Clot die
2868 448 2934 533 13.
1887 555 2838 711 Ehe versprochen, selbige geschwengeret vndt
1921 635 2881 777 hernach auch z kirchenfehren wollen, wan nit
1930 720 2916 840 by erster verkundung dise sach vrkommen werden.
1905 783 2878 920 alß habend mahl selbigen ußsonderen gnaden
1917 851 2928 990 zwostendt an das halßysen erkent, welliches
1919 935 2871 1062 an ihmme erstattet worden den 17. novembris.
1911 1022 2035 1098 1676.
2036 1422 2456 1568 Hanß Meyer.
1840 1661 2903 1797 Diser gast ist schon zu underschidenlichen mahlen
1865 1765 2915 1865 wegen begangnen diebstählen zu laupen ingezogen
1884 1816 2891 1937 worden, darumb masl befohlen, die undersh
1829 1877 2927 2001 denlichen Wytleytfigen prbeeduren vmb etras
1870 1960 2919 2072 Inzezëchen, damit man daruß ersechen könne.
1885 2020 2871 2155 wad für unthaten vonzeit zuheit begangen.
1814 2115 2906 2254 Da es sich dan uß herren vogt von Laupens schryben
1874 2199 2854 2320 sub 12. febr pungst befunden, daß diser
1877 2266 2933 2389 Meyer wegen seines verdächtigen schandtlichen
1897 2342 2875 2476 labrnesens, sonderlich aber daß er seiner
1908 2420 2930 2538 eignen schwiger getreüwt ein rothen Hanen
1894 2496 2914 2615 uffd haußzesetzen, ingezogen worden, aber
1913 2577 2941 2695 ich zum 2ten mahl, das erste uß einem mord
1894 2652 2914 2776 kaßten durch ein sehr anges lach, das ander
1900 2730 2930 2869 mahl den von den ysenledig gemacht, und
1872 2798 2857 2923 doch endtlich ertappet worden. Uber
1901 2884 2880 3033 wellichen empfangenen bericht Masln luth
1929 2964 2897 3109 chrybens hubb 5ten marti befohlen ihne mit
1909 3038 2941 3174 zimlicher marter ze examinieren, alßer aber
1906 3125 2882 3272 zu erstbytt ffzüchung lahrer undt hernach
1904 3201 2874 3345 mit beereürung eischregen macter anders
1892 3284 2897 3438 nit bekennen wollen dan underschidenliche
2759 3392 2927 3521 bubenst
