3024 4032
139 437 223 521 86.
458 545 1385 728 alst da sy sy nomoßären graben dannen
460 630 1357 791 erblebt, ab sy gefragt wagn sy da thüge,
437 696 1387 858 daruff sy ihra geantwortet, man muchte
455 769 1383 936 Ihra an, daß sy solle obanzognen brieff
467 848 1351 1009 geschriben haben, da sy doch wohl wüße
444 923 1356 1063 daß sy keines wegsr schwyben könne, wie sy
449 1012 1412 1137 dan solches bekennen wolle. Daruff die
474 1079 1381 1214 muter repliciert, sy sölle es eine nit thun.
455 1163 1410 1291 So habe sich die gefangne der muter noch wyters
473 1245 1418 1387 angehalten, sy sölle doch mit dem he jennen
471 1324 1405 1454 reden, daß er sage wer den brieff möchn
481 1403 1402 1531 te geschriben haben, so seiner frauwen oder
479 1483 1213 1628 geschweyen seye in derhand gefallen.
476 1626 1356 1764 Als nun mhr examinator sich diser
479 1691 1393 1832 unvolkommeen bekandtnuß nit ersettigen
461 1787 1368 1909 wollen, wnder by diser erzeigten ersten
467 1849 1393 1981 hantnertigkeit gesucht seinem ferneren
497 1935 1377 2059 beselch nach tekommen. Ist sy die tütere
482 2019 1419 2154 uff abstehende vermahnun undt yferige
483 2096 1362 2231 zusprechen zur marter selbsten geführt
496 2187 1416 2314 und da zu erst lahr, hernach aber zu zweyen
486 2256 1391 2398 underschidenlichen mahlen mit dem 25 t
485 2342 1398 2474 Stein vffgezogen, auch ein Jedes mahl zum
482 2421 1399 2543 lich lang mit widerholung aller obanzognen
479 2488 1378 2609 fragen undt darüber begehrten mehgeren
489 2566 1404 2697 bekandtnuß empor gehalten worden, son,
473 2651 1385 2793 derlich aber ob si von obigem brieff nichts
479 2722 1386 2871 wüße nimahl kein lybsfrucht verderbt
482 2804 1403 2933 habe noch von jemand zu obiger revoneruing
474 2888 1371 3034 uffgewisen worden sene, hat sy doch über
472 2963 1342 3081 das votige gar nichts anders bekennen
477 3047 1393 3196 wollen, alß daß sy noch in ihrem eignen
471 3117 1333 3254 haus mit einem gewüßen studenten
478 3200 1417 3358 namens sammel so sievor ein baselhut jetz
484 3277 1421 3419 aber den breithet undt ein gemäbnen man,
1246 3397 1345 3492 tel
2673 432 2742 540 87.
1746 524 2700 666 tel trage, auch eines herren sohn seye
1754 607 2741 739 unnd doch ihmme deß geschlechts halb nebe,
2312 680 2749 789 trnn seie diß
1759 682 2309 814 kandt zethun gehabt.
1752 749 2736 883 alleß mas es by seinem wüßen dontag
1777 818 2655 930 seines labens begangen, darumb es
1764 868 2717 1013 gott unnd ein gnädige oberkeit demüti
1761 957 2405 1104 gist umb verzychung betten.
1718 1060 2734 1236 Den 28. julii hat dise tian nach dem sy
1765 1168 2782 1295 vermag mass erkandtnuß obger pnerten
1761 1236 2715 1340 halb nochmuhlen derstrec cnon wit
1770 1299 2733 1425 betreüwugg deß 50 lb steis exami
1781 1374 2760 1491 niert worden, anders nit alß was syschen
1775 1446 2753 1570 hievor geredtn bekennen wellen. Ist aber
1780 1510 2724 1653 uff andere früsch an sy getruckte fragen
1778 1595 2504 1727 nüt volgendem bescheid begegnet.
1737 1659 2771 1806 erstlich daß sy von gewüßen schloßer vndt
1784 1749 2755 1871 grester gsellen mit denen sy 1k umb
1786 1824 2714 1960 den huren lohn von 10 l biß uff 6 p
1771 1901 2771 2026 habe marten laßen, gar nichts weße undt
1787 1974 2582 2110 gescheche ihra harm groblich unrecht.
1805 2070 2726 2205 daß sy zwar mit der obanzognen ri
1789 2148 2729 2263 gnieren zu solathurn gsin undt by dem
1789 2224 2763 2339 Wyßen crntz g cosiert, alwo sy labkuchen
1799 2297 2757 2418 vegkaufft vndt auch den herrn housgeois dan
1796 2363 2740 2504 mahls dagesechen, aber gar nichts mit
1787 2440 2785 2575 ihme zeschaffen ghan, alß daß gedeute Naglen
1793 2519 2764 2654 ren so sein gfatteren seye ihne habe b hüten.
1807 2604 1996 2688 wellen
1775 2654 2782 2808 worumb in mahrender chorgrichtlichen ge
1805 2750 2724 2880 fangenschafft gemuße drey gesellen
1802 2812 2811 2942 namlich Johan Ulrich Thureysen von Hasel
1817 2896 2733 3031 so by dem herren Escherz alß schärer diener
1793 2979 2815 3066 Denne Willelm Grumman so by herren notiger
1799 3049 2803 3185 dem goldtshuidt gearbeitet undt endtlichen
1825 3127 2820 3264 auch herren grebers schryber diener sich mit ein
1821 3200 2832 3336 anderen flüchtig gemacht, weße sy nit den
1820 3285 2772 3404 sy mit keintwederem under disen kein
2530 3370 2831 3480 Kundtsamm
