3024 4032
92 408 217 498 184
474 535 1202 728 Bernhardt Nosheus.
490 632 1172 798 Hanß Cnnrads Roth.
524 741 993 873 Barbara Fisch.
340 932 1351 1126 Diß gesindli, darunder die 2 mans
407 1043 1344 1200 persohnen alß 2 abgefallne trombde
400 1128 1383 1273 gsellen sich ein hyttlang ser uffgehalten nd
419 1195 1384 1347 mit diser Barbara Fisch so auch sydt kertzen
416 1282 1377 1423 von Arauw alherkomen, ein vnkusch vndt
409 1347 1356 1493 gantz ergerliches leben geführt. In dem der
413 1420 1370 1571 erstere der ihra nach seiner selbs eignen
420 1504 1375 1630 bekandtnuß drunden zu arauw mit con
419 1582 1363 1724 sens ihrer vermandten die ehe versprochen
432 1651 1367 1796 und sy darüberhin beschlaffen, sich hernach
437 1734 1378 1868 in qualitet eines peoagogen in eines gen
414 1803 1336 1938 mülsen herre hauß alßer gesetzt undetwarn
425 1887 1394 2023 zyths darnach diß mentsch alß sein verlobte
440 1974 1372 2078 von Araum beschriben, selbige aber einem
431 2046 1342 2159 gewüßen goldt arbeiter gsell durch, das
456 2115 1377 2236 sill angehenckt, der ihra ihrem fürgeben
445 2185 1383 2299 nach auch die eheversprochen und sy ein
433 2245 1380 2364 gantze nacht beschlaffen doch vff den Morn,
435 2319 1368 2437 wigentag sich ußem staub gemacht, also
430 2398 1367 2525 daß endtlichen obiger Hanß Conradt
445 2469 1362 2581 roth (dem sonst diß alleß bekandt war,
429 2535 1404 2667 undt der schon vor disem, wie er selbs gestehen
448 2628 1382 2747 mußen ein gewuße Matiavon orier
442 2684 1404 2814 von Nydauw deren er auch die eheverspoachen
445 2765 1385 2892 zum 4en mahl beschlaffen) sich glychfahls
445 2837 1400 2963 gegen ihra verpflichtet unnd ohne andern
445 2918 1392 3040 ven verrichteter kirchgang sy etlich wuchen
452 2986 1356 3116 lang in deß buchbinder meyers hauß
451 3047 1377 3176 gebrucht, jn auch das trotloßnr schryben
444 3107 1421 3255 sampt einem schyn, so er deßwegen zu breüe
443 3189 1407 3324 erhalten mell den chorrichteren nit jegen
448 3273 1400 3398 herdiget, sonderselbiges mit hilff obgen
414 3338 1408 3465 Noshei abgeschaffet. Wie alleß Mytleuff¬
432 3416 1413 3541 ger usem chorgrihtlichen furtrag ze sehen.
1287 3471 1380 3541 Is
1564 2646 1754 2745 sub 14 deto
2590 403 2699 486 185
1666 495 2664 740 Ist zu Mohlverdienter straff undt
1718 596 2637 759 andegen zum Exempel, Graff daß
1718 662 2627 848 roths ergangener erkandtnuß hab
1710 706 2707 877 2d septembris 1677 mit dem kidt von
1715 796 2686 951 stett unnd landt vergeisen undt dar
1717 859 2721 1027 neben durch den bäsenmahrit gezagt
1729 977 1959 1071 worden.
1818 1335 2324 1481 Hanß Witschi
1672 1490 2738 1649 Diser Hanß Witschi (onst Schaff Hanß
1749 1566 2736 1699 genent) so da sich als ein fr�mbder metz
1750 1634 2748 1782 ger ein sytlang mit unbundt kinden
1753 1706 2749 1842 an der schauplatgasten by Melcker Bur
1759 1780 2733 1902 man demgewesnen tag Machter Ner¬
1757 1846 2689 1985 schleickter uns gesetzt undt vor etlich
1777 1921 2705 2057 tagen in der frauw von erlach gelen
1775 2002 2703 2118 genheit ußten by nächtlicher wyll den
1773 2071 2691 2188 schaff entwenden wollen, darob er
1763 2131 2729 2255 aber durch die macht erwetscht worden.
1756 2202 2715 2324 Ist meren disers begangnen diebstahls
1762 2278 2712 2396 Den 4tn octobris 1677 für ein monat
1765 2348 2703 2477 In das schallenwerk erkendt undt
1786 2419 2706 2548 etlich tag darnach uff sein gethanes
1789 2495 2675 2618 versprechen, daß er sich ußem landt
1774 2568 2697 2679 zu seiner frauwen schwoster bereben
1784 2633 2766 2768 welle daff eines anderer raths befelcht,
1794 2709 2727 2836 sampt seinem wyb undt kinder durch
1781 2785 2730 2910 die proffosen an die gsentzen zeführen
1801 2858 2684 2972 befohlen worden mit dem ferneren
1804 2916 2756 3033 befreuwen, daß wo man ihne mehr megde
1799 2990 2714 3096 Im landt betretten, sölle er alß dan für
1815 3054 2749 3174 ein Canre suth dns schallenwerck juge,
1801 3122 2198 3253 schmidet worden.
