3024 4032
204 440 294 528 60.
492 500 1471 695 under anderem das füreueste, daß er sich einen
500 598 1467 754 krauts gottggnad genant bholffen, welches man
491 671 1464 819 vor sonnen uffgang in der drey töchsten namen
495 739 1464 907 neben etwas andegen mehr worden gebegeten
501 815 756 893 venmußen
492 873 1449 1024 He Gmannel Lechender, den er auch alhier gu¬
492 950 1444 1095 megen solle, stund der da neben dem Nodagran
506 1019 1400 1143 noch ein kalte leher habe, dem bruff er under
510 1087 1424 1225 anderem ungestampten hieß wyßen haber
506 1157 1439 1304 salbe etc. Das müße man in der drey hochten
504 1237 1447 1370 namen an dreyen underfeidenlichen orthen
491 1300 1418 1423 heüschenstnnd sich heten, daß man denert
502 1380 1237 1511 10 tagen überkein Maßer gehen
476 1462 1449 1607 Das sagner büchlin sy manhinder ihme fur
509 1557 1400 1680 den habe er sy dt der merligen schlacht könne.
509 1622 1413 1748 aberselbs solches nit lesen unnd habe es schon
521 1700 1411 1830 zum offteren mahl verkauffen, auch I
521 1785 1408 1896 zu letst zu kiel laßen wollen, sein frauw
504 1849 1399 1969 aber habs unversechens mit anderem zug
512 1916 1091 2048 In das Felliß ingepackt.
476 2004 1417 2149 daß er auch vorgebner maßen vor etlich
502 2096 1423 2216 jahren zu thungsinsige unnd man da
506 2167 1408 2279 mahls einen seiner gespanen enthanptet
490 2229 1411 2357 Das werde sich nit erfinden. Mohl seche vor
494 2288 1397 2402 disem etwas geruchts spargiert unnd ihmme
496 2368 1423 2489 solches zu siel verwißen worden dannen
502 2444 1447 2573 her er zu erhaltung seines ehrlichen namens
496 2502 1462 2603 sich nacher thun begeben müßen ein otterta
509 2573 1439 2722 ion seines mohlverhaltens vom herren schuldth
506 2651 1442 2792 zu begehren, welche er auch ohne einichen an¬
508 2704 1445 2855 stoß erhanget, werde sich auch verhoffentlich
509 2786 1411 2937 nit erfënden deßer bßorf disem beganen
499 2867 1409 2983 geen fühler darumb en gott unnd eine
502 2941 1454 3072 gnädige oberkeit umb verzyhrug bette etwas
496 3004 1418 3146 mehrers vertibt, sonder daß er aßert etlich
499 3074 1429 3241 jahren so er in friegsdiensten zugebracht
509 3161 1444 3299 allzeit flyßig seinem haffner landtwerck
493 3244 1422 3385 so wohl zu kiel alß auch zu hur by läbe
497 3314 1425 3457 zyth seiner ersten frauwen abgewartet habe
1267 3442 1415 3552 Alß
2785 380 2866 466 6.
1795 483 2841 686 Alß nun Mehl Examinator vff dise Bene
1823 604 2818 728 dtt zesos gethang bekandtnuß ire frauw
1841 658 2826 805 auch sonderbar verhort hat sy fast durch eß
1833 733 2851 838 eingüsches bekent unnd darneben nochtanon
1825 780 2862 934 tet, da� sy die 2 attertationen sosy gestriß
1834 852 2830 999 tags gesagt dem Hanß Meyer geben ze haben
1835 915 2837 1056 solche nacher Iryburg ze tragen, allier zum
1833 989 2880 1119 Wilden mann nur under ihr bett verstoßen
1824 1079 2832 1200 die man auch da finden weyde darvon
1836 1128 2825 1256 aber ihrem mann gar nichts gesagt habe.
1833 1200 2855 1349 also daß er nit uüßen mögen, ob sy seyen
1836 1273 2832 1423 fnad geschickt worden oder nit. Denne
1839 1352 2799 1486 so habe der Schryber von Sedorff so die
1845 1416 2874 1560 attestationen geschriben sich auch wellen geluste
1846 1498 2865 1624 lasten mit ihnen In diser bunst zereisen
1825 1577 2877 1681 welches aber ihr mann nit gutheißen wollen.
1827 1656 2892 1770 In disem aberstimmet sy nit mit ihrem mann
1840 1739 2830 1864 Über ein das sy deß sägner bechlis halb
1843 1807 2880 1935 meldet, es habe ihr mann zu hiel ein kuner
1834 1890 2853 2018 In seinem hauß ghan der solches hinderen
1859 1962 2892 2097 laßen habe, welches sy vor ohngferdt 4 jah
1847 2043 2805 2170 den nach sein deß kngers ußtritt da
1837 2142 2113 2234 gefunden.
1781 2351 2800 2525 Nach dem nun obiger beiden persohnen
1853 2462 2879 2594 bekandtnuß mahl den erster aconilis 1676.
1844 2534 2871 2663 vortragen worden undt selbigk gutfunden
1837 2618 2806 2741 diser sach halb ein schryben an die stoft
1856 2683 2887 2844 Chur vndt Solothien ablauffen zelaßen
1850 2747 2886 2894 umb zuvernemmen, was dise Eheleth am eit
1849 2820 2837 2965 undt anderen orth für ein guten namen
1837 2900 2829 3027 hinderlaßen, sonderlich aber ob der in der
1849 2989 2886 3119 einten attestasion underschribne norbertun
1816 3039 2877 3217 Diedler von Solothurn die einte attestatson
1847 3121 2905 3278 vorgebner maßen selbs geschriben undt under
1846 3199 2913 3360 schriben habe Intwischen aber auch den schryber
1846 3266 2882 3421 von Seedorff vome den vernamseten Hagel
1857 3342 2730 3498 tem am stalden, so beidersyts in disem
2765 3392 2892 3484 bubern
2759 3476 2877 3563 umb
