3024 4032
127 445 179 516 90
431 541 1341 741 deß Hentzelis megen geschechen seyn.
439 642 1397 813 Sudther abe er orunman sein ehrlichen
460 711 879 856 abscheidt genommen.
413 854 1363 1042 Herr Escherr der schwer zeist auchan
434 964 1401 1114 Daß Johan Ulrich Thurmnsen von Basel
474 1039 1354 1166 sein diener vor ohngferd vier monaten
474 1104 1424 1277 mit wnd neben ihmme geholffen deß beut
474 1190 1412 1336 lis vatter an seinem damahls verrenckten
473 1269 1400 1418 woden verbinden undt seye hernach auch
458 1348 1393 1485 Da die gröste gefahr vor�ber Mar allein
459 1428 1391 1567 dahin verschickt worden, da er wohl mit der
474 1508 1405 1637 tochter alß diser jetzigen tirnen mahte
472 1588 1344 1719 kundtsammi gemacht haben, einmahl
477 1676 1366 1816 wüße er mahl daß alß dise Margreth
476 1757 1403 1895 Herren noch in chorgrichtlicher gefangen
482 1841 1387 1973 schafft gewesen undt etlich herren inder
488 1931 1422 2053 arstuben darvon geredt, habe er sich mach
486 2002 1411 2130 tg darab entsetzt undt seye über sein weg
492 2080 1386 2220 eig zuvorgethanes versprechen, daß er
485 2164 1417 2295 sich mit obigen seinen gesparen nit hinpe
488 2249 1395 2367 machen melle eines sontag morgens frech
486 2313 1381 2462 fortgangen, habe sich aber glych wie obiger
472 2390 1428 2528 herr grebens diener widerumb zuruck nacher
477 2472 1384 2623 Bümplitz begeben undt durch herrn vogt
491 2552 1420 2700 kyschener anhalten laßen, daß man ihne
494 2658 1145 2760 widerumb annemmen wolte.
456 2729 1355 2888 Alß nun nechstanzogner Johan Ulrich
485 2821 1388 2944 Schurnysen, so ender den 3. obigen gespach
492 2902 1367 3025 nen noch einzig alhier restiert, vff me
494 2978 1400 3114 Raminatoren beehren selbs gut willig be¬
475 3049 1415 3189 gegert hat er sich uff obige von ihmme gefaßten.
488 3121 1389 3253 mutmaßungen volgender mys verant,
488 3201 677 3297 wortet.
815 3211 1410 3350 daß er erstlich kein andere
490 3281 1406 3428 ursach seines ußtritts ze geben wüße, alß
458 3369 1361 3502 daß er sich von obigen seinen gespanen
1246 3469 1389 3555 habe.
2674 464 2760 562 91.
1755 562 2740 723 habe verführen laßen unnd zu Gruff
1788 655 2747 790 sich vffgehalten da triegsdienst zesachen
1768 717 2718 850 von dannen ein sich auch widerumb nach
1743 781 2702 920 Bümplitz begeben, da zu erwarden ober
1784 867 2742 991 herren tscherr ihne widerumb annemmen
1785 926 2748 1066 werde, were auch nit ohne abscheidt von
1800 1011 2720 1128 einem hr henerg gangen, woer nit
1780 1086 2748 1214 ersorget hatte daß myener ihmme sy son
1780 1157 2775 1297 derbar von seinen elteren unnd frunden
1798 1247 2784 1356 seye recomandiert worden möchte er ihne
1787 1330 2681 1462 under sein millen hierbehalten haben.
1785 1408 2727 1543 daß er aber vorgebner maßen mitgeen
1786 1489 2705 1611 eüter drnen etwas gemeinschafft
1799 1572 2777 1711 sölle gehabt haben, werde sich selbiges keines
1792 1658 2744 1801 megs erfunden, sonder khme diß gerinst
1780 1731 2792 1853 alleß von Jacob Falckner dem Goldtscheid
1808 1812 2772 1968 einem gespanen, so solches hin undt under
1811 1899 2796 2045 ein eignen f�hler dardurch ze vermente.
1795 1994 2760 2128 lin epargiert habe, wie er dan diß erst
1802 2078 2722 2212 sydthur vom anderen seiner cameraden
1789 2165 2778 2302 Jacob Manli so wohl mundt alß schrifft
1799 2250 2799 2360 lich vernommen habe, daß er falrtner sichen-
1811 2328 2784 2463 ich mit obiger crnenzethun gehabt und
1798 2414 2777 2539 er ihm diß keines megs werde laugnen
1802 2500 2765 2635 könen. Darumb er chuenysen auch zu
1792 2578 2754 2703 Bumpitz anlaß genomen durch disen
1787 2648 2799 2794 Jacob Manli so ihmme diß commnisiert ein
1824 2738 2811 2879 erwyb schryben an disen halckeer uffsen
1806 2822 2809 2967 herr zelaßen, daß er so traffen seye andere
1815 2903 2775 3054 ehrliche lüth also ihrer ehr zu berauben
1811 3000 2763 3124 undt deß lasters anzeklagen deßen er
1824 3080 2805 3209 hurensen sich keines wegs aber mohler
1794 3157 2754 3301 Falebner dopplet schuldig befinde, wie er
1790 3249 2797 3391 dan in allem nothfahl ihmme solches under
1823 3321 2383 3460 augen erhalten wollen
2516 3389 2784 3529 ffge¬
