3024 4032
114 482 190 571 ub.
451 545 1365 734 frauwen breder stetz hor darüberhin
459 633 1362 804 seyen sy von einanderen kommen unnd habe
445 714 1354 861 er gfeller sich widerumb herunder zum
443 773 1366 918 mathshauß gemacht allwo er ein wyll
456 845 1376 993 bysithh by dem tenm gestanden ze sehen
449 908 1366 1043 Was es endtlich ist disem handel geben
452 985 1370 1129 werde ohnpferd ein mertel stund darnan
446 1072 1354 1187 da er noreßen alleß hören mögen Mas
453 1133 1385 1264 man in der stubengeredt seye er auch hini
442 1201 1370 1333 gangen undt habe den verwundten schon
452 1281 1357 1415 gesehen uf dem bettligen zuglich auch
464 1356 1379 1483 hören müßen, daß deß verwendten
461 1430 1351 1555 bruder ihmme vorgehalten, worumb er
458 1505 1369 1621 disen damel Stucki seinen bruder alßo
472 1580 1356 1713 erstochen, Moruffer ihmme zwarzu
470 1659 1357 1771 erst geantwortet er wüße nit daß
472 1731 1380 1858 er dem daniel etwas gethan aber wohl
466 1825 1396 1943 habe er sich gegen einem der ihne angriffen
469 1885 1356 2011 bestunglich wehren müßen, habe aber
469 1968 1377 2101 er gfeller an den traurigen mortzeichen
460 2051 1347 2174 bald sechen müßen, daß diser damel
466 2124 1395 2236 Sturli unnd keinander mit ihmme geringen.
429 2198 1395 2313 Daß seye nun der gantze wralauff diser
466 2292 1365 2412 so trauwigen zufahls undt werde sich die
1328 2350 1372 2400 bei
478 2353 1409 2472 sach gar nit anders befinden. Das er
466 2428 1389 2566 efragt, wylen er nach seinem fürgeben
464 2522 1398 2642 gar kein vorsatz gehabt mit ihmme dan
454 2593 1353 2702 Stucki nach jemandt anders selbigen
470 2668 1366 2794 abendts einih schworen nit anzefangen.
478 2741 1371 2864 Worumb er dan ehr undt zuvor er eß
476 2805 1402 2934 der stuben gangen sich hin endther umbsechen
475 2885 1391 2977 vndt gluchsam disen damahls abwesenden
480 2950 1384 3075 Stuckei flschegendt gesucht, sye diß sein
478 3029 1420 3145 verantmortung, daß er ja, so bald er ihmme
466 3091 1389 3208 vorgesetzt widerumb heimb nach mensigen
472 3176 1414 3288 zegehen, so wohl uß anlaß deß vorhergan
472 3248 1373 3348 genen raupfens, alß auch eines vff den
468 3309 1358 3437 mostr erhaltenen lybhafffts in sorgen
1195 3398 1406 3507 gestanden
2606 402 2705 505 117.
1698 536 2641 732 gestanden es möchte ihm underweg
1706 635 2666 782 etwas schimpfs begegnen danneroher
1708 698 2644 854 er sich damahls auch vmbsechen ob nit
1698 770 2692 929 jemandt verhanden, wer mit ihmme
1722 835 2683 973 uß nach meüsigen gehen wolte seye
1698 917 2710 1058 Ihm aber mohl niemahl in suin komen
1698 967 2676 1122 daß er mit disem Damel Stushi in
1730 1049 2670 1209 etwas strytt gerachten sölle alß ent
1711 1111 2716 1273 dem er auch selbigen tag gar nichts ge¬
1728 1224 2043 1339 mortet habe.
1675 1333 2718 1512 Alß diser deß stendicht Gfellers gegen
1743 1435 2726 1550 bericht dem vergeündten damel steck
1741 1492 2731 1645 noch selbigen abendts in gegenwart hr
1728 1586 2730 1689 Lüninger Gruners herrn abraham kum.
1725 1651 2728 1784 herren aat Hogdan herren Abreham dickhn
1738 1719 2712 1834 anderen mehr eröffnet worden umb
1750 1809 2690 1928 zesechen, ob er diser gegebeen mehrere
1758 1885 2718 2003 erlütherung byfallen oder aber seiner
1749 1943 2717 2072 vorigen erklärung undt erstem uffsa
1741 2014 2697 2151 verblyben welle, hat er der erwundte
1747 2097 2750 2226 ohngeacht vorhergangenen ernstlichen zu¬
1771 2175 2727 2301 prechens anfangt stuff by seiner ersten
1761 2233 2715 2374 estag, sonderlich aber daß der thäter an
1756 2317 2773 2445 ihne geluffen ehe er ihmme ein ohrsygen geben
1771 2392 2724 2511 verheneren wellen. Da er aber diß sein
1779 2465 2757 2585 fürgeben mit dem eidt bestätigen sollen
1768 2554 2727 2670 undt man auch wercklich nach ihr gee.
1787 2611 2752 2738 efelch den eidt angefangen vorlesen
1779 2692 2760 2821 hat er sich einzmahls anders besint unnd
1781 2767 2744 2888 mit ußtruckenlichen worten geredt
1707 2850 2791 2974 Daser den thäter ohne einiches korhergan
1778 2924 2751 3039 genes anrühren, anstoßen, oder sonst
1776 2999 2761 3127 darzu gegebenen anlaß angeschlagen,
1772 3073 2782 3190 ihne auch mahlkent habe, mnen aber er
1775 3145 2813 3274 Gfeller ihne den verwundten beweßter
1798 3228 2766 3349 schuld halb so streig getriben, daß er vill
1793 3298 2817 3418 hette verlieren müßen, habe er ihmme disere
2554 3394 2785 3503 ohrfygen
