3024 4032
192 461 249 530 72
472 511 1411 699 Karber erkaufft deßen namen ihmme neben
492 603 1406 760 kant undt seye mahl zeerachten, daß wor
494 669 1376 823 sy gestohlen hette, werde er sy nit in sein
499 745 911 864 stall gethan haben.
461 823 1416 1006 den nydelhaffen so man vorgebner Masen
494 912 1391 1042 soll vor seinem hauß gefunden haben unnd
482 987 1418 1123 daruß man schließen wolle wylenselbiger
493 1054 1369 1204 seines bruders frauw gehörin, die solchen
494 1120 1424 1276 nehen vill milch undt ancken us ihrem hauß
493 1199 1380 1338 verlahren werde er der jänige sein der
478 1263 1424 1411 das emtunnd anderen genommen. Das werde
502 1344 1397 1482 sich keines wegs erfenden habe aoch sein
488 1423 1395 1548 kind gedeten haffen nit vor seinem hauß
484 1506 1393 1639 ghan sonder neben dem bach ligend funden
450 1584 1363 1730 daß er isig zug alß pfleg undt anderesn
491 1675 1381 1804 dem schmidt von alm verkaufft werde.
485 1741 1399 1881 sich solches keines megs erfinden, noch auch
476 1822 1400 1944 daß er jemandt anders derglychen isen,
488 1895 1376 2033 werck oder magenschimnen verhandlet habe.
464 2015 1373 2149 So habe er auch kein wyneßen geringel
491 2087 1357 2194 keller noch ußem schwarzenborg kein
500 2153 1372 2280 mulchen nit entwendet undt müße gar
503 2223 1365 2368 nichts von deß Damel Bergers verlohr,
497 2301 721 2411 en roß.
439 2366 1341 2517 Die beid Breggeg von Helppkenne er zwar
485 2454 1407 2582 wohl, wüße aber gan von keinem roß mit
485 2523 1391 2637 daß er in der Helpper auw genommen undt
497 2576 1088 2702 seinen vetteren zugeführt habe.
465 2650 1345 2807 In den wirthsheüseren werde man ihn
474 2735 1387 2867 kümerlich 2 tag aneinanderen gesechen
483 2799 1353 2911 haben verschwygen den 3 oder 4 wie die
489 2859 1393 3007 gmeind von ihmme bezugen thege. So habe er
477 2944 1365 3071 sich auch deß Unnnzen Wytervolcks neh¬
484 3008 1385 3133 mahlen angenommen ußert deren allein
483 3094 1388 3213 darumb erschon abgebüßt. Mit so kegen
482 3154 1415 3280 bürlichem bescheidt, wye er seinen chor richteren
478 3219 1418 3356 auch nit begegnet, wie man ihmme jehend diß
493 3283 1365 3433 alleß In seinem vngluck vffrupfen wolle
1255 3409 1366 3500 alß
2700 403 2771 507 73.
1686 502 2752 664 alß nun diser krebs nochferners durch woll
1749 611 2712 732 ermeldten herren großm ganz ernstlich gefragt
1736 681 2713 794 worden, ob er dan by so heiteren umbstanden
1740 746 2736 875 gar nit gestendig sein welle mehrkelber alß
1741 794 2748 934 das voranzogne entwendet ze haben, hat er
1755 868 2750 997 endtlich nach villem weigeren bekent daß
1750 937 2802 1065 er reder anderem das in herren predicanten schryben
1764 1008 2751 1152 anhogne halbe kalb zu Riggesperg im dorff
2589 1074 2695 1162 Mir
1752 1088 2547 1209 genomen, wüße aber nit wem
1760 1146 2779 1284 züglych auch obanzognen Hanß Drunigs mel-
1765 1216 2784 1380 ches er sier zu Hern umb ein taler hingeben
1761 1298 2763 1452 vndt Istei gelt Saamhaber kaufft vndt
1764 1387 2773 1516 seye nun diß alleß was er seines wüßens
1762 1470 2748 1580 entwendet habe, welches er aber eß großem
1770 1526 2508 1654 hunger undt mängtl gethane.
1773 1649 2793 1802 Wbar dise sein Krebsen sub. 12 Meyen gefan¬
1768 1749 2713 1870 nrdenvoltomene bekandtnuß habend mahln
1774 1800 2790 1951 gutfunden mit mehrerem ernst an ihne ze setzen
1780 1895 2757 2015 und zu dem endtmh heimlicher Magner
1784 1952 2794 2084 zu einem examinatoren verordnet, welcher
1753 2035 2793 2161 dan mit zuthun mehranzogeen herrn grosse
1751 2108 2763 2233 Den 17. dito noch volgende sachen von ihmme er
1785 2182 1961 2290 breßet.
1742 2256 2790 2393 daß er nammlich zuH Hulißstall noch zwa
1768 2339 2821 2462 jingen siit eigentlich müßend wein) genommen
1772 2408 2811 2526 die er auch uff einander gelegt unnd einsmahls
1788 2479 2815 2600 Heinweg getragen, hernach selbige verkaufft undt
1778 2556 2601 2670 ußem erloßten gelt z mühli kaufft
1734 2630 2812 2754 Denne habe er etwan zu zythen den lüthen grung
1784 2710 2594 2833 obs genommen undt solches geschiitzet.
1766 2767 2838 2936 betreffendt dan das isenwarck so er geklagter
1790 2874 2824 2994 maßen sölle entwendet undt verkunfft haben.
1753 2952 2767 3068 Da gebe er disen bucht, daß er vor etwas ziths
1799 3012 2804 3141 dem Hanß Glöß von Schonenbuhl ein zythlan
1801 3085 2827 3212 schundenhelffen undt by 4 l oder einer dublore
1802 3160 2732 3296 abverdienet, alß aber hernach diser klösch
1787 3235 2795 3362 durch vnfahr z todt gefallen, habe er under ande
1796 3321 2788 3447 dem einpfegysen oder sachen zahlungs wys für
2704 3380 2808 3499 sein
