3024 4032
554 504 1020 642 dem Hugi geben.
548 599 1501 749 der flässenmacher dann habe nur von dem
578 686 1477 813 haber so dem ügi zumersten mahl geben
587 750 1515 870 worden wüßenschafft ghan. Item von den
590 815 1405 934 Aelsen darvon er auch geholffen eßen.
512 945 1494 1094 alß nun offtanhogeer Ulli Kiser dise sein
597 1036 1464 1147 bekandtnuß von sich geben sind seine gespanen
590 1112 1489 1231 auch noch selbigen tags durch mohlermelten
593 1179 1504 1288 mhrren examinatores unnd h großweibel wil
591 1248 1506 1344 ladung, einer nach dem anderen Über disen dieb¬
599 1309 1510 1432 stahl befragt unnd inseischen der Maldammenund
603 1383 1468 1501 brige mit interessierte droben zu Mechseren
589 1454 946 1566 abgehaht worden.
1022 1438 1518 1573 Da dan in anfang etliche
575 1521 1492 1635 Diser eroscheren, sonderlich aber Nieli der lehen
594 1587 1491 1711 man mit der marheit nit herfur wellen.
578 1649 1501 1766 dochendtlich da ihnen kigler under augengee
606 1718 1463 1845 stelt undt mit zimlichen umbständen erfür
587 1803 1478 1928 kanen, so wohl ihres begangnen fühlers alß
594 1871 1505 1982 auch gantzer hergangenheit der sach oberlüter,
591 1933 1516 2065 termaßen bekant worden, derneben auch alles
599 2005 1480 2114 bestätiget, was er sigler vom Maldaman
597 2071 807 2165 gemeldet.
511 2241 1476 2396 Den 27. decembris Ist Waldaman Streft
548 2348 1448 2470 durch mhrrn examinatores kundeli unndt
579 2424 1471 2545 hr großmeibel Willadung in gegenwart
576 2504 1490 2640 Hot Sammel Schmaltz herr porschriyber Müller
590 2564 1490 2691 und anderen meier herren der Burgeren mehr in
587 2626 1422 2773 seiner verantwortung verhört worden.
574 2696 1487 2851 hat auch anfangs voranzogne geklagen ued
590 2781 1391 2901 neinen wollen, alß aber Ulli sigler.
571 2828 1473 2990 Hanß Gurtner unnd der fläschenmacher
574 2911 1484 3063 ihme entgegen gestelt, hat er gestehen müßen
584 2980 1455 3119 alleß was sievor uon ihmme gezeget worden,
563 3056 1460 3215 Weiches aber alleß fürnemmlich darin bestath,
520 3125 1457 3294 daß er unnd seine nachbangen alß stauben
565 3197 1470 3335 Blatter, kedicht gegen unnd sonderlich auch
570 3266 1440 3423 schnutz, der da der erste uffwiser gsin seye
1374 3390 1469 3485 sehr
2823 442 2900 531 27.
1931 517 2824 663 ehr ungern gesechen, daß h müller disen
1931 618 2897 743 frenden empfangen obmahlen man ihmme sel
1916 681 2898 798 bigen umb 124 mt anerpotten habe, darumb
1919 753 2853 864 er dan auch mysen er gedeüten zeenden nit
1916 825 2893 941 umb ein spott wie lange jahr daher geschechen.
1919 892 2892 1021 empfachen können, habe er neben ihnen anlaß
1919 958 2896 1075 genomen nach mittlen ze trachten wie man
1901 1039 2889 1165 Inskünfftag derglychen hrend besteher abtrybe.
1917 1117 2881 1232 konte, unnd habend sy das beste sein befunden.
1899 1187 2878 1311 ihnen under anderem kein jelegen darzu ze
1895 1255 2872 1375 geben, unnd damit sy solches desto füglichen uß
1920 1325 2868 1452 schlagen und man sy nit etwan darzu stzungen
1917 1405 2869 1519 thüye, die zeenden so sy die bauren empfangen
1901 1475 2894 1583 In bemelte scheüren ze thund, damit sy dander
1904 1539 2904 1673 ocupiert ober besezt werdind. Wie dan klatter
1912 1619 2870 1744 ein sein gehabtes nebend schürli exoress mit
1910 1695 2889 1817 arbsen gefult mndt schmitz den epfangeen
1876 1766 2882 1893 Hnuni wenden auch in einem gethan, auch das
1908 1854 2878 1971 Saum korn von seinem underen hauß In das
1913 1918 2904 2043 obere sasonst mihr mar gelegt darzu Schmidz
1901 1985 2840 2121 noch ihme dem Maldamman vorwißen
1900 2067 2856 2191 Man es zu solchem befelch käme, wurde er
1911 2133 2824 2241 grad der erst parieren habe auch schmiz
1886 2203 2898 2319 dise zusamenkunfft der dorff genoßen
1900 2276 2174 2372 angetriben.
2177 2279 2877 2370 darby sy die bauren Ins
1901 2333 2905 2464 gemein es nit bewenden laßen, sonder gern gestcen
1894 2403 2810 2524 hetten, daß ihmme herren müller an seinem
1901 2466 2902 2616 empfangnen heenden ein namhaffts abgienge
1871 2553 2921 2692 darumb er Mald amman sich den auch inpartt
1901 2634 2923 2765 Clar erkenne den troschenen vorgebner maßen
1906 2710 2880 2833 zur muhlifahrt anlaß geben undt darneben
1913 2776 2907 2928 mit esstruckten morten gesagt zehaben, wo sy
1913 2857 2909 2994 es einanderen nit ußbringend, molle ers ihne
1906 2922 2866 3066 auch nit ußbringen. Item sy weren wahl
1923 3012 2900 3123 Marsch Man sy nit m�hli geben es weren nit
1910 3078 2809 3206 bald mer die es nit thaten undt wo der
1913 3165 2901 3296 diebstahl wider verhoffen ußkame könnend
1922 3228 2872 3368 sy sagen sy habens am troscherlohn wollen
1909 3314 2923 3452 abgehen laßen. Da dan uber dißer vndt
2800 3416 2882 3498 serer
