3024 4032
124 460 202 540 92
547 526 1248 712 ffgenomene Information
631 649 1165 787 voe der Nachbarschafft.
416 728 1361 916 mr Scharnachthalle der heürgschaumer
419 827 1359 977 mr samnel von Arp sen franz Buder
437 895 1320 1047 m Heinrich Egli Johannes Sigfridt
437 976 1357 1101 Jacob Herman der Haffter undt Ulrich Hötle
449 1058 1406 1194 der bechsenschmidt zugen all einstinmig, daß
460 1131 1370 1262 sy sich offt verwunderen müßen, wie sich
443 1205 1412 1348 dise irnen sampt ihnen elteren mit ihren
469 1256 1356 1413 einhaltigen läbkusen gwarkien, so wohl
461 1367 1397 1489 durchbringen könnind, dasy offt den gantzen
461 1435 1390 1556 tag durch da auch biß in die spate nacht in
455 1513 1402 1656 die kannen unnd anderen marchieren sachen,
455 1596 1374 1716 undt hingegen der mehrtseill under ihnen mit
473 1669 1398 1809 angst und noth kum zwey mahl in der we
473 1752 1384 1885 den eintrünckli wyn zuwagen bringen
471 1831 1386 1958 könnind. Zegen auch ins gemein, daß sy
473 1917 1395 2047 alle vill ungebürlichs von disem Hentzeli ge
464 1988 1399 2119 lögt reden, doch nichts thätlichs gesechen vere
463 2048 1369 2197 geben. Etliche aber des besonder, daß s
453 2137 1371 2283 den einrentz lyß (sonst der Schmarzen
467 2225 1385 2365 Marnen sohn gewardt) sehr offt gesachen midt
471 2312 1402 2426 der cirnen bouder ins hansauß undt
456 2382 1404 2510 Ingelen, wie auch sonst andere Ihnen vmbe¬
474 2459 1387 2559 kandte handtwereks burß. Da dan im
473 2535 1420 2668 sonderheit mr Heinrich Egli der kagler in desen
458 2608 1357 2755 hauß diß gsindli vor ohngfurd secte jahren
448 2696 1388 2836 hansseblich gen undt hiemit nit unbekant,
473 2761 1378 2911 meldet, daß der voranzoger roßhandler, so
473 2844 1351 2979 schwartzen haars undt mit einer grauwen
474 2922 1416 3060 lasaguen bekleidet auch gmohnlichn zu acht we
474 3002 1399 3130 ien einest alher kommen sich gar vill da zuge
488 3077 1421 3218 zogen undt habe man alß bald sein ankunfft
471 3159 1405 3279 by erlag seiner hablid galteren verspuren mon
466 3241 1382 3369 gen, wie auch obiger scharnachthaler für sich
454 3303 1408 3443 selbs bezüget von der alten muder gehört ze
1254 3399 1392 3510 haben
2663 414 2744 494 93.
1721 496 2754 698 haben, daß dise tochter ihr eintziger brttt
1753 598 2722 746 orb sige mndt zuglich gesehen wir die jeneg
1756 675 2738 791 nit minder berumbte greyertzli, die lenge
1740 734 2762 858 Naglerin am stälden undt das undtschen macher
1756 792 2758 942 so sich by der allermeldt bekandten anlieken
1763 867 2675 997 nen uffhalte, an zyth zu zyth ihre vre
1757 927 2713 1063 alhier abgelegt habind, deßen dan die alte
1767 1002 2749 1127 läbkuchen Marin, so lange jahr bim alten
1774 1078 2736 1207 gen dem vatter gedienet, (man sy die nath
1765 1152 2757 1289 darzu tribe) noch ferneren bericht geben könte.
1756 1295 2779 1437 Dean nemond der storfenwirth zeigt auch
1762 1369 2766 1517 an, daß ey albereit by anderthalb jahren uff
1761 1448 2755 1592 diser murtschafft seye stndt habe vor ohngferdt
1779 1532 2741 1668 einem jahr herren frant Hongloch alßer
1779 1604 2784 1753 schon ein mittlin wahr by ihm gelosiert, daiu
1755 1682 2724 1820 in wahrendem seinem uffenthalt, daß
1774 1765 2772 1911 Hentzelis schwesterli ihne etlich mahl abgehalt
1782 1848 2763 1987 undt alß er enmahl nit geweßt, mo sein
1776 1935 2738 2052 gast hirkommen habe er ihn unversechens by
1777 1998 2787 2153 offenem pfenster in deß Henzelis am pfen-
1789 2089 2789 2230 er zuchen alß den herren imhauß sitzend gesechen
1780 2166 2772 2294 habe auch vom morgen umb 8 uhren biß umb
1785 2248 2784 2387 1 Uhren by mitternacht, 8 maß wegen durch
1768 2309 2774 2458 der darnen schwesterli in sein storchen wirths
1756 2401 2808 2528 Keller abholen laßen maßen, daß er ihmme dem
1786 2478 2799 2611 meitli ohngeacht es jederwlen das bare golt
1780 2550 2744 2686 gebracht, weyen gro�er spete keinen mehr
1800 2629 2787 2769 wellen ervolgen laßen Morndrist alß herrn
1783 2716 2796 2846 Bourgeris mierumb anheimbsch worden undt
1802 2787 2754 2924 eie der mirth sampt seiner frauwen ihmme
1790 2872 2757 3002 dise schlechte gesetzschafft vorgehalten, habe er
1808 2938 2774 3077 nur ein gelachter daruß gemacht. Disen
1802 3022 2779 3151 bösen verdacht habe er schon uff ihne Boupwan
1803 3106 2776 3241 gefaßet, wylen er einmahl mit deß Hürlis
1821 3180 2795 3307 schwester geredt undt ihra ein caler geben.
1781 3256 2818 3379 Den obgenanten egoner betreffendt deßentma
1811 3338 2797 3464 gen er sonderlich seye bescheiden worden werde.
2678 3426 2736 3488 er
