3024 4032
127 460 218 545 132
412 600 1388 837 Den 28. februari 1677 b vorta
470 723 1365 882 eerkendt worden daß wyen abir
458 799 1372 997 Pihter erst sidt waß das gsitz der r
478 884 1372 1058 bruchen halb gescherpft, welches zugelen
448 968 1370 1105 daß man zwey enehlicht eino von einer
458 1042 1398 1224 persohn eysaget werdind selbiges auch in
474 1126 1367 1280 anderen underscheidt für 2 ehebruch
472 1198 1386 1350 sölle gehalten werden) als solle deßee
470 1271 1366 1418 obige Christina Wenger, die sich hiemit
472 1352 1387 1495 mndt dem dritten ehebrach befleckt undt
462 1437 1379 1599 darneben auch sich von ihrem erstter
485 1513 1399 1673 lobten man nit formalischen scheiden laßen.
468 1594 1396 1747 wie sy hatte thun söllen underumb nache
479 1683 1341 1831 stgnauw gegührt undt da anderen
485 1776 1381 1915 sim exemnel mit dem schwerthin
481 1851 925 1987 gerichtet werden.
467 1951 1390 2096 welliche unthel wenig tag darnach an
480 2036 1101 2153 ihre erstattet worden.
522 2140 1409 2296 Gabriel Monod et Marquiriu Pan
365 2254 1419 2366 Dise beide so byeinanderen ein uehrlich kindersigt
455 2317 1410 2435 und auch hernach einanderen ehlichen mollen solches
464 2387 1415 2486 abr vor mahl nit erhalten können, Wylen sein
470 2447 1416 2558 nods füstl und dise marge Friard geschwüsterte und
482 2507 1410 2626 gewesen, sind wegen diser ihrer voertrettung e
469 2571 1419 2684 verpottnen grad, vermag jedels sub 27 febr 167
470 2617 1423 2735 mit dem eidtvon stattundtlandt und daß sy von
480 2692 1414 2829 einem halben jahr sich umb gnad nit anmelden sollen
486 2767 891 2868 verrechen worden.
584 2837 1095 2986 Hanß Schwytzer
412 2985 1398 3152 Diser gast so sich sonst Hanß Korp ernsen
491 3092 1369 3223 lasten und nach seinem furgeben hinder
478 3152 1419 3291 tryburg geseßen, da das darfmr gehalten
478 3229 1372 3354 wirt daß er eines hiesigen müllers sohn
474 3295 1407 3423 seye. Ist vor kuntzer zyft wegen er etliche
1287 3380 1424 3497 fert
1601 1373 1751 1492 nochmnahte
2600 436 2690 530 133.
1702 567 2668 762 pferdt gestohlen zu Scheeckenberg ußgen
1747 663 2608 818 hineizt geleihnet undt mit dem eidt
1736 744 2668 874 von statt undt landt verwisen worden.
1723 798 2706 940 Wylen er aber über diß sich widerumb alher
1746 863 2688 1020 begeben nndt vom zueckr obervogt Man
1735 941 2703 1107 ohnffard uff dem Kornmarck erseiten
1731 1009 2670 1141 worden, als habend mahl erkendt, daß
1758 1076 2700 1227 selbiger uff ein früscher examiniert flle
1740 1164 2673 1296 de undt wo nichts feoners uß ihmme
1742 1227 2718 1391 zebringen wegen seines übersechenen eidts
1771 1320 2700 1479 stgeschmeitt undt gezeichnet darneben
1755 1388 2715 1533 auch anzeigt werden solle, daß man ihmme
1760 1449 2652 1621 by erster betrettung diser landten undt
1755 1546 2703 1712 gepieten das haupt zwischen die kein legen
1751 1627 2743 1766 werden alß ob er den eidt de novo præstir
1722 1724 2319 1875 hete  3 Martii 677.
2012 2218 2535 2388 Eiggli Maritz.
1751 2456 2722 2596 Dach demmen zu volg mage unnd oberen
1791 2540 2765 2663 Iungst abgangnen befelchs der vermutlich
1802 2609 2706 2730 mit seiner tochter in blutschand verhaffte
1806 2683 2746 2806 vndt darimb von Camppen alher geführte
1800 2752 2740 2868 Bieli Maritz von oltigen diser schweren
1815 2829 2692 2927 anklag halb durch dero diener groß
1824 2885 2725 3005 weibel unnd grichtschryber in bysein herren
1818 2965 2749 3080 umbgeltera Tilliers undtJo Rudolff
1814 3032 2686 3136 von Euternauw ernstlich examiniert
1829 3102 2723 3227 zuglych auch die tochter selbsten unnd ihr
1823 3177 2743 3283 Deman darüber vernommen worden
1836 3239 2788 3363 hat enstlich der 70 jährige gantz übelmögen,
2659 3326 2738 3401 de
