3024 4032
222 428 288 508 38
484 493 1465 670 Daruff diß mentsch nachts von seinem hauß
478 594 1468 742 durch den garten zu gedachten metzgers hinder
496 655 1444 797 weithuren, so es maggreth zu dem zndt offen
494 730 1482 881 gelaßen hinpe kommen. Da habend sy dem buten
490 797 1472 946 Im hauß befunfft gulden angelt und darei
503 869 1469 1027 den sonst im hauß by 4 oder dr Hembli Item
500 941 1435 1081 noch ein stueb stuch genommen. Darvon aber
502 1027 1453 1159 s Margreth nichts bekommen alß den halbigen
512 1101 1468 1235 theill vom gelt, darumb seynd sy beidersyhen
509 1174 1444 1321 Istgeschmeizt, aber doch nit gezeichnet worden.
473 1367 1467 1521 Jolannes fram obigen Marg geth Christen
497 1475 1418 1603 Deman (sonst nach luth seines bybrieffs
512 1540 1459 1660 Johann Meyer genant hat auch uff ernstlih
500 1611 1444 1743 ihrs zusprechen seines läbwesens handels undt
497 1690 1438 1811 Wandels halber volgenden bescheidt unndtge
518 1775 1467 1894 chenschafft geben. Daß er namlich zußuet
521 1832 1456 1970 in in Osterrych gebürtig undt sonst seines
506 1906 1420 2034 handtgegchs ein huffschuidt seye. habe eor
518 1990 1452 2111 ohngferdt 10 jahren zu Nuremb�rg by einem
500 2063 1441 2177 kauffherren fast ein Jahrgedienet vndt
524 2133 1465 2256 by 10 gn lohn bekommen, dieer hernach an e
510 2202 1463 2323 gwarblin gewendet, darmit er in qualitet
518 2288 1465 2410 eines boytiers für das erste mahl völlig den
518 2352 1450 2488 ditten theill best gemacht, welches ihmme anh
524 2425 1422 2564 laß geben wyrers darin ze setzen, undt seye
514 2506 1447 2640 Darüber von Nüremberg ins Mirtemberger
515 2572 1427 2698 landt von Dannen aber nach olmar kommen
523 2656 1457 2790 allwo er dise sei damen uffgetreiben unnd
513 2719 1461 2862 dther mit ihra hin und her gezogen. Alles
519 2792 1446 2938 Ist mit glychen pargnularitesten vndt vmb¬
526 2869 1464 2992 wanden wie hievor von seiner srh erzellet woren
520 2926 1410 3083 den eßtenst daß erumbetwgs in dem
513 3001 1447 3163 discrepiert, daß sein er gesagt dise attesta,
513 3078 1412 3226 tionen seuen ihnen allererst zu Sefflingen
513 3162 1431 3288 geben worden, da hingegen der mannmeldet
509 3234 1426 3374 es habe gedachter cunradt, ihmme etwas an,
509 3294 1413 3449 dütungs darvon zu elm gethan, aber erst
1272 3419 1440 3515 Hernach
2797 339 2874 428 39
1829 446 2881 631 hernach zu Lindauw by Sr Gallen die sach
1836 544 2869 698 volkommlich geoffenbaret vnnd die ganze
1833 611 2868 771 Instruction gegeben wie solchen brieffen ze¬
1852 683 2898 854 bruchen seyen, auch mas er für ein vontheill
1816 761 2857 908 darvor empfache wan man Stafft seiner
1855 819 2920 998 bybrieffs sechen werde, daß er für ein so hahe
1844 900 2911 1073 adenliche vonden finden veroribne Jetz aber
1844 976 2844 1139 an so abschetzigen orthen kranfkligende fast
1829 1070 2904 1229 hilfflose persohn ein steür begehre. Daruff
1853 1137 2871 1297 er dann auch sein erstes wobstuch zu St
1838 1244 2784 1372 Ballen bim Gurgermeister gethan.
1825 1522 2850 1671 betreffendt dan die dritte von glycher
1852 1627 2864 1762 ursach wegen getangne aber doch mit ihren
1859 1704 2857 1827 sonderbahrten attestationen versechene wybs,
1856 1788 2901 1916 persohn, vermog, welcheren sy aach genamset
1858 1858 2921 1987 wirt Eseptia Nos egsberg ußem schloß
1852 1952 2862 2078 Molegg in der nideren pfaltz gebürtig. Ist
1871 2021 2907 2149 selbige durch hochermeldten mhhl examina
1846 2101 2873 2227 toren unnd hr großweibel Millading diser
1844 2176 2911 2297 Ihren brieffen halb auch gantz ernstlich zu einer
1858 2245 2904 2346 freyen bekendtnuß vermahet worden, welche
1853 2325 2909 2442 aber ehngeacht der ingedachten ihren attiestation
1859 2393 2854 2521 een genemseten villen namen sr wohl der
1856 2472 2927 2591 bathen alß auch der versohnenso da nach empfen
1862 2542 2920 2664 genem sicheren bericht sich gantz faltsch unden n
1853 2618 2930 2736 ihrem fürgeben biß uff das usrrste verzarren
1853 2674 2922 2801 wollen. Endtlichen aber auch bekenne müßen
1841 2755 2912 2882 daß dise ehre brieffen nit uff sy sonder uff ein
1859 2811 2899 2939 andgge Elle damen so ein Officierer glen ge¬
1862 2892 2905 3019 richtet worden, die ihro hernach selche uiß sonder
1856 2961 2870 3083 der commiseradion ihres zugestandne unglucke
1853 3032 2869 3159 ertheilt selbige zu ihrer nothurfft zegebruchen
1852 3094 2904 3242 Heiße sonst. Anna Maria Hiltispergen
1862 3152 2834 3304 um ihres alters 30 seye in der jugend by
1847 3226 2891 3362 dienen jahren in die lehr gangen, könne aber jetz
1844 3297 2890 3425 bloß das getrückte lesen habe ein mann ghan
2747 3410 2878 3487 der
