3024 4032
117 357 203 450 74
420 506 1363 764 nach ihnes meitlis fürgeben et was gelten
417 589 1384 838 gelaßen, sey aber nit mehr alß ge
435 668 1369 892 sy da zufanden ihrer feiden unerlaßen,
404 761 1386 994 daß sy sich by 6 jahren diser handen beten
442 844 1371 1051 in geschechen, daß sy fridersytls andre
412 900 1372 1095 ze veronen gehabt, Doch habe er der man
420 984 1367 1179 solches nur zu der größen nath gebrucht
421 1055 1359 1250 unnd intwischen jederwylen krngs dienst
420 1154 643 1242 gesucht.
392 1217 1372 1399 Im Schnaben landt vnnd auch biß nacher
414 1305 1395 1485 Rägenspurg seyen sy mit derglichen briffen
420 1372 1349 1535 herumb getogen und habind obige gsellen
419 1461 1379 1607 unnd fabdieiger diser rehtschen schyeren
416 1523 1411 1679 ihnen jederwylen gesagt, wo siy ansetoffen
431 1589 1346 1757 Imfahl sy anderer modellen bedürfftig
438 1692 1343 1831 weren uund deren von ihnen begehrten
419 1753 1340 1931 Sein fr habe er zu Franckfort gschlichet
427 1865 1346 1996 allwo sy zuvor fn einem wirthshauß
436 1933 1375 2071 gedienet unnd seye sy zuvor angspurge,
436 2014 1380 2146 schar Confession gewesen, wüße aber nüt
433 2080 1353 2216 darvon daß sy sydther ihrem anggeben,
450 2167 1366 2292 nach seines glaubens und Catholisch worden,
455 2235 586 2357 sye
433 2278 1383 2449 S habe dezunder aas weltschlandt sollen.
458 2394 1045 2509 er aber wider hinnnder.
412 2461 1386 2603 die einte frauw so auch by ihnen gewesen
437 2545 1397 2664 habind sy zu Basel antroffen unnd sey erst
446 2624 1015 2729 nach ihnen alserkomen.
436 2670 1356 2832 Hievor seneer lediger wys zu Geuff
446 2768 1351 2885 gewesen und habe uhren nnd anders
461 2834 1393 2957 kaufft darmit zegw�rben, hernach sey
461 2919 1394 3023 er an zweyen mahlen mit seiner frauwen
430 2974 1365 3095 dort gewesen, da er das einte mahluiß
442 3048 1383 3163 dem erbättleten gelt tuch unnd anders
455 3117 1072 3244 kaufft darmit zehandlen.
494 3201 1416 3343 Alß die freüw uff dise ihres mant
543 3299 1405 3405 in der marter gegebne mehrere er
527 3356 1426 3480 lütserung nochmehlen pred gestelt und
524 3426 1408 3554 auch mit glycher munter betreüwt worden.
1254 3506 1384 3638 hat
2588 397 2689 493 175
1651 517 2709 739 hat sy bekendt, daß sy eit nur by 2 jahr
1672 599 2616 750 ven daher wiesn muner halstarriger
1668 636 2711 822 Mus erhalten wollen, dise schrifften brucht
1685 722 2665 890 sonder so lang sy by einanderen in der
1681 798 2670 955 ehe seyen, unnd habe diser er man zu
1684 866 2670 1035 enst ein derglihen brieffen machen
1702 993 1885 1073 asten
1659 993 2686 1174 daß sy dise attestatponas von ztt zu zuh
1685 1037 2637 1206 nachdem es die nothurfft erforoebet
1689 1156 2718 1288 habend enderen laßen unnd sich bald der
1698 1209 2719 1353 niten bald der anderen gebruucht, deßen
1693 1302 2277 1444 müße sy auch gestehen.
1671 1353 2698 1512 So werden auch die daruff getruckte
1693 1457 2693 1585 Sigel vnd pittschafft von den Järigen ge¬
1693 1521 2673 1650 nacht die die apestationen ertheillen.
1698 1598 2717 1707 oder werden von anderen brieffer abee
1705 1666 2709 1793 rißen unnd lubtil uffgelynbt, wie sy
1719 1739 2687 1862 solches auch selbs aesechen vffmachen vnd
1719 1799 2667 1940 werden der füthen gar nell gefunden.
1702 1866 2724 2012 die darzit umbgangen und solche attestas
1714 1960 2201 2073 tionos verkauffin.
1703 2005 2716 2161 Mit disem beireren allein habe sy sich by 6.
1705 2108 2697 2231 jahren daher sampt ihrem mann erhaln
1721 2174 2748 2303 en unnd seye auch mit disem betreg im
1717 2244 2741 2366 Schmabenlandt unnd by angspurg emben
1724 2328 2013 2435 vmbgangen
1689 2365 2739 2520 daß sy sich anklagter maßen noch für ein
1720 2466 2646 2585 pfarrerin ußgeben, seye sy auch bekant.
1709 2523 2725 2657 Ihr mann und sy habind sonderbare attesta-
1733 2610 2703 2718 konen bricht, sonderlich aber sy habe sy all
1723 2676 2708 2783 zyth am meisten für ihre unhrung forgen
1726 2735 2739 2856 müßen, da er der mand gar weng nachen
1730 2828 1959 2915 gangen
1704 2864 2727 2991 die vorgehideren attestasionen habe sy mehr
1741 2935 2742 3044 theils zu Sefflingen bekomen unnd habind
1744 3007 2670 3116 obige 12 gsellen ihnen von zeit zu zeit
1766 3073 2189 3180 andere gemacht.
1742 3122 2701 3249 sy diser letsten gei, habe sy alhier nit
1754 3211 2689 3307 mehr als ohngferd on einer ducaten
1751 3267 2573 3378 angelt zusumenbringen können.
1736 3314 2734 3445 ihrem meitli habe sy zwar ernstlich ver
1760 3397 2759 3524 potten nichts von disen hendlen zeschmatzen
2633 3474 2747 3551 aber
