3024 4032
131 484 223 562 128
2594 380 2689 473 129.
1794 491 2376 693 Heinrich Sinner
1583 636 2685 856 Diser Heinrich Sinmer der lishmacher
1667 723 2628 907 hat den 31. januarii 1677 nach dem
1682 785 2674 966 er sein tyth In der gefangenschafft vß¬
1697 884 2623 1036 gemacht) von schulden wegen ußge
1713 999 2008 1115 schworen
1874 1787 2466 1954 hristina Widmer.
1673 2008 2688 2178 ach dem dise Christina Widmer von
1743 2099 2770 2255 Rynauw so alhier im oberen spitahl findts
1749 2174 2708 2323 gelegen zu norg mahl abgangnen befelchs
1742 2269 2778 2397 den 1ten februari 1677 durch mhren sntah
1756 2332 2763 2467 Tscharner undt herren großweibel Willaden
1755 2393 2742 2560 In gegenwart J Hernhardt von Matten
1766 2491 2725 2639 Wyls herrn anthon Mürstemberger herren
1765 2571 2763 2677 Sammel schmaltz undt anderen meiner
1763 2643 2702 2777 Herren der burgeren mahr, über ihre
1778 2730 2782 2853 schon hievor in ehorgrichtncher gefangenschafft
1773 2800 2694 2941 bekente underschidenliche ehebauh uff
1778 2891 2685 3024 ein drüsches examiniert worden, hat
1800 2974 2758 3095 selbige nachernstlichem insprechen noch
1803 3046 2485 3178 mahlen frey willig bekennt.
1809 3155 2727 3320 daß sy sich vor ohngferdt 14 jahren
1784 3266 2782 3394 das erste mahl mit einem ledigen gsellen
2587 3360 2803 3439 Niment
