3024 4032
116 418 227 500 154.
580 461 1218 659 Sy lahrer marter
456 568 1353 772 hat dise tirnen noch ferners bekendt
435 687 1362 855 daß sy sich mit dieballtshanser demalten
465 755 1353 929 sonst michel stettler) auch vergeßen
454 825 1385 1000 tnmo das erst sydt dem mit obiger schmid
473 909 1369 1080 begangnen fahler, da sy namlich im heie
463 977 1383 1140 bad gebadet unnd er damahls von serg
454 1058 1371 1194 dorff konn undt sy nacht in ihrem
463 1134 1374 1277 bott besucht, seye aber dier stittler zusen
454 1210 1358 1350 biger luth schon ein mittlin gsinstend ehe
479 1277 1376 1428 er zu ihr kommen im nebend gmach uff
476 1362 1337 1513 einem tisch gelegen. Worumb sy ihmme
485 1454 1371 1579 solches zugelaßen seye, daß sy von ihmme
478 1515 1360 1657 undt seiner grauwen sel hievor sovil
479 1598 1010 1737 gethaten empfangen.
455 1694 1369 1845 Wyters habe sy mit einem geweßen
473 1787 1373 1896 mann von Scredt deßen tauffsamen
463 1857 1371 1983 Ihra unbekandt, seines geschlechts aber ein
482 1929 1390 2059 Vogeli sonstjerger sattar undt schwartzen
482 2009 1365 2129 barts darneken auch ein eheman zu
463 2079 1364 2193 Jegenstorff im oberen wirthsHanß
491 2150 1366 2283 nachts hinder der matschafft genein
490 2232 1320 2361 schafft gehabt, da sy selbigen degs von
475 2302 1381 2432 Dieterdwald mit ihrer mahr oder heten
491 2375 915 2500 daselbst inkehrt.
475 2463 1375 2601 So seye sy auch by dem Dunkig Ulli von
1263 2552 1357 2600 M
500 2559 1394 2670 grachselwald einem eheman zu lege
496 2621 1405 2746 klich nachts vor dem wirthshauß gelegen
508 2693 1207 2810 unnd ihmme z willen worden.
493 2776 1386 2909 Ueter Burckhelter ab dem Grtttenmal
487 2856 1382 2981 get uff der eideren oschwand mohnhafft
496 2934 1378 3042 habe zu Haßli, da sy by 5 jahren gewohnt
486 2994 1387 3110 undt damahls son in der ehe gewesen
491 3065 1381 3180 nachtshinder ihrem hauß mit ihra ze-
497 3129 1381 3260 thm gehabt, welches vor ohngferd 10
478 3198 918 3327 jahren geschechen
463 3281 1403 3416 Mit elli glantzman deß mirths sohn
1320 3393 1396 3481 zu
2628 357 2730 433 155
1697 474 2660 724 zu Haßli, so nochledig war habe sy sich
1706 559 2673 793 daß schonverheratet nachts im keller
1699 677 2458 850 deß mirthshauses vergeßen
1698 729 2702 915 allwüll sy don spitahl gewesen habe me-
1721 807 2713 970 mandt mit ihra diser sachenhalb geredt
1718 869 2727 1068 als obigen schryber Meüers er so sy getragt
1722 935 2720 1114 ob ihr mann sich lediger mys mit ihre erd
1716 1008 2713 1204 gesten oder erst sydt daß sy vrohmratet
1719 1078 2689 1259 Item seye auch ein geweßer bättelvogt
1726 1150 2701 1324 Nam Hieranmes sonderbar mundern
1730 1235 2602 1395 gsi etinat von ihra ze vronemen
1821 1294 2758 1497 sy betreüwung deß 25 lb sein
1620 1475 2746 1656 Daß sy alhier mit einem gewüßen schä-
1742 1576 2728 1691 vor diener name lego, alwyll sy noch
1743 1654 2700 1790 ledig gewesen unnd by herren bruchschnnder
1748 1716 2733 1850 Müßli sel gedaenet nachts in disers ihres
1752 1778 2722 1909 meisters hanß Uff einer bett unzucht ge
1763 1863 2757 1983 tiben, welches aber lang nach dem geschechen
1739 1931 2667 2063 da der meyer mit ihra sethun gehalt.
1670 2059 2781 2189 Da disers ihres meisters sohn nam Abren
1756 2137 2713 2258 Han Mußen wegen seiner muter sel
1756 2207 2785 2335 heischen ußt der fromlde wider nach haus
1762 2273 2722 2395 komen, habe er auch einest nachts mit
1764 2349 2754 2479 ihra uff einem bett gemeinschafft gehabt,
1775 2432 2686 2527 von dem nachen seieer widerheuren
1768 2489 2776 2623 kommen, unnd habe sy ihne sy thra nit meha
1785 2559 1989 2690 gesechen
1752 2658 2752 2793 So habe auch herren degonsts sel dest zueker
1792 2744 2798 2873 bects sohn, da sy von obigem herren bruchscheyn
1789 2818 2800 2937 der meßli ußem dienst kommen unnd in
1792 2890 2779 2994 erwartung eines anderen meisters sich
1810 2954 2710 3088 im staldentnden in der eugen by
1798 3035 2791 3139 einem geweßen kaffeer Ram m Johs
1814 3094 2766 3215 uffgehalten sich da nachts uffem bett d
1805 3170 2755 3289 alß der mr deß huses abwesend war
1798 3238 2812 3352 mit ihre vertrappet, ihren auch versprochen.
1789 3309 2824 3427 uff den morediigen tag ein halben thuler
2650 3387 2834 3493 zegeben
