3024 4032
92 446 193 538 140
433 564 1362 779 zwey mahl disen muthwillen nit getriben,
428 662 1329 818 und auch mit der eltesten tochter selbsten
455 724 1342 890 seinen bösen willen keintweders mahl
448 788 1377 952 vrkkammlich habe können ins merck brinen
445 863 1359 997 Wyler sy sich nit recht ergeben mellen suind
449 964 1328 1083 er auch to gar mächtig nit an sy gesetzt zu
446 1017 1347 1153 dem daß er wenig zytt darnach ppredig
443 1077 1352 1217 kommen da er gehört, daß der hre redirant
428 1159 1370 1303 von den elebrecheren geredt, wie namlich sel
452 1239 1376 1365 bige nit in ihren sunden vorhanren sonder
445 1319 1370 1442 sich beßeren sollind, welches auch zum theil
461 1406 1378 1523 ein ersach gewesen, daß er darvon gelaßen.
415 1484 1379 1619 sein jwnere tochter betreffent unse er
452 1565 1376 1683 gar nit daßer itmas mürckliche mit ihre
452 1637 1378 1743 we mit obier tentiert habe unnd obmahn
458 1705 1372 1826 len ers hievor bekendt, so seye rs doch nit und
461 1790 1336 1900 sage er gar manchs, das sich hernach nit
468 1845 1362 1961 wefnde, wohl möchte er sy auch betrar
467 1920 1356 2025 ungebührlich betastet haben aber meter
461 1988 570 2069 nit.
652 1985 1335 2090 Mas er auch mit derent kind
462 2052 1342 2164 anderen troubt habe er keinem mentschen
470 2121 900 2228 nit geoffenbaret.
439 2251 1346 2393 Alß nun diser alte mann bald durch
476 2341 1383 2448 gute wort bald mit betreüwungen n
476 2409 1356 2517 ansechen seiner hierby erschynenden einfalt
445 2474 1340 2598 und großer unerkandtnuß vermandt
461 2543 1364 2665 worden die runde Marheit ze bekennen
454 2623 1383 2727 hat er sich declariert er welle es denen
458 2675 1389 2810 guten herren so dazugegen seyen vertraun
458 2752 1372 2880 Ien, was sy machen werden, seye ihm
470 2829 1380 2958 wohl gemacht. Er bette nochmahlen get
479 2907 1364 3033 eringenlich man wolle verschaffen deß
466 2977 1341 3074 er widerumb heimb komme doch eben nit
467 3043 1404 3153 vff denselbigen Abend wylen es vmb etwas
478 3116 1362 3238 zuspatt were nacher hauß zekommen, aber
476 3187 1213 3316 etwan uff den moredrigen tag
439 3242 1378 3394 uffwelliche sein pt ihmme abermahten haff,
470 3340 1347 3452 nung gemacht worden ledig ze werden.
1209 3428 1341 3502 Mart
2615 432 2709 508 141
1667 542 2677 719 Maner mit ertellen wolle wie alles
1685 614 2674 782 in der magheit hergangen, darüber er
1695 672 2673 849 geantwortet, wan sey ihmme z läben gulte
1709 768 2422 889 könne er nichts wydert sagen.
1707 909 2698 1100 Den 23. februarii 1677 ist nechstste
1727 996 2679 1151 hende Uegna Hoffer u� Mass befelch
1718 1069 2717 1239 In storck turr geführt und aberbahle.
1700 1132 2650 1292 durch mhr obgist vy� mmt herren aroßen
1703 1196 2665 1355 weibel willaoiun examiniat worden.
1704 1262 2652 1426 gat uff notherg augenes ernstliches
1724 1305 2713 1470 zusprechen und by norwysung der maater
1714 1426 1932 1538 bezuget.
1670 1443 2717 1599 Daß der alte vatter über das was sy schon
1722 1534 2685 1675 zvos bekendt gar nüt weyters beimngen
1690 1603 2685 1741 Ihr ehemanso sy in sollichen bösenver
1704 1673 2698 1816 eacht gebracht, seye ein böser mann der
1736 1742 2738 1869 chon non einer frauwen gescheden worden
1725 1811 2710 1921 weglen er sich mit einer anderen twogeßen
1726 1873 2749 1971 undt habe uber diß nacheinandere cionen
1732 1942 2712 2076 nachen zogen deren er ein stücki kuchen
2522 2019 2747 2119 So wüste
1725 2015 2414 2138 In ihrer gegenwart geben
1732 2081 2712 2203 auch der ateundergar nit mehr mas
2055 2143 2757 2260 sy welle lieber sterben als
1745 2170 1922 2277 sagen
1734 2213 2680 2341 die vorstehende marter ußstahn und
1750 2294 2768 2405 welle ehe alleß glauben mir daß sy deo¬
2485 2352 2713 2469 dt daß
1752 2361 2340 2458 selbigen überhebt werde.
1760 2436 1829 2481 1
1747 2418 2702 2548 13 an ihrem verstandt seye wüße sy
1757 2485 2739 2574 einmahl gar nit ze sagen, daß er alte
1752 2557 2722 2679 vatter etwas mit ihra ze than gehabt.
1764 2625 2707 2734 oder sonst sy ungebürlich angriffen.
1739 2696 2760 2820 Was er deralte vatter gethan seye geschehen.
1769 2763 2773 2877 allwyll sy nach under fahren gewesen
1764 2833 2730 2958 Da habe er ihra offt Crev luß gesucht
1775 2903 2731 3029 undt sy einlüßt uff die schoß geleßt
1775 2978 2779 3092 aber doch in einichen weg nichts mit ihre
1782 3041 2285 3131 können volbrungen
2420 3040 2784 3159 ein glyches hate
1783 3099 2734 3211 er (wie sy schon hievor bekent) einmahl
1783 3176 2800 3306 gethan danr sy uffeinen trag getragen.
1769 3244 2686 3340 Da er doch abermahlen megen ihres
1787 3302 2739 3421 damahligen meigerens unnd Weltzens
2650 3413 2773 3486 gar
