3024 4032
99 445 204 538 152
436 570 1377 763 Manner unnd herrn großweibel Mihledin
433 659 1373 843 zu bysein herren alt landtvogt von Grgente
449 744 1345 900 unnd hrr Inselschryber Eggers im stre
443 821 1371 1004 ihnrn examiniert worden hat selbig
449 910 1356 1054 uff ernstliches zusprechen ohne anwenn
449 987 1377 1138 dung der Mare votzende sachen bekent
397 1102 1350 1266 Daß namlichen der erste so sy gesucht
458 1193 1297 1295 zefellen ein decharnier herr votter
458 1261 1369 1395 meitreratistl tochter sohn gewesen der
446 1343 1371 1473 habe sy alß sy damahls auch an der metze
461 1420 1368 1532 gasten an dem schrüber gut gedighnet en
477 1485 1356 1621 nit vill mehr alß woltf jährig gewesen.
461 1565 1390 1702 uff der heüwg blatten gesucht senten.
464 1647 1369 1769 der dochweylen sy dervon Schmertzen
483 1713 1366 1825 erlitten nichts volbringen können und
467 1795 1389 1915 von ihm selbs nachgelaßen, auch darzugegen
489 1867 1392 1991 sagt er müße noch ein paar jahr Marte
450 1944 1389 2104 Ohngferd ein halb jahr nach disem als sy
470 2056 1377 2179 noch anglychene orth gedienet, habe der
478 2127 1374 2248 Schwyber Sammel Meyer auch an sy gesetzt,
493 2196 1362 2329 sy in einem stubli herumb getriben,
493 2273 1391 2397 zu erst zwischen seine bein genommen her
490 2343 1367 2457 nach gar uffem bett geworffen udt
491 2416 1369 2542 Uoll M�ster alß der erste mit ihre gen
475 2491 1376 2615 huset, seye auch mürcklich ihren theill
475 2576 839 2678 hafft Morden.
476 2649 1416 2774 Nach disem habe sy ein jahr by herren nanmel
495 2723 1350 2843 Huser in der mattentsten gedienet.
493 2799 1395 2926 unnd uff diß im retschuß by ir amen
515 2865 1416 2978 von Bonstetten, da sy nit anbeiden orthen
497 2939 1414 3065 wohl gehalten, wylen sonderlich gedachter
493 3016 1401 3139 do ammen zimmlich strengen gegen ihra gen
505 3086 1389 3203 wesen. Von dasem sey sy nach neüwen
514 3155 1413 3255 burg zu herren un gommen und da by einem
495 3215 1392 3332 halben jahr gedienet, doch gar mit ungebür
501 3307 843 3408 lichs begangen.
1157 3325 1338 3444 Hanß
2612 397 2709 491 153
1693 532 2676 749 Hanß Eggeman von Erißwyll habe
1719 611 2710 779 mit ihra (da sy damahls schon ihren mann
1716 674 2642 856 gehabt zu Schaffusen zn eimenthal vor
1724 723 2697 909 ohngferd 1 jahren uesucht gefriben undt
1746 791 2722 983 seye er Eggeman zu selbiger zyth bem kameer
1730 878 2694 1033 zudiensten gsin, sy aber mit ihrem mann
1740 929 2709 1084 so mit tauren h�ten gewerbet hin und her
1724 1037 2285 1165 dm landt umbenzogen
1710 1128 2672 1273 Mit Hanß Ulli Cirthi habe sy sich da sy schon
1736 1191 2751 1347 veohüretet unnd aber ihr man nit anheimben
1740 1247 2739 1395 gewesen in deß schmidtshauß zu Lützelflüch
1737 1315 2709 1460 auch vergeßen, der iu ihro in das gmach
1724 1388 2688 1550 hinein gestigen, da deß schmidts tochter by
1728 1464 2748 1614 Ihra gelegen vnnd aber geschlaffen, den
1738 1537 2760 1685 habe sy damahls auch das erste mahl gelehrt
1765 1643 1945 1727 tinnm
1747 1695 2758 1861 Peter heitig zu Goltbach habe in gedeüte
1744 1792 2747 1921 Goldtbach in Jaggen Buchsels hauß auch mit
1755 1855 2751 1996 ihro gemeinschafft gehabt, da er ihra zu vor
1759 1928 2745 2047 kas unnd grott undt  trincken geben her-
1764 2002 2726 2118 nach im deim by ihro gelegen, allwyll ihr
1774 2077 2760 2210 mann Jezwischen zu Bengdouff) mahart
1768 2164 1888 2271 gsind
1767 2213 2789 2366 Peter hertig zu Goldtbach habe ingedeüten
1753 2315 2774 2442 Galdtbach Hn Jaggi Buchsels hauß auch
1787 2401 2768 2538 vor ohngferd 7 jahren sey Christen schmide
1780 2487 2763 2616 zu Utzigen im mirthshauß by ihra gelegen
1792 2554 2774 2668 da aber der wurth daselbsten, dem sy zuvor
1784 2620 2759 2744 angehalten sy in seinem bettligen ze laßen
1790 2691 2780 2805 disen shenntz selbs zu ihra in raden hinein
1798 2753 2741 2866 geführt. Da ihr eintes kind auch sehr
1810 2828 2792 2937 kranck worden, won habe sy ihrem mann
1801 2891 2721 3008 etwas andëtungs gethan, daß es dem
1808 2964 2753 3079 Schmütz zugehöre, welches er dem schmut
1806 3016 2781 3148 vorgehalten, er aber alsobald by 100 lb er
1820 3106 2715 3225 sprochen zegeben Man sy eir helffen
1830 3171 2781 3289 komund solches ze troteschen, doch seyen ihren
1820 3247 2788 3370 von disen 1000 lb endtlich nit mehr alß
1827 3323 2208 3424 70 ab worden.
