3024 4032
99 416 198 520 190
219 1270 399 1400 t genant
512 525 1295 741 Anna Maria Greyertl
334 674 1329 923 Nach demme mahlen sich ingelegten hr
461 797 1336 971 gäihtlichen fürtrag vernommen, mar
417 865 1367 1054 Diß mantsch für ein hurermesen gefihrte,
424 932 1341 1108 habend sy selliges wafft jedels sub 20
425 1028 1368 1183 decembrrs 1677 erkent, daß dise geläßen
420 1082 1374 1237 ge conen mit dem eidt von Saffd
434 1150 1355 1299 landt verwisen meiden und sampt ihrem
413 1234 1309 1348 jungen kind ihnem tr�nken mann
435 1289 1314 1454 Godoferdo nachtuchen sölle. Welches
439 1363 1306 1511 auch den 21. dit exequiert worden
573 2019 1069 2159 Jacob Schaub.
395 2255 1391 2385 Diser Jacob Schaub der pertoßer Studet
415 2339 1325 2450 Ist wegen seines schlechten verhaltens
454 2407 1376 2518 sonderlich aber, daß er mr Johannes Mege
449 2462 1371 2576 ders deß techen dochter alß ein tali
455 2530 1377 2643 verführt undt sich mit ihra fleischlichen ver
460 2596 1343 2708 taabt neben ußgestandner sthaff deß
461 2649 1362 2764 Ehebauffs alß ein Annnzer gast uff
464 2697 1359 2822 schynbare byßeren undt gnad hin mit
466 2752 1378 2876 dem eidt von statt unor landtverteisen
466 2829 1242 2939 Monden.  15. Januari. 1678.
2593 410 2690 506 191.
1858 509 2555 713 Barbli Schlnechter
1689 698 2682 874 Dise wybs persohn sonst Nielanß Stal
1726 776 2657 944 ders deß jungen Schetzmüllers ehemyb
1709 832 2591 1008 so mit einer zu gnnßten der jr landtvogt
1710 874 2676 1043 Bournecisin uffgerichter schuldtroschwebun
1729 954 2624 1115 ein schandtlichen betregn vertibt und dem
1727 1012 2646 1172 schayber Duncki sy selbige expediret durch
1735 1089 2686 1206 ein fürnglegten faltschen bürgschafft jedel
1740 1136 2628 1286 alß verführt, daß er deß ooths selbs
1723 1191 2730 1329 ungelegenheit kommen und des unfürsichtin
1725 1276 2664 1392 keit bescholten worden. ist wegen disers
1732 1325 2664 1495 ihrer verbrachens und daßß darneben
1734 1403 2646 1525 auch den namen hat ein schandtlich böses
1748 1469 2718 1606 wüb zestin) zwo stund an das zalßisen
1748 1538 2615 1669 bokendt und über diß mit dem eidt
1752 1601 2711 1720 von statt unnd landt vermihen worden.
1762 1684 2660 1820 melliche straff sy den 5ten febr 1678
1752 1769 2124 1897 ußgestanden
1838 2371 2583 2518 Bndicht Rignnal der vatter
1856 2473 2081 2594 Hanß
1839 2534 2512 2658 sendicht Rigenal die drey
2149 2593 2310 2682 sohn.
1853 2624 2071 2719 1 Jagui
1757 2755 2682 2883 Zu volg masi abgangnen befelchs den
1812 2845 2718 2943 sampt 3 sonen von Friemsperg alher
1801 2898 2672 3001 nerschickten harzer Hendicht Rigenal
1798 2956 2758 3032 ernstlich zucaminieren, was er der alte vatter
1806 3018 2703 3115 unnd seine sohn sydt etlich jahren daher
1790 3065 2684 3177 In mahl Walden für schaden zugefügt
1819 3136 2688 3238 oder inas sy sonse wyders für consorten
1813 3184 2696 3293 harm habenmochten hat mhen Hanrher
1798 3242 2712 3361 Denner solches den 6ten februarii 1678
2637 3309 2718 3391 In
