3024 4032
150 481 237 575 78.
460 526 1380 707 aßsteoginkeit von Stattstndt landt ver
470 621 1392 755 wisen worden mit betreüwen, daß mo er
480 686 1377 816 sich widerumb darin begeben wurde, man
460 765 1399 909 ihme alß dan selbiges nit anderst ußenten
467 828 1344 969 werde alß manner mürcklich den eidt
481 912 1400 1036 prestiert undt übersechn hitte. darumber
467 972 1402 1110 dan auch zu mohlverdienter straff ohne
481 1052 1417 1212 einist gnad werde ußtgescheyfht mit geheigen.
484 1117 1402 1285 net wordene Actum 6t junÿ 1676
586 1982 1119 2149 Elbeth Bitart.
418 2207 1405 2378 Dise Elßbeth Hirkart so dason den 29. junii
486 2305 1368 2439 1687 wegen verderbter ybstrucht zedt
486 2392 1382 2538 begangenen underschidenlichen gebruchen
484 2470 1366 2602 alhier ußgeschmeizt gereichnet undt von
469 2550 1400 2698 statt undt landt verwisen worden, sich aber
461 2627 1393 2763 jehund ast groser emnpalt widerumb darin
484 2706 1395 2851 eegeben undt by magl umb gnad anhalten
481 2773 1407 2927 wollen, Ist megen Ihres großen terke
479 2855 1390 2984 Hens uiderumb uff ein früfses mit dem
490 2931 1395 3053 eidt ewwigtlich von statt undt landt verwisen
490 3013 1366 3147 worden mit betreüwen, daß mo sy mehr
491 3082 1396 3228 darin betretten werde, sy alß dan mit hatben
489 3159 1402 3286 ger straff s�lle abgestrafft werden. Altum
479 3223 852 3367 13. juni 1676
2720 374 2766 462 1
1894 507 2429 636 Rosina Müller
1873 593 2387 717 Barbli Meyer.
1898 640 2800 820 Elßbete Wenger, sonst klapper Tli gen
1712 836 2757 1022 Dise drey wybspersohnen, dar von die erste by
1762 937 2784 1087 er Frantz Stürler für kochi, die andere dan
1772 998 2791 1136 für kinder muter gedienet undt aber beider,
1779 1081 2779 1217 syths einanderen geholffen wyn ancken brott
1779 1167 2782 1283 mndt anders mehrentwenden, wie sy auch
1764 1235 2808 1376 deßen endtlichen gestendig gsin, (sonderlich aber daß
1767 1285 2826 1413 es das rosinen under anderem auch einest tentiert
1754 1391 2785 1521 habe dem Hossiber sein gelt schafftlin zebrechen welen
1785 1458 2739 1591 set ihme doch nit gelingen wollen. Die
1766 1522 2816 1659 dätte den sy war nit im hau� gedienet, aber
1754 1606 2818 1756 ihnen von zeit zu zeit auch etwas weyes und an-
1781 1686 2750 1803 ders mehr abgenommen, vndt also Ihnen zu
1773 1764 2805 1921 disem diebstahl auch geholffen anlaß geben,
1754 1836 2737 1972 sind zu mohlvordienter straff, die erste
1776 1925 2769 2065 undt letste in das trullh��li die mittlere
1751 2004 2809 2139 dan alß die kindenmuter an daß halßysen
2292 2100 2729 2194 welliche straff si
1781 2090 2179 2186 erkent worden.
1781 2163 2742 2298 allen dreyen samentlich in einer stundt
1786 2245 2114 2372 ußgestanden.
2259 2244 2809 2368 Actum. 24 Junÿ 1676.
1953 2771 2783 2937 Adam Burauin von Sadanni
1737 2922 2841 3071 diser Burquin, von Savanpi graffschafft Neuw
1780 3007 2778 3129 enburg, so da mit einem faltschen und selbs
1781 3081 2836 3206 geschribnen schein von einer ußgestandenen brugst
1777 3148 2818 3269 In der statt herumb gezogen undt hinundherret,
1777 3216 2801 3355 mas gelts darmit fgenommen. Ist wegen
2665 3307 2798 3402 Disers
