3024 4032
77 427 169 507 138.
518 563 1156 715 Heinrich Rüßer.
331 715 1378 948 Diser Heinrich Rußer vion Esch zurich
403 819 1364 999 gepiets, so Anna Rey von Egglißwyl
409 889 1330 1054 seines meisters stieff tochter in dem
402 956 1388 1148 endt geschwengeret, daß er sy ehelichen för
413 1041 1365 1218 er hernach aber wader eheversprechen
410 1119 1378 1272 noch einiche ehepfender vorzewysen ge-
398 1183 1333 1348 weßt, deßwegen den auch der stieff
425 1257 1395 1415 Vattta Wylen die tochter noch underjahn
428 1340 1355 1482 den uff das zug becht getrungen. Ist
431 1413 1382 1554 Wafff raths erkandernß sub 23 jung.
424 1498 1388 1638 77 alß ein antraüwer knscht der
434 1564 1381 1690 seinem meister sein unnd verfuhrt und
424 1626 1382 1756 mit lißtigkedt übernom anderen
430 1684 1364 1827 zum taempgl 2 stund an das halß
424 1766 1384 1908 ysen erkent worden. Welliche straff
428 1846 1373 1980 er kußer noch selbig vagt ußgestanden.
495 2367 1111 2536 Mihel Hager
392 2533 1404 2686 Diser michel Hager uß der Castlahnen fe
455 2634 1416 2752 eigen s uffein geraume zyth daser in
446 2700 1398 2835 stareken verdacht gewesen, daß er mit
455 2771 1404 2895 villen s�gnerenen und anderen verpatter
439 2837 1396 2959 künsten auhgange, ist den  20ten
438 2910 1354 3037 Inen und 4 3n julyi 1677 durch mh
454 2976 1423 3104 rathshren verseth und herren großmneibel w
466 3047 1372 3177 ladum in der oberen gefangenschafft
463 3116 1428 3234 alhier ernstlich daruoer examiniert worden
454 3187 1428 3302 Den hat aber anders nit bekennen wollen.
459 3255 1048 3383 als was hernach volget.
1230 3314 1404 3442 daß
2586 332 2708 433 159.
1629 450 2716 735 Daß er namlich etlich der hmmme toon
1662 560 2723 798 gewißnen sägeer birckenen zwar selbe
1666 653 2671 865 geschriben und solche kenst von einem
1676 687 2741 910 geweßen Walliser bekomen, habe sich aber
1673 790 2662 956 der darin berriffnen sägneregen
1683 863 2689 1013 keines wegs beholffen vill weniger
1684 925 2421 1084 ondere darin underwisen.
1669 1005 2671 1189 das mittel so er anklaister maßen.
1671 1092 2737 1256 dem Freudenberger angeben, gewußen
1689 1158 2714 1328 von seiner muter verborgeen buffet oder
1693 1229 2725 1396 geltschlüßel zefinden, seye anders nit ge
1695 1310 2726 1453 wesen alß daß er funff schillin n
1697 1359 2754 1517 sirchenstosk legen, niemand nichts darvon
1713 1444 2715 1579 sagen und hanach Daruff schlaffen
1710 1539 2690 1654 sölle, werde ihmme alß dan ferk
1710 1568 2735 1738 vo der schlüßellie. Mrdaner Fuger
1706 1680 2743 1806 diß sepet diekundt offkongeren ge
1716 1747 2719 1874 fogt unnd nit darfur halte daß el et
1714 1819 2750 1956 was böses seye Daß aber er wenden
1711 1890 2760 2026 berger ihme für dise erlehrnete kunst
1726 1974 2727 2106 einhalben thaler geben werden sich nit
1729 2037 2768 2167 eafenden. Wohl habe er ihm von zuth zu
1729 2124 2775 2250 zyth etwas versprochen zegeben, aber nichts
1733 2209 1975 2300 gehalten.
1709 2247 2784 2366 Wihl Weiner könne er gestehen bemeltem
1723 2344 2771 2453 Freudenberger ein mittel angeben ze haben
1714 2404 2733 2521 daßernamlich Iuei geweßes Loch bey
1735 2468 2726 2592 dem st. anthomer Hanß etwas gelts
1738 2535 2739 2665 Inlegen vndt daruff ein spaner gang
1750 2611 2763 2735 thun sölle, da er by seiner widerkunfft
1756 2679 2745 2796 das dopplete seines Ingelegter geltt
1762 2751 2799 2861 finden werde, wie daner hrendenbra
1751 2831 2779 2954 ger solches zum 3ten mahl soll prabiert
1757 2890 2808 3015 haben und das erstere daeo 6 p jege
1778 2970 2793 3095 legt uff seiner grob bestanden die 2 et
1781 3052 2794 3158 seere mahl aber mit jahren händen ab-
1771 3112 2787 3242 getoren. Man nun schon  streß und
1765 3186 2750 3315 he Wulschlegel vorgehaltner maßen
1777 3260 2805 3386 sagind, daß er in mahrender seiner chor
2638 3343 2815 3441 gricht.
