3024 4032
97 483 204 579 18.
347 2422 427 2518 1.
425 567 1357 759 ohrfygen gesetzt unnd ihne vorgeberen
431 674 1352 830 maßen dardurch) boden gefelt. Im
424 744 1308 874 eorigen herblyhe er durchliß by seiner
427 803 1356 950 ersten estag endt der durch den thuter
410 886 1356 1033 Darüber gegebnen umbstendtlicheren er
433 954 1394 1107 lutherung, welche da seines bhalts gar wae
437 1028 1350 1152 mit einanderen über einstimmind ußert
416 1101 1370 1228 daß der thäter beweßte schuldt uff ihne
413 1180 1377 1315 den verwundten nit melle erkaufft, son
389 1263 1381 1381 der zahlungs wys bekommen haben, wellichen
428 1329 1380 1469 letsteren er auch gar wahl byfallen möge
434 1424 1387 1540 maßen, daß er nunmehr disen sein endtlich
422 1495 1363 1619 bescheidt auch mit gutem geweßen durch
433 1578 1360 1707 den ihme jetzmahlen zugemuhtete ert
455 1661 925 1781 ze bestätigen weße.
437 1726 1381 1868 uff welliches an er stucki dise sein letste
455 1812 1391 1930 wtag mit einem gelehrten gtbestätiget
456 1877 1372 1994 und auch darby biß zu seinem letstenendt
452 1948 745 2069 verbliben
511 2030 1353 2165 herren goct und Chgrurg bericht.
389 2114 1399 2274 Hochgeachte hochgepiet gnl herren und oberen
413 2230 1422 2381 y deß Daniel Stuckis von Felo alhir vr we
444 2333 1402 2448 ligenden wurden, haben mir volhendes befunden.
434 2411 1423 2538 eine wunden an dem oberno oder brnstbein wo sich de
458 2478 1421 2600 ste undt 6t rppen anhingt von einem brott mester
440 2547 1413 2659 Den 22. huns geschehen, welche 3 finger breit oben den
449 2612 1405 2728 magen grüblin und gegen der rechten syten sich wendet da
440 2676 1404 2767 Den 1. die haut l der muscucus pectoralis 3 cr
457 2733 1411 2843 klago sterni 4 pleura biß in die cavibes der
458 2802 1380 2897 brust zerscheitten, welches ist der ußtringenden
466 2863 1037 2968 hafft vndt serociret schynbar.
436 2915 1404 3039 Ferners ist die andere wunden guter spannen weit
455 3003 1425 3115 von dem wnckgrad an der rechten syten von obenherel
443 3066 1443 3174 In der zechenden rippen, welcher carsilago mit ob dem
452 3120 1389 3235 daphragmate verscheitten von uns biß in die hole
455 3191 1123 3298 der brust penebrierend befunden
424 3256 1414 3378 Was innerlich verletzet worden werden die künfftig
461 3333 1433 3426 zufühl enweisen, welche sich vor dem 3 oder 4 tag nit
463 3378 1440 3471 erzeig Dise beide wunden, wyll sy in die cavitat
455 3429 1432 3546 der brust penctriren, haut meüßlin Cartilago der rippe
1324 3510 1438 3601 sugt
2603 425 2690 495 .
1714 521 2708 716 sampt der pleura durchstoßen und zerrißen werden
1705 616 2715 751 von uns beide compocira verwendung genent, so
1716 671 2719 827 absolube p re peritulosae p accidins aber vnd consennen-
1717 722 2722 876 ter men der darzu kommenden symptomaten lethales gennd
1683 787 2688 951 vor dißmahl ist uns unwißend mas noch jewendig
1717 876 2703 1007 von den brust parthegen kan versehrt sele, so sich durch
1725 936 2731 1085 gefahrliche symptomata grzeigen wirt, will ohne dan
1739 992 2734 1135 eine große blutstürzun, welches das band deß lä
1746 1054 2715 1195 ens vorhergegangen. allein das rippen fahl kan
1715 1112 2737 1259 Innerthalb 1itagen inflammation fieber kurtzen
1727 1184 2724 1306 athon husteno verursachen. Wie die Heillung
1730 1236 2736 1368 diser 2 munden werde sneben allenn müglichsten
1735 1306 2745 1434 fleiß deß verwundeten leben zurgretten) außsphann
1740 1364 2725 1500 und ob sy ein holes geschwär oder fißel nach sich laßen,
1737 1444 2697 1557 werden wen deß athei stäts nothwendiger
1737 1506 2728 1627 holung und bewegung, (daß die munden zu ihrer
1752 1557 2732 1680 anderheillung nothwendige rühe erforderen mir
1745 1627 2729 1758 die zeit zu nernerem bericht zeigen. Den wir de
1745 1711 2155 1814 24. Januari. 1677.
1828 1738 2741 1861 hochgeachten hochgepietend geen oberkeit
1778 1813 2681 1945 underthenigst anetzs inhängen. Dero
1786 1873 2751 2013 geschworne, midtina doctores ehgruegen und
1768 1963 2160 2066 de dero name
2103 1990 2591 2116 Martinus Boydanus
1831 2097 2718 2238 Dß sort und Spage 2 brit
1687 2208 2751 2340 hochgeachte hochgepietende gen hen n oberen
1807 2296 2706 2426 Vber das vor hin von und zuergebenen
1763 2388 2748 2463 Vsitation concllsum anlangend daß abge¬
1769 2448 2736 2558 storbnen damel stuckis verkundung haben
1781 2511 2785 2622 mir by eröffnung deß Cörpers zum grendtlich
1784 2576 2787 2690 nachricht befunden, daß das meßer durch die
1791 2637 2775 2746 obere wunden vorn uff der brust dren zoll lan
1788 2710 2794 2825 jnne durch das brustbeim biß halb uff das ste
1776 2774 2772 2893 In die Jrowendne hohe gegangen vnden zuglich
1793 2835 2736 2957 uff der rechten sythen die lunge eines zoll
1787 2907 2764 3025 tieffs getroffen und verlezet, dieselbe deß
1788 2977 2786 3094 Wegen halb kaul mit eiter angefüllet an dem r
1787 3046 2775 3165 pen heütlin spleura anklebend, über welche ein
1790 3115 2797 3229 derosisches gebluet gegen dem ruckgrad aben ein
1790 3180 2773 3304 eiterhafftige materi in zimlicher quantitet
1807 3277 2025 3360 gefunden.
2178 3248 2809 3358 zum anderen durch die vn-
1796 3312 2800 3431 derwunden gnäß wweren zoll lang die  hpp
1790 3376 2764 3482 halb zerschnitten und geprochen, biß uff die läber
2638 3448 2797 3551 getrunen.
