3024 4032
556 571 1516 714 eie etlich jahr uff seinem handtwerck gewan,
513 661 1525 812 bet vndt sey vor ohngferdt 9. meister zu villinen
548 736 1477 858 den Schwarzwald wider zu diser frauwen
542 815 1520 936 kommen, welche er erkene sein mutter sein. Irn
527 871 1483 988 dannen sy auch mit einander gereiset undt hin
533 944 1541 1068 undt her mit artzerg mitlen, so sy den baugen
530 1016 1472 1145 verkaufft erhalten. obige tochter aber so
515 1097 1529 1232 das ußgeworffne gelt uffgelosen undt sich hey
530 1171 1477 1296 nach mit der trncken unweg gemacht, seye sein
527 1242 1486 1373 schwester. Sy seyen alle drn zu kolligen
521 1321 1456 1448 übernacht gsin undt haben by ihrem zetrift
530 1396 1518 1507 alher in der statt in einem feller mit einanderen
533 1468 1450 1589 einhalbe getruncken, von dannen sy sich uff
518 1543 1478 1674 den Koanmanck begeben, In der intention allda
533 1620 1476 1747 einstandt zu ihrer artzeen wahr (glich miesy
536 1692 1463 1819 in anderen orthen mehr gethan uffherichten
490 1759 1471 1901 Da seye er leider durch sein muter angestifftet
516 1841 1495 1974 worden iu disem diebstahl zehelffen, in dem sy
502 1904 1463 2047 ihm gesagt dort seye ein mann der habe gewisen,
514 1984 1478 2129 etwas gelts im sart, er sölle an ihn zu hinstahn.
475 2065 1483 2206 Darauff saye sy in den sach hinem griffen, ob sy
515 2154 1414 2280 aber dacs gelt bekommen könne er nit sagen.
449 2234 1494 2367 Diß seie aber das erste, das er begangen undt e
506 2305 1416 2438 be sich sie vor negendtelß seines handtwercke
503 2377 1448 2490 ehrlich endt wohl erhalten. bette deohalben
469 2455 1458 2603 gott und ein gnädige obegkeit umb disen sei
492 2526 1296 2674 nen begangnen fähler umb verzëschung.
476 2665 1485 2828 Alß dise verantwortung durch wechlerendt
497 2753 1454 2897 mhrrn exammnatores mase fürbracht worden.
456 2821 1409 2983 Ist darüber erkent worden, daß er Hanß
486 2902 1440 3031 halter wegen seiner gethanen freyen bekandt,
480 2986 1461 3101 nuß einfältig mit dem eidt von statt und landt
484 3047 1449 3179 söllen verwysen sein muter aber darneben
481 3121 1205 3256 mit guthn ußgeschmeitzt werden.
464 3204 1404 3355 welches auch den 21. septembris 1675 erstattet
473 3268 656 3369 worden.
1743 3119 1867 3241 mahle
2048 444 2680 596 Jacob Boßert von
2158 557 2535 646 Ottmerkinden.
1866 606 2963 772 Ist wylen er nach mse der vorkusteren erfandt
1888 702 2916 823 auß, die ihme zugesprochen Elßbeth um
1872 769 2875 905 derman nit ehelichen wellen mit dem eidt
1889 842 2856 954 von statt unnd landt verwisen worden.
1889 932 2276 1056 22. septembris 1678.
1994 1119 2604 1277 Maria Gchanb.
1862 1227 2835 1403 Ist wegen begangnen zweyten ehebruchs
1882 1329 2850 1456 trafft dsatzes gatt mit dem eidt
1889 1409 2835 1539 von statt undt landt verwisen worden.
1888 1488 2409 1605 24. septembris 1675.
1995 1838 2551 2026 Caudine Belusches
1888 2018 2867 2167 Ist wyler sy hr dedenoge den predicanten
1895 2123 2873 2210 von Morger unschuldiger wes der lybsge
1892 2171 2873 2309 meinschafft anklagt vnd er sich deßen durch
1877 2252 2941 2370 den eidt nurgieren müßen craffen oberkeit.
1895 2308 2975 2450 licher erkandtnuß sub eten dito an das halßg
1876 2383 2959 2495 gestelt undt hernach auch von statt undt landt
1880 2450 2324 2562 verwisen worden.
2441 2457 2899 2580 12. octobris 1675.
2037 2782 2880 2938 Barbli Stalder Examination
1832 2885 2876 3075 Nach dem dise schon hieuog geweßne mit dem
1870 2990 2908 3135 Schällenwerck abgestraffte Jarbli Stalder mr
1885 3073 2966 3213 Jorg Hubers abgescheidne, ob ihren diebstählen aber
1883 3142 2949 3265 ergriffen und alßer gefëncklich ingezogen worden
1881 3199 2945 3337 volgendts auch durch mer obrist Wyß alß ver
1886 3260 2895 3396 ordneten herren examinatoren und hr großmeibel
1873 3339 2929 3448 Willading, in bysein hrnn zohner zechenders und herren
1874 3391 2935 3540 HRud Willadings. Im Strecki thurn gantzernst
2787 3511 2937 3627 hatt
