3024 4032
94 442 240 537 182
412 545 1315 731 durch herren vogt von Friemsperr
446 641 1357 823 angestelte examen nit nur diser sonder
445 698 1342 891 nach anderer derglychen enthaten mehr
439 770 1353 955 bekandt worden, alß daß ein hoche
436 853 1308 1009 gnädige oberkeit uff den diß orths
442 945 1365 1094 empfangenen bericht disen ellenden
437 1005 1356 1158 knaben gewahrsamlich alherführen vnd
432 1082 1319 1234 den letsten dito durch hehren rnthsh
445 1158 1334 1287 Schmalz unnd zr großweibel von
446 1249 1356 1389 Wadenwyll nochmahlen gantz ernst
449 1315 1364 1470 mörtig in der oberten gefangenschafft
450 1400 1368 1536 examinieren laßen, hat derselbige In
457 1472 1369 1607 bysein unnd geginwagt jr hauptman
459 1555 1387 1676 Sammel von Meralts unnd anderen
459 1636 1393 1754 meiner soh der burgeren mehr uffein fru
452 1683 1381 1833 sches bespätiget, daß er da lider disem
461 1776 1369 1917 jetst verwichnen monat an einem heil
449 1863 1358 1998 ligen sontag morgen in seines mrr
439 1951 1332 2074 hauß ab einer so abscheüwlichen that
467 2020 1376 2143 ersechen worden, die vor Christenlichen
463 2097 1379 2230 ohren nit zemelden, unnd daß er eber
453 2180 1380 2307 Diß auch wie erschon zu Frienisperg mit
471 2258 1371 2381 melgeren umbständen anzeigt disen
466 2338 1386 2455 letsten sommer durch eben in disers sein
471 2417 1385 2536 ns meisters hauß mit zweyerley ise
461 2491 1389 2601 cies bectien, zu mehrmahlen murckliche
465 2566 1414 2687 bestialitet getriben habe. Myeers wnste
480 2640 1425 2777 er nit ubekennen begangen ze haben, (welches
467 2723 1395 2859 aber leider nur zu vill, könne auch
470 2803 1379 2930 nit sagen, daß er von jemand darzu
473 2869 1418 3001 angewisen worden, noch daß er etwas
474 2938 1409 3062 anlaß oder einichen præmeditierten vor
470 3024 1404 3151 setz by erstem fühl gehabt, habe, sonder sy
463 3097 1353 3228 die erste enthat die er begangen ihmme
466 3178 1416 3298 einsmahls undt wie er jetz wohl glaugen
466 3257 1362 3379 ben müße, eintig unnd allein durch
470 3316 1408 3452 antaib deßbosen grists de sim kommen.
419 3387 1374 3528 Doch habind die bosen gesprach so etlich
1293 3466 1416 3551 buben
1553 2214 1689 2331 eo 18
2580 460 2652 527 18
1704 531 2633 724 offtermahlen von Wyberhandlen ge¬
1723 617 2668 778 gnat dhme zu diser schendtlichen thaten
1717 676 2650 819 mit zum munsten hundel gedienet, da
1724 745 2655 869 a dan darneben die treuwen Marnunn
1724 801 2629 940 seiner elsteren unnd groß elteren die
1712 850 2680 998 ihne stath zur gottsfnacht vermahnt unde
1731 914 2701 1056 flyßig zur lehr gehalten, daß er also durch
1724 982 2702 1106 Dise ihre fürsorgn wohl läsen unnd besen
1740 1048 2712 1180 gelehrt iene wohl wenig zureetg
1750 1112 2673 1223 gemacht, wie er solches under anderem
1725 1156 2647 1292 durch die myonin vnnd schlechte fre¬
1749 1216 2734 1334 quentation der predigen und kinderlehren
1734 1284 2643 1393 noch mit mehrerem betüget. Welches
1744 1347 2654 1467 alleß imme nunmehr vorhertzen wide
1760 1407 2711 1527 seye bene derhalben gott und ein gradige
1756 1480 2688 1588 oberkeit umb dise begangne große sund
1740 1542 2658 1662 die er die noch übrige zyih seines lebens
1761 1606 2702 1723 mit untffhörlichen trahnen beweine
1765 1668 2702 1788 welle, demmtigist umb verzychenn unnd
1751 1736 2709 1851 daß man Ihne nit nach seinem Wohl ver¬
1768 1810 2391 1919 dienen abstraffen wollen
1792 1863 2734 2021 über welliches sein fendicht Walthrodts
1749 1951 2709 2083 doches unnd schweres verbrechen mein
1776 2009 2701 2138 gnädig herren rath unnd blurger zu uß,
1781 2081 2720 2202 entwg selcher zimmelschweyenden sunden
1771 2146 2703 2264 die gott der herr sonderlich in seinem
1774 2207 2696 2327 heilligen mort am leben zu straffen
2374 2278 2450 2334 d
1783 2282 2750 2404 befohlen, vff Ihren Eidt zu Recht Erkendt
1781 2374 2745 2516 Daß diser maleficant unnd arme jedor
1797 2470 2695 2569 reuwende Sunder, neben confiscasion
1802 2533 2750 2635 seines haab unnd guts, wo deßen et mas
1797 2596 2757 2707 verhanden dem scharpf richter anbefohrn
1805 2664 2766 2783 en werden solle der denselben obenauß
1803 2731 2768 2850 uff gewohnte richtstatt führen midt ihme
1784 2793 2757 2908 daselbsten neben empfehlung seiner Seclen
1799 2861 2762 2985 gott dem Herren mit dem Schwerdt das
1806 2927 2791 3052 haupt abschlagen und also nach diser loblig
1810 3001 2771 3114 statt kern freyheit unnd rechten von
1817 3067 2566 3186 leben zum todt hinrichten stöllen
1763 3137 2779 3265 Den 11tag sentembris 1677 ist nechststehen
1830 3212 2694 3321 de Pathelll an disem Calificariten
1827 3275 2271 3397 erstattet worden.
