3024 4032
81 504 189 589 138
406 611 1368 771 gesagt er wüße offt nit maser rede mnt
415 711 1348 868 siye alleß so ergangen, wie es das frrn
412 769 1349 914 erhelle, es werde es zum besten mußen
413 1047 1348 1180 Den 16. februarii 1677 sind obi 3.
427 1131 1325 1273 persohnen uff ein treses durs gehen.
440 1198 1363 1340 obrist Myß absthartn verordneten herr
443 1274 1338 1409 wammatoren undt hat gro� meibel
437 1360 1369 1505 Willading ingegenwart herrn landtvogt
444 1437 1384 1578 Gnammel von Graffenriedts z ale
438 1521 1366 1656 der steiger umt herren John berset eani
447 1605 1375 1741 miert tnd zn erst vorgestelt worden.
440 1685 1399 1808 Dest alten mans tochterman Hanß Hoffer
455 1760 1372 1883 welcher da nochmahsen by seiner ersten
461 1833 1389 1966 nstag hub istr zito verbluben unnd noch fr
588 1925 732 1980 g.
467 1914 1367 2045 ners zugesetzt, da� er die wort so obiger
466 1992 1364 2115 Senaer Peter vor dem wumgeredt noch
478 2074 1389 2194 elbigen abendts seiner damahls verlolten
468 2150 1392 2245 vorgehalten, Welche aber ihme geantwer
474 2229 1385 2369 tit, daß einem söllichen verluffern gsel
473 2307 1331 2441 ln kenn glauben zu esetzen seye und
465 2391 1376 2487 solches eestencklich verlaugnet habe, das
473 2464 1379 2604 habe er sidther diser sach halb ein stweken
461 2552 1376 2681 argwohn gefaßet und auch ein großes
463 2623 1392 2758 dannen darson gehabt, sonderlich daß
472 2696 1380 2828 er dise sein frauw stats by ihrem vatter
473 2780 1248 2906 hinder dem offen sechen müßen.
439 2868 1397 3008 Nach disem ist auch verhört worden obigen
481 2963 1390 3079 Hanß Hoffers mb welche glych wie der
484 3034 1346 3154 man ihre erste bekandtnuß derchteß
481 3101 1412 3234 contirmiert unnd notmahlen verharret
465 3176 1414 3309 deß ihr vatter mehrahl nichts mürcklich
479 3256 1371 3389 mit ihra volbringen können auch ein
481 3320 1405 3457 zwey einzige mahl an sy gesetzt habe. Alß
1289 3432 1411 3501 das
1433 1083 1709 1197 vnd vmb welhen
2608 419 2713 512 179.
1669 544 2685 739 das erste mahl vor dem offen, da er sy
1699 625 2722 808 uff der schoß oder zwischen den beinen gehabt
1709 692 2726 852 undt aber uff ihr meigeren sy bald under
1712 779 2676 938 gehen laßen, das andere mahl dann
1714 840 2721 1031 sy uff den trag gesetzt, wuncklich emplösse
1719 932 2731 1060 uind doch uff ihr abermahliges meineret
1726 995 2640 1154 ybald wider gehen laßen unnd nichts
1722 1075 2734 1203 effectuieren können, abe auch von dem nam
1715 1137 2677 1286 ihra nüt wyters zugemutet mnt ihren
1716 1225 2716 1359 wüßens weder by der ersten noch anderen
1726 1289 2643 1419 action in einichen weg nichts volbgacht
1725 1359 2725 1517 so seye ihra ja von disem ihrem vatter vra
1703 1446 2734 1595 potten worden, daß sy niemandt nichts dar
1723 1529 2673 1683 von sagen sölle, darumb sy ihro selbs ein
1713 1611 2748 1763 gwüßen gemacht, daß ihr vatter sy also habe
1737 1699 2715 1848 nothhwengen wellen doch habe sy alß ein
1731 1765 2724 1919 noch 10 jährigs meitli nichts sagen dörffen.
1737 1870 2217 1986 Ist sorgen erschlage sy.
1699 1919 2723 2062 daß ihr erster mann sel vor ongferd 19
1741 2016 2754 2133 jahren, sy eben von glychen argwohnswege
1752 2086 2703 2192 verlaßen vnd In dalmatien gezogen
1766 2154 2714 2247 eye mir ein muthmaßung, dan mancher
1754 2201 2646 2331 man ohne habende ursechn kon zuche
1736 2281 2760 2407 ihr fegiger eheman undt sy habind so fridlich
1753 2354 2699 2461 nit mit einanderen gelebt, daner sich
1750 2420 2735 2526 stäts deß trölens angenommen, wie esman
1768 2472 2709 2592 engtlich bekandt, man sy ihmme aber etwas
1753 2545 2692 2669 gewehrt, habe er sy geschlagen ihra schytter
1760 2615 2761 2743 nachgeworffen oder sy sonst übel tractiert
1754 2691 2737 2812 So habe auch diser man alßer zu ihra zkilt
1781 2768 2786 2886 komen ihin desten mas obiger senger Peter
1774 2819 2742 2945 geredt ihre ein verwys gethan, welches
1767 2890 2291 3024 sy aber festgelaugnet.
1764 3034 2757 3187 Uff disers ist der alte mann nochmahlen
1773 3133 2694 3218 fürgestelt worden, welcher wie zuvor
1783 3201 2697 3314 stäts in seinen reden variert und under
1791 3277 2787 3399 anderem nochmahlen widerhalt, daß er aber
2588 3347 2709 3447 zwey
