3024 4032
55 453 177 551 178.
382 541 1342 758 andere zur Ehe genomen, sy aber da¬
385 642 1327 810 rüber in ins landtkommen, hat war
380 707 1331 888 von Mhl die gnad erhalten, daß sy m
394 781 1320 942 derumb jm landtmahnen möge doch
397 864 1348 1007 daß siye zuvor zu mahl verdweer stbaff
388 943 1328 1072 und anderen zum exemnel einstund
392 992 1372 1159 an das halßysen gestelt werde, wellicge
400 1059 1351 1237 straff sy den 7. ta aug 1677 uesge
392 1187 682 1281 standen
399 2012 1194 2199 Bendicht Waltherit.
335 2272 1375 2408 lach demme diser kendicht Maltherdt
422 2369 1325 2495 sonst Hanß Maltherdts sel von
412 2439 1344 2561 dottigen hinderlaßner sohn, so da erst
430 2508 1371 2613 by 17 jahren seines alters und by hendige
420 2586 1373 2712 Moser in Jagwyll das synwuberhandt
423 2651 1359 2784 werek erlehrnen söllen daselbsten aber
433 2724 1365 2824 ob dem abscheüwlichen laster der bestiali
430 2786 1383 2926 tlt ergriffen und von herren vogt zu Fie
431 2852 1347 2996 insprag gewahrsamlich alher verschickt
436 2936 1408 3078 zu Molgn desorths abgaugnen loch oberkeit.
437 3003 1399 3147 lichen befelcht durch mhrren rathsfr schmat
430 3077 1380 3222 unnd jo groß meibel von Mattenwyll
428 3166 1360 3274 In bysein jancke hauptman Sammel
437 3235 1391 3332 von meiralts und anderen meiner e
415 3299 1403 3434 der burgeren mehr den 31. augusti 1677
416 3389 1390 3507 In der oberen gefangenschafft alhien pber
1253 3454 1353 3553 dise
1448 1055 1689 1267 ende
2603 403 2701 518 7
1675 506 2689 688 Über aise hrotibte schandt that nochmahle
1677 584 2671 743 gantz ernstwörtig eexaminiert worden.
1679 651 2671 836 hat selbiger von pundten zu prngten confir
1691 731 2660 881 mert was er schon hievor in frienpten
1679 790 2704 966 dem herren voht irenwillig bekent und mahl
1685 863 2713 1018 durch ein schryben sub 28 dito mit höchstem
1704 952 2416 1073 zedangen neonemmen müßen.
1703 991 2707 1174 daß namlichen er bendicht Walthradt
1703 1084 2712 1253 vergangnen sontag 19 augusti jungst
1713 1173 2700 1298 moreens frich in seines meisters sk
1709 1237 2660 1384 küchstall kinder einer kuhe, welch ea
1713 1289 2716 1451 angefeßlet, nit wie man sonst as niech
1708 1377 2685 1502 andebenden pflege vff einem stahl ge¬
1724 1432 2710 1566 standen vnnd da wider In der postur
1692 1520 2686 1664 Da auch styffen vorhaben gewesen, mit
1707 1586 2689 1718 diser auch bestiansche lybsgemeinschafft
1719 1657 2689 1804 ze haben, darob er aber durch scendickt
1731 1727 2715 1891 rath von Seedorff der zu seines meisters
1719 1802 2658 1923 hauß kommen ersechen worden unnd
1716 1868 2738 2003 Deßweyen dise schandtthat nit volkom,
1734 1950 2735 2055 lich volbrung fomen, sonder sich ab dem
1737 2014 2693 2152 sühl bysyths gemacht unnd derglychen
1737 2079 2748 2245 gethan alß ab er die auch melchen wolte
1690 2187 2744 2303 2. Daß er disen summer durch ohne begrhen
1729 2271 2714 2382 nechst bekandter that noch zum 5ten mahl
1747 2334 2732 2453 namlich 2 mahl nachts mit gemeldter
1748 2398 2742 2530 seines meisters kuh sein eyhischen gelußt
1763 2477 2340 2582 ungehinderet volbracht.
1715 2556 2731 2694 3. So habe er auch schon vor nechst vorstehen
1751 2649 2731 2764 den abscheüeelichen thaten disen so schandt,
1772 2715 2662 2827 lichen gelust den letsten sommer im
1770 2781 2745 2890 schrydend das aller erste mahl ob einem
1781 2850 2758 2961 eines meisters Hünneren heiters tags uff
1762 2911 2747 3038 der büher volbracht undt solche schändt that
1747 2979 2766 3100 Den nechst daruff ervolgten morgen mit
1769 3053 2769 3174 glychem hum verebt, wie solches die sydther
1775 3118 2785 3245 an seinem gewahnd gefundene unnatürliche
1769 3192 2264 3312 Mortheichen beztiget.
1762 3265 2712 3387 Uster obige thaten, die er alle samentlich
1784 3350 2742 3464 eßert der letsteren action darvon er
2627 3429 2739 3508 we
