3024 4032
126 475 219 555 44
593 516 1123 647 Uuli Moritz.
392 630 1321 835 Obwollen Gotttar herdenr
409 760 1349 926 Mentschen sein gesatz zu einerricht,
441 844 1379 1015 schmir geban und segel geben, sein seilli
418 927 1356 1081 des mort auch durch seinen sägen alß
419 998 1368 1161 das liebliche smmeltauw so rrchlich ve
389 1080 1326 1242 der vns trieffenlaßt, daß durch die
428 1157 1377 1309 tägliche anhor unnd verkundunn, so deßen
446 1239 1367 1386 zu statt unnd landt geschicht, so woll der
444 1333 1312 1472 gmeine mann alß sonst der jnder
449 1420 1369 1534 schrifft mehr erfärne gnugsamme megen
445 1476 1377 1627 wysung hat wie er sein ganzes labwesen
453 1567 1363 1691 anstellen sölle, damit er den täglichen
467 1638 1382 1782 anfechtungen deß bösen geists weder
468 1723 1374 1865 standthen könne, so werden doch weider
447 1806 1398 1948 jederzyth deren gefunden, welche dise
464 1888 1365 2037 selen spys glychsam nist fußen tritten
452 1980 1378 2120 die willigen gebott gottes verachten
458 2062 1342 2188 vnnd sich hingegen von dem hellischen
453 2141 1380 2290 Jegea in allerhandt sind unnd geenge
452 2237 1372 2370 verstricben laßen, also daß auch hievor
454 2321 1344 2461 nichts so schmidt unnd ergerlichs gehört
454 2398 1358 2524 worden, daß nit by jetzigen unseren
450 2479 1379 2616 zithen nach vill absheüwlichers mit soch
465 2562 1399 2701 sten bedauren endt mußfallen müste
465 2648 961 2748 vernomen werden
458 2768 1377 2889 Wie wir dan abermaslen an gegen
457 2825 1395 2969 mertigem 70 jährigen nunmehr faß
442 2911 1395 3044 gsicht unnd g forlosen, auch sonst darer
455 2985 1384 3108 den gantz bresshafften Necli Maritzn von
455 3059 1363 3192 oltigen ein sonderbages unnd nit vill
456 3139 1302 3249 erhörtes exemnel vor augen haben.
437 3216 1387 3348 dann nach dem derselbige schon sydt. 20
438 3282 1380 3431 oder mehr jahren daher in etwas ver
1263 3378 1399 3479 dacht
2626 399 2715 466 145
1700 590 2661 758 verdecht gewesen mit seinen eignen
1712 636 2722 827 töchteren unzecht getriben ze haben undt
1723 738 2673 894 aber erst voretlich mucen eß anlaß
1704 804 2741 995 gewüßer von Hanß Hoffer seinem tochter
1726 892 2689 1055 man zu mauß im mürthshauß eben
1717 958 2737 1121 diser sachhalb geführten klesten sampt
1709 1043 2692 1188 disem seinem ankleger unnd seinem
1722 1117 2695 1264 Ehewyb durch herren vogt von Lauppen
1730 1192 2697 1363 gewahrsamlich alher verschickt auch so
1721 1272 2721 1454 ihr gel befelch den gten febrnarn 1b
1710 1338 2698 1533 durch dero diener großweibel undt
1736 1438 2742 1582 grichtschryber volgendts aber den 16. dito
1733 1522 2731 1675 durfh mhrr obrist Wy� al� harzu Neren
1741 1611 2736 1750 ordneten herren lxumonatores in by sein
1727 1684 2744 1842 herrn lvogt Bmanuel von Graffenriedts
1728 1786 2745 1924 zr Alesander Steiger vnd anderen meiner
1732 1850 2741 1999 hin der scurgerer mehr bald allem bald
1746 1921 2764 2079 dan mit vorstellung disers seines tochter
1755 2008 2712 2144 mand unnd tochter gantz ernstmortig
1752 2107 2728 2235 examiniert worden, hat derselbige frey
1763 2178 2714 2324 undt gutwillig ohne marter die sern
1753 2275 2749 2415 gangerheit der that volgender maßen
1772 2371 1990 2480 bekendt,
1727 2435 2705 2592 daßnamlich vor ohngferd 25 oder nicht
1764 2505 2772 2666 jahren da dise sein elteste tochter Ureni
1772 2599 2714 2741 genant Jetz Hanß Hoffers ehewyb
1782 2675 2775 2801 noch under jahren mar unnd uß mangel
1783 2744 2781 2882 geligers mit ihmme in einem bett gelegen
1792 2819 2694 2950 er innert einem jahr sich ohngfrod by
1780 2909 2736 3039 4 mahlen habe gelußen laßen sy zebe
1804 2981 2759 3113 Naffen, nune auch Murcklich an sy gegen
1796 3065 2768 3187 sezt, aber wegen ihres gethanen weigen
1799 3128 2790 3251 rens seines erinnerens unnd bedunckent
1794 3206 2792 3333 ihren nit mehr alß einest genoß worden
1800 3275 2802 3417 seye, dan so bald dise sein tochter umb etwas
2594 3369 2815 3491 er macsen
