3024 4032
656 355 1718 715 Dnt suesae
763 517 1731 798 es gechet uß borfnet und sinderet einhab
707 589 1682 843 Wie aber fase resliciente worden, es wei
758 677 1696 941 alda sie gristlichen nit aber die lyblich
734 760 1731 1014 sunderung verstanden, das man namlichen
744 844 1721 1074 seh ungbarbigen, in irem Götzendienstk
734 920 1698 1141 sineinschafft haben sölle und mit des hut
709 1018 1703 1237 und Usteres der gittloßen nit aber glassen
753 1120 1702 1296 von der unbußfertigen wegen, mah die
758 1174 1696 1415 hanze Christenliche gmeind, myden und
674 1275 1712 1480 verlaßen solhen. Hat er auch nichts wt
733 1362 1722 1568 gewüst zu antwarten, dander srt
759 1464 1694 1641 er bäte gott den allmechtigen, imne sy
730 1549 1689 1725 wyb und kund also zu leiten, das sy sae
748 1640 1688 1798 recht lieben und einen ime gefelligen
747 1732 1707 1866 wandel füren könnt, ein hache oberkei
760 1834 1694 1953 aber, biste er umb Barmhertzigkeit,
718 1927 1699 2055 Es stand mat am 5. Selig sind die Barn
752 2012 1706 2131 herzigen, das inen wirt vdarm herzihen
741 2103 1698 2232 widerfarrn er sye bald murd bscheid zu
738 2185 1699 2343 geben und sye nit gleert gung darzus
748 2269 1693 2408 wir büttuh eh ahs gatt unsere schuld
755 2351 1703 2499 solle vergeben, gleich eine wen konhern schuld
737 2429 1703 2598 nere ugebot, tügent und plegind aber
739 2505 1698 2677 einanderes sohreri mit liegen triegen
715 2619 1694 2770 er für sein psehltrage sein kilchen gar
698 2707 1673 2897 herscheif und bate imse wyters lit auh
693 2794 1696 2984 dennten, In dr Cistel Jat. am 1. vnd 22
720 2868 1681 3058 stande es werdent thäter deß worts
684 2968 1672 3156 und nit färer allen dun syenn under
658 3039 1667 3225 unß der fareren seillicht mehr alß
671 3187 1187 3329 des hatteren
2878 255 2962 355 14
1828 362 2949 625 Dhr Rütlingen mit hilf seiner gehöanen,
1840 448 2960 693 Sß einem spyder Emash mal undei bar
1874 601 2217 767 zu antere
1828 645 3013 905 Byßzüren In einem darff abermalen dn ein
1807 726 3017 969 Böycher gebrachet und mit hilf seines geselt
1818 809 2988 1028 Hro lyndaches 4 Wyber Henkli unißt
1863 913 2510 1094 sibar zhu entfrümbdet
1820 1026 2909 1215 Im Weltschland. In einer Statte zu Bulen
1849 1089 2957 1264 genampten selbss fünf by nächtlicher wyl
1817 1171 2960 1382 Is ein hußsgestigen hrund uff demselbigen
1845 1219 2924 1389 einer inanßpersahn Hauß genampt,
1845 1347 2279 1485 19t Gestolen,
1843 1496 2876 1664 zu Hrienisperg is einem därffli mit
1842 1595 2965 1727 hilf seiner gsolhlen uß einem speyer, darab
1821 1658 2928 1814 sy verzagt worde, 20 soll tuch und
1797 1752 2395 1894 Bbale ihn genomen,
1855 1873 2989 2042 zu Lahr uß einem sppcher mit hilf dreyer
1870 1992 2981 2120 seiner gselhen, mit namen Hanß Staffan
1780 2049 2958 2175 vnd Bforg. 29 anlegenen t berkleid
1771 2113 2886 2272 vil tuch und vil eynlachen entwenten,
1839 2264 2952 2431 zu Mülchi habe er auch mit hilf seiner
1837 2358 2964 2525 gsellen, 50 ehlen tuch und veil Hambli ent-
1806 2423 2957 2609 zwackt, danon ime nit mer also 2elle
1807 2481 2070 2574 worden,
1820 2596 2908 2792 zu Grosen asfalteren mit hilf seiner
1825 2705 2937 2877 gsanen, etlich anleginen wyben kleidern
1802 2762 2966 2962 Synlachen und Hembli gestalen, zu Bibrisch
1742 2827 2938 3037 erkaufft von Welichen Ime nitmer, als
1831 2921 2991 3147 2. mans 2 Wyber Hembli und 4 gshlißee
1798 2966 2317 3107 Eÿnlachen worden,
1805 3079 2891 3325 zu Bütwyl am Buchalterberg ias ein
1809 3190 2970 3435 Sopcher gebrachen, etwas Luders daruß
1804 3291 2011 3424 laßen,
1820 3255 2915 3503 genamen, vnd Ime 4 bar shumachen
