<?xml version="1.0" encoding="UTF-8" standalone="yes"?>
<PcGts xmlns="http://schema.primaresearch.org/PAGE/gts/pagecontent/2013-07-15" xmlns:xsi="http://www.w3.org/2001/XMLSchema-instance" xsi:schemaLocation="http://schema.primaresearch.org/PAGE/gts/pagecontent/2013-07-15 http://schema.primaresearch.org/PAGE/gts/pagecontent/2013-07-15/pagecontent.xsd">
    <Metadata>
        <Creator>prov=University of Rostock/Institute of Mathematics/CITlab|PLANET AI GmbH/Gundram Leifert/gundram.leifert@planet-ai.de:name=German_Kurrent_XVI-XVIII_M1(htr_id=19584)::::v=2.6.7
prov=University of Rostock/Institute of Mathematics/CITlab|PLANET AI GmbH/Tobias Gruening/tobias.gruening@planet-ai.de:name=de.uros.citlab.module.baseline2polygon.B2PSeamMultiOriented:v=2.6.7
prov=READ-COOP:name=PyLaia@TranskribusPlatform:version=0.3.1:model_id=26190:lm=none:date=10_10_2020_11:04
prov=READ-Coop:name=PyLaia@Transkribus:version=0.3.1:model_id=26190:lm=none:date=10_10_2020_11:04
prov=University of Rostock/Institute of Mathematics/CITlab|PLANET AI GmbH/Tobias Gruening/tobias.gruening@planet-ai.de:name=de.uros.citlab.module.baseline2polygon.B2PSeamMultiOriented:v=2.6.6</Creator>
        <Created>2020-10-10T09:26:36.369+02:00</Created>
        <LastChange>2022-09-09T15:23:31.882+02:00</LastChange>
        <TranskribusMetadata docId="1334826" pageId="52360466" pageNr="35" tsid="114642229" status="IN_PROGRESS" userId="9570" imgUrl="https://files.transkribus.eu/Get?id=WFGNLRBNCOALHNFSLGNLQKPX&amp;fileType=view" xmlUrl="https://files.transkribus.eu/Get?id=JJHCSLPHMADYNMWQDJZEEYNV" imageId="16417168"/>
    </Metadata>
    <Page imageFilename="471_18.jpeg" imageWidth="3024" imageHeight="4032">
        <ReadingOrder>
            <OrderedGroup id="ro_1687513751546" caption="Regions reading order">
                <RegionRefIndexed index="0" regionRef="r1"/>
                <RegionRefIndexed index="1" regionRef="r2"/>
                <RegionRefIndexed index="2" regionRef="r3"/>
            </OrderedGroup>
        </ReadingOrder>
        <TextRegion orientation="0.0" id="r1" custom="readingOrder {index:0;}">
            <Coords points="657,308 657,3283 1683,3283 1683,308"/>
            <TextLine id="r1l1" custom="readingOrder {index:0;}">
                <Coords points="770,368 860,354 930,389 1187,404 1643,522 1651,480 1553,391 1403,415 1273,381 1214,317 1086,350 883,260 789,269"/>
                <Baseline points="783,341 825,347 868,354 911,361 953,367 996,374 1039,381 1081,389 1124,396 1167,402 1210,410 1252,418 1295,427 1338,436 1380,445 1423,455 1466,465 1508,477 1551,488 1594,502 1637,516"/>
                <TextEquiv>
                    <Unicode>ien Vnnente allee</Unicode>
                </TextEquiv>
            </TextLine>
            <TextLine id="r1l2" custom="readingOrder {index:1;}">
                <Coords points="787,448 890,440 966,501 1032,466 1408,512 1486,568 1613,589 1644,522 1449,495 1355,436 1174,437 1132,394 801,366"/>
                <Baseline points="798,426 839,433 880,438 922,445 963,449 1004,455 1046,460 1087,466 1128,472 1170,478 1211,484 1252,491 1294,498 1335,506 1376,514 1418,524 1459,533 1500,543 1542,556 1583,570 1625,584"/>
                <TextEquiv>
                    <Unicode>auch 16 kloben. darfür er inen e</Unicode>
                </TextEquiv>
            </TextLine>
            <TextLine id="r1l3" custom="readingOrder {index:2;}">
                <Coords points="783,518 1134,563 1328,630 1377,610 1402,642 1481,626 1537,697 1637,674 1654,582 1401,559 1336,502 1208,484 1172,504 1107,477 985,516 889,439 797,443"/>
                <Baseline points="792,510 836,517 880,522 924,529 968,535 1012,540 1056,547 1101,554 1145,561 1189,568 1233,576 1277,584 1321,592 1366,601 1410,610 1454,620 1498,632 1542,643 1586,654 1631,668"/>
                <TextEquiv>
                    <Unicode>fundeg lich t dee</Unicode>
                </TextEquiv>
            </TextLine>
            <TextLine id="r1l4" custom="readingOrder {index:3;}">
                <Coords points="790,636 1090,640 1161,707 1355,685 1448,739 1485,718 1642,750 1651,695 1619,668 1537,697 1480,627 1269,651 1218,598 1068,557 974,598 897,528 801,567"/>
                <Baseline points="804,597 845,604 887,610 928,615 970,621 1012,628 1053,634 1095,639 1137,646 1178,652 1220,658 1262,665 1303,672 1345,680 1387,686 1428,694 1470,702 1512,710 1553,718 1595,727 1637,737"/>
                <TextEquiv>
                    <Unicode>achen 2 Tichlahe 1 manßHembli</Unicode>
                </TextEquiv>
            </TextLine>
            <TextLine id="r1l5" custom="readingOrder {index:4;}">
                <Coords points="797,693 1324,759 1421,801 1485,789 1634,876 1648,790 1598,737 1482,767 1433,724 1162,707 1089,640 1016,681 946,629 879,660 804,650"/>
                <Baseline points="807,681 848,685 889,692 931,697 972,702 1014,708 1055,713 1096,719 1138,726 1179,733 1221,739 1262,746 1303,754 1345,761 1386,768 1428,777 1469,785 1510,793 1552,802 1593,812 1635,821"/>
                <TextEquiv>
                    <Unicode>ein hanneh 6 oder 7 purstülei</Unicode>
                </TextEquiv>
            </TextLine>
            <TextLine id="r1l6" custom="readingOrder {index:5;}">
                <Coords points="790,784 1274,828 1422,900 1517,879 1675,932 1685,858 1615,873 1518,804 1397,836 1339,763 1243,793 1195,742 1091,775 1011,712 870,758 800,719"/>
                <Baseline points="798,774 841,779 885,781 928,785 972,789 1016,795 1059,800 1103,805 1147,810 1190,816 1234,823 1278,830 1321,836 1365,844 1409,852 1452,860 1496,870 1540,880 1583,890 1627,902 1671,914"/>
                <TextEquiv>
                    <Unicode>danas sy eins ame Gnagi umb 10ß</Unicode>
                </TextEquiv>
            </TextLine>
            <TextLine id="r1l7" custom="readingOrder {index:6;}">
                <Coords points="781,875 917,874 1005,931 1327,924 1431,955 1487,1018 1548,975 1674,1008 1683,946 1604,941 1566,898 1489,886 1426,921 1151,811 1079,854 983,781 794,789"/>
                <Baseline points="791,864 834,868 878,873 922,875 966,881 1010,885 1054,890 1097,895 1141,900 1185,906 1229,913 1273,920 1317,926 1361,933 1404,941 1448,949 1492,957 1536,965 1580,974 1624,983 1668,992"/>
                <TextEquiv>
                    <Unicode>vekaufft) etlich für wü rst unnd</Unicode>
                </TextEquiv>
            </TextLine>
            <TextLine id="r1l8" custom="readingOrder {index:7;}">
                <Coords points="786,972 898,965 962,1015 1041,988 1085,1019 1135,985 1226,1064 1301,1030 1344,1068 1406,1029 1454,1070 1554,1049 1671,1084 1678,1028 1549,975 1487,1017 1300,971 1254,918 1172,915 1123,953 986,933 942,891 798,884"/>
                <Baseline points="795,956 838,957 882,960 925,963 969,968 1012,972 1056,976 1099,982 1143,987 1186,994 1230,999 1273,1005 1317,1013 1360,1020 1404,1027 1447,1033 1491,1040 1534,1047 1578,1054 1621,1061 1665,1068"/>
                <TextEquiv>
                    <Unicode>etlich gringe soysen, weliches alles</Unicode>
                </TextEquiv>
            </TextLine>
            <TextLine id="r1l9" custom="readingOrder {index:8;}">
                <Coords points="797,1046 981,1104 1132,1070 1247,1125 1459,1113 1567,1181 1677,1163 1682,1120 1570,1056 1464,1072 1403,1028 1344,1067 1305,1039 1226,1063 1161,998 1079,1034 1046,993 965,1016 917,976 861,1002 806,973"/>
                <Baseline points="804,1050 847,1053 890,1056 934,1059 977,1062 1020,1065 1064,1069 1107,1072 1150,1077 1194,1082 1237,1086 1280,1091 1324,1097 1367,1102 1410,1109 1454,1116 1497,1123 1540,1131 1584,1140 1627,1148 1671,1158"/>
                <TextEquiv>
                    <Unicode>s der trakinsen zubracht, So sne</Unicode>
                </TextEquiv>
            </TextLine>
            <TextLine id="r1l10" custom="readingOrder {index:9;}">
                <Coords points="784,1158 959,1176 1006,1214 1060,1175 1280,1202 1307,1232 1429,1203 1651,1294 1659,1224 1619,1190 1473,1187 1369,1111 1318,1135 1281,1104 1210,1143 1129,1070 996,1131 862,1052 795,1061"/>
                <Baseline points="792,1145 834,1147 877,1148 920,1150 963,1153 1006,1155 1049,1158 1091,1161 1134,1165 1177,1170 1220,1174 1263,1179 1306,1185 1349,1191 1391,1197 1434,1204 1477,1211 1520,1220 1563,1228 1606,1237 1649,1247"/>
                <TextEquiv>
                    <Unicode>haußen gantz unwüssent beschehen</Unicode>
                </TextEquiv>
            </TextLine>
            <TextLine id="r1l11" custom="readingOrder {index:10;}">
                <Coords points="783,1258 876,1305 962,1252 1353,1320 1402,1293 1451,1342 1512,1312 1658,1340 1662,1301 1497,1224 1279,1241 1218,1191 1060,1177 990,1226 933,1196 878,1211 834,1158 793,1160"/>
                <Baseline points="792,1242 835,1244 878,1244 921,1245 964,1248 1007,1250 1050,1252 1093,1256 1136,1259 1179,1262 1222,1266 1265,1270 1308,1276 1351,1282 1394,1288 1437,1294 1480,1300 1523,1308 1566,1316 1609,1323 1652,1332"/>
                <TextEquiv>
                    <Unicode>etlichs mit einanderen gäßt, so</Unicode>
                </TextEquiv>
            </TextLine>
            <TextLine id="r1l12" custom="readingOrder {index:11;}">
                <Coords points="769,1339 955,1348 988,1376 1058,1348 1245,1393 1412,1385 1469,1428 1525,1398 1613,1452 1661,1446 1634,1376 1525,1326 1453,1343 1402,1294 1356,1320 1281,1292 1212,1312 1135,1269 1002,1258 881,1305 778,1252"/>
                <Baseline points="777,1334 823,1337 869,1338 915,1340 962,1343 1008,1346 1054,1349 1100,1352 1147,1355 1193,1359 1239,1364 1285,1368 1332,1373 1378,1378 1424,1383 1470,1391 1517,1397 1563,1406 1609,1415 1656,1424"/>
                <TextEquiv>
                    <Unicode>habent sy auch ein serkel huben ger</Unicode>
                </TextEquiv>
            </TextLine>
            <TextLine id="r1l13" custom="readingOrder {index:12;}">
                <Coords points="792,1426 976,1462 1011,1441 1427,1469 1499,1507 1545,1487 1640,1517 1646,1445 1543,1401 1474,1429 1304,1398 1246,1427 1192,1370 1058,1349 991,1393 796,1381"/>
                <Baseline points="800,1419 841,1422 883,1425 925,1428 967,1431 1008,1433 1050,1437 1092,1439 1134,1443 1175,1446 1217,1448 1259,1452 1301,1455 1342,1459 1384,1463 1426,1467 1468,1471 1509,1474 1551,1479 1593,1484 1635,1490"/>
                <TextEquiv>
                    <Unicode>nambn, die sy einem schlyffen</Unicode>
                </TextEquiv>
            </TextLine>
            <TextLine id="r1l14" custom="readingOrder {index:13;}">
                <Coords points="759,1539 1021,1524 1204,1574 1296,1546 1547,1596 1650,1580 1654,1519 1397,1467 852,1476 766,1421"/>
                <Baseline points="768,1515 811,1517 855,1517 899,1519 943,1521 986,1522 1030,1524 1074,1527 1118,1529 1161,1532 1205,1535 1249,1538 1293,1541 1336,1544 1380,1547 1424,1551 1468,1553 1511,1557 1555,1560 1599,1563 1643,1566"/>
                <TextEquiv>
                    <Unicode>welicher abseegen vor der Schaal</Unicode>
                </TextEquiv>
            </TextLine>
            <TextLine id="r1l15" custom="readingOrder {index:14;}">
                <Coords points="774,1591 897,1632 964,1607 1136,1636 1242,1621 1306,1663 1387,1651 1519,1705 1525,1574 1280,1553 1209,1583 1119,1543 921,1518 775,1565"/>
                <Baseline points="780,1604 816,1605 853,1607 890,1608 927,1610 963,1611 1000,1613 1037,1614 1074,1615 1110,1617 1147,1618 1184,1620 1221,1622 1257,1623 1294,1626 1331,1629 1368,1632 1404,1634 1441,1637 1478,1640 1515,1644"/>
                <TextEquiv>
                    <Unicode>schlyffe umb tb verkauff</Unicode>
                </TextEquiv>
            </TextLine>
            <TextLine id="r1l16" custom="readingOrder {index:15;}">
                <Coords points="749,1703 809,1748 934,1706 1120,1749 1365,1727 1453,1780 1560,1748 1612,1802 1663,1801 1669,1685 1324,1688 1242,1618 1155,1651 1037,1623 967,1671 853,1636 751,1668"/>
                <Baseline points="756,1710 801,1710 846,1710 891,1710 936,1712 981,1713 1026,1713 1072,1715 1117,1718 1162,1719 1207,1721 1252,1722 1297,1725 1342,1728 1388,1731 1433,1734 1478,1737 1523,1740 1568,1744 1613,1748 1659,1752"/>
                <TextEquiv>
                    <Unicode>Item alß absendelt vnehelich, bub by</Unicode>
                </TextEquiv>
            </TextLine>
            <TextLine id="r1l17" custom="readingOrder {index:16;}">
                <Coords points="724,1808 1108,1788 1194,1841 1406,1800 1655,1868 1658,1799 1557,1744 1453,1781 1356,1731 1302,1766 1199,1728 1121,1759 1015,1708 864,1759 762,1702 728,1715"/>
                <Baseline points="732,1790 777,1787 823,1785 869,1784 915,1782 961,1782 1007,1782 1052,1784 1098,1785 1144,1785 1190,1788 1236,1790 1282,1793 1328,1797 1373,1799 1419,1803 1465,1806 1511,1811 1557,1816 1603,1820 1649,1824"/>
                <TextEquiv>
                    <Unicode>Damel serner gedienet, habe Gnegen</Unicode>
                </TextEquiv>
            </TextLine>
            <TextLine id="r1l18" custom="readingOrder {index:17;} person {offset:4; length:9;}">
                <Coords points="727,1890 866,1865 936,1903 1054,1874 1125,1912 1316,1872 1390,1934 1418,1910 1462,1936 1657,1901 1658,1871 1416,1805 1227,1813 1194,1841 1150,1799 886,1833 824,1798 729,1812"/>
                <Baseline points="734,1877 779,1871 825,1867 871,1865 917,1863 963,1862 1008,1862 1054,1862 1100,1862 1146,1865 1192,1866 1237,1868 1283,1871 1329,1873 1375,1876 1421,1878 1466,1881 1512,1884 1558,1886 1604,1887 1650,1889"/>
                <TextEquiv>
                    <Unicode>der Gremplern ine angerehten dacs zum</Unicode>
                </TextEquiv>
            </TextLine>
            <TextLine id="r1l19" custom="readingOrder {index:18;}">
                <Coords points="745,1975 1063,1936 1222,1982 1286,1937 1355,1981 1529,1954 1675,1995 1677,1896 1635,1886 1598,1922 1462,1935 1379,1930 1315,1873 1198,1915 1055,1875 983,1908 887,1875 747,1893"/>
                <Baseline points="753,1949 798,1944 844,1941 890,1940 936,1938 981,1937 1027,1937 1073,1937 1119,1938 1164,1938 1210,1941 1256,1943 1302,1944 1347,1947 1393,1949 1439,1952 1485,1955 1530,1956 1576,1959 1622,1962 1668,1964"/>
                <TextEquiv>
                    <Unicode>stälen nit angewisen was er etwas</Unicode>
                </TextEquiv>
            </TextLine>
            <TextLine id="r1l20" custom="readingOrder {index:19;}">
                <Coords points="769,2029 1182,2023 1249,2067 1345,2029 1537,2082 1678,2044 1679,1987 1528,1953 1421,1999 1304,1947 1225,2000 1062,1935 951,1994 879,1944 769,1991"/>
                <Baseline points="776,2028 820,2027 865,2026 910,2025 955,2024 999,2024 1044,2024 1089,2024 1134,2024 1178,2024 1223,2024 1268,2025 1313,2025 1357,2026 1402,2027 1447,2028 1492,2028 1536,2030 1581,2031 1626,2031 1671,2033"/>
                <TextEquiv>
                    <Unicode>habe alß kädrig siemen oder anders</Unicode>
                </TextEquiv>
            </TextLine>
            <TextLine id="r1l21" custom="readingOrder {index:20;}">
                <Coords points="762,2131 896,2109 1011,2153 1109,2102 1296,2109 1382,2157 1489,2162 1555,2125 1669,2127 1669,2073 1603,2050 1535,2083 1376,2036 1334,2074 1264,2074 1190,2028 1116,2071 1009,2018 879,2084 762,2085"/>
                <Baseline points="770,2117 814,2114 859,2112 903,2111 948,2109 993,2108 1037,2107 1082,2106 1126,2106 1171,2105 1216,2105 1260,2105 1305,2105 1349,2105 1394,2106 1439,2106 1483,2106 1528,2108 1572,2108 1617,2108 1662,2109"/>
                <TextEquiv>
                    <Unicode>generkauff, solte ers ime werden</Unicode>
                </TextEquiv>
            </TextLine>
            <TextLine id="r1l22" custom="readingOrder {index:21;}">
                <Coords points="713,2268 873,2204 1120,2252 1232,2194 1423,2183 1590,2249 1691,2219 1690,2142 1648,2163 1557,2125 1430,2170 1341,2121 1109,2104 1019,2160 709,2113"/>
                <Baseline points="719,2208 767,2207 815,2205 863,2202 911,2201 960,2198 1008,2197 1056,2195 1104,2193 1152,2192 1201,2190 1249,2189 1297,2189 1345,2187 1393,2186 1442,2186 1490,2186 1538,2186 1586,2186 1634,2186 1683,2187"/>
                <TextEquiv>
                    <Unicode>laßes, Daauf er ime ein althanß</Unicode>
                </TextEquiv>
            </TextLine>
            <TextLine id="r1l23" custom="readingOrder {index:22;}">
                <Coords points="773,2337 1000,2277 1081,2297 1118,2271 1179,2313 1214,2279 1370,2294 1486,2261 1671,2290 1670,2242 1587,2249 1538,2204 1427,2184 1228,2199 1100,2254 890,2207 770,2215"/>
                <Baseline points="779,2300 823,2295 867,2291 911,2287 956,2283 1000,2280 1044,2278 1088,2276 1133,2274 1177,2272 1221,2271 1265,2270 1310,2268 1354,2268 1398,2268 1442,2268 1487,2268 1531,2268 1575,2268 1619,2269 1664,2270"/>
                <TextEquiv>
                    <Unicode>gestüdel in alt bläzeten riemen</Unicode>
                </TextEquiv>
            </TextLine>
            <TextLine id="r1l24" custom="readingOrder {index:23;}">
                <Coords points="679,2423 897,2388 961,2439 1041,2377 1412,2367 1451,2394 1532,2357 1687,2363 1683,2283 1635,2309 1581,2269 1344,2284 1242,2352 1122,2273 995,2327 917,2291 818,2344 674,2320"/>
                <Baseline points="686,2408 735,2402 785,2395 834,2391 884,2387 934,2382 983,2380 1033,2376 1083,2373 1132,2372 1182,2370 1232,2369 1281,2367 1331,2366 1381,2364 1430,2363 1480,2361 1530,2360 1579,2358 1629,2357 1679,2355"/>
                <TextEquiv>
                    <Unicode>ild Crenrt) ein alten Großgiene</Unicode>
                </TextEquiv>
            </TextLine>
            <TextLine id="r1l25" custom="readingOrder {index:24;}">
                <Coords points="743,2503 831,2481 902,2511 1058,2459 1088,2481 1236,2451 1589,2470 1687,2444 1684,2380 1532,2356 1406,2419 1157,2435 1016,2384 960,2439 925,2413 854,2448 791,2414 740,2451"/>
                <Baseline points="749,2492 795,2487 842,2481 888,2477 935,2473 981,2469 1028,2465 1074,2463 1121,2459 1167,2456 1214,2454 1261,2453 1307,2451 1354,2448 1400,2447 1447,2447 1493,2445 1540,2444 1586,2444 1633,2442 1680,2442"/>
                <TextEquiv>
                    <Unicode>So er ime Berner seinem meist genamh</Unicode>
                </TextEquiv>
            </TextLine>
            <TextLine id="r1l26" custom="readingOrder {index:25;}">
                <Coords points="750,2628 983,2561 1136,2583 1183,2559 1251,2603 1296,2553 1418,2529 1544,2580 1687,2551 1682,2476 1549,2454 1208,2457 1131,2509 1063,2468 742,2506"/>
                <Baseline points="755,2591 801,2585 847,2579 893,2574 939,2568 985,2564 1031,2561 1077,2556 1123,2553 1169,2550 1216,2548 1262,2546 1308,2543 1354,2541 1400,2538 1446,2537 1492,2534 1538,2532 1584,2531 1630,2529 1677,2526"/>
                <TextEquiv>
                    <Unicode>zugebrächt und darumb 7 fl besa</Unicode>
                </TextEquiv>
            </TextLine>
            <TextLine id="r1l27" custom="readingOrder {index:26;}">
                <Coords points="734,2692 1132,2635 1251,2702 1425,2631 1544,2653 1610,2618 1684,2654 1680,2583 1648,2570 1570,2597 1406,2542 1286,2605 1178,2560 1084,2617 938,2571 860,2628 816,2593 729,2603"/>
                <Baseline points="741,2684 787,2676 834,2670 880,2663 927,2657 974,2654 1020,2649 1067,2645 1114,2642 1160,2639 1207,2637 1254,2634 1300,2633 1347,2631 1394,2629 1440,2627 1487,2625 1534,2624 1580,2622 1627,2620 1674,2618"/>
                <TextEquiv>
                    <Unicode>Darumb er aber gantz über geschlagen</Unicode>
                </TextEquiv>
            </TextLine>
            <TextLine id="r1l28" custom="readingOrder {index:27;}">
                <Coords points="714,2777 878,2793 940,2750 1105,2734 1175,2777 1301,2723 1579,2768 1671,2730 1664,2632 1617,2608 1326,2703 1049,2671 1007,2707 885,2681 710,2721"/>
                <Baseline points="722,2778 769,2772 816,2766 863,2761 910,2756 957,2751 1004,2746 1051,2741 1098,2739 1145,2735 1192,2731 1239,2728 1286,2725 1333,2722 1380,2719 1427,2717 1474,2715 1521,2712 1568,2710 1615,2708 1662,2706"/>
                <TextEquiv>
                    <Unicode>und Ime dir sach wiumb durch zy</Unicode>
                </TextEquiv>
            </TextLine>
            <TextLine id="r1l29" custom="readingOrder {index:28;}">
                <Coords points="763,2904 840,2857 931,2912 957,2887 1084,2879 1134,2833 1197,2859 1231,2821 1296,2861 1348,2863 1337,2761 1313,2755 1244,2788 1104,2734 1030,2800 988,2807 920,2772 886,2794 791,2770 751,2791"/>
                <Baseline points="767,2871 795,2866 823,2861 852,2857 880,2854 908,2850 937,2847 965,2845 993,2842 1022,2839 1050,2837 1078,2834 1107,2832 1135,2829 1163,2827 1192,2823 1220,2820 1248,2816 1277,2811 1305,2805 1334,2799"/>
                <TextEquiv>
                    <Unicode>selbs zugestelte worden.</Unicode>
                </TextEquiv>
            </TextLine>
            <TextLine id="r1l30" custom="readingOrder {index:29;}">
                <Coords points="766,3075 909,3037 983,3069 1066,3000 1323,2992 1389,3026 1459,2963 1621,2986 1680,2930 1670,2846 1270,2885 1156,2955 878,2904 787,2995 755,2984"/>
                <Baseline points="771,3062 816,3051 861,3040 906,3031 951,3022 996,3015 1041,3008 1087,3003 1132,2997 1177,2993 1222,2988 1267,2984 1312,2979 1357,2975 1403,2971 1448,2966 1493,2961 1538,2956 1583,2951 1628,2943 1674,2936"/>
                <TextEquiv>
                    <Unicode>Sonsten sye nach von abgemelten fu</Unicode>
                </TextEquiv>
            </TextLine>
            <TextLine id="r1l31" custom="readingOrder {index:30;}">
                <Coords points="772,3157 905,3108 1004,3138 1122,3084 1236,3128 1318,3060 1507,3036 1612,3067 1665,3042 1658,2988 1505,2960 1385,3031 1250,2994 1163,3043 1083,3000 1032,3063 762,3080"/>
                <Baseline points="776,3138 822,3128 868,3120 914,3111 961,3103 1007,3097 1053,3089 1099,3082 1146,3076 1192,3071 1238,3066 1284,3060 1331,3055 1377,3051 1423,3046 1469,3041 1516,3036 1562,3032 1608,3027 1655,3023"/>
                <TextEquiv>
                    <Unicode>Is firen tragli is der kausin</Unicode>
                </TextEquiv>
            </TextLine>
            <TextLine id="r1l32" custom="readingOrder {index:31;}">
                <Coords points="1603,3120 1611,3118 1619,3109 1643,3126 1670,3087 1683,3084 1678,3058 1661,3058 1631,3042 1612,3068 1601,3062 1594,3064"/>
                <Baseline points="1607,3098 1641,3089 1676,3086"/>
                <TextEquiv>
                    <Unicode>zue</Unicode>
                </TextEquiv>
            </TextLine>
            <TextLine id="r1l33" custom="readingOrder {index:32;}">
                <Coords points="1603,3197 1612,3195 1623,3181 1636,3179 1646,3161 1651,3161 1655,3155 1674,3154 1655,3087 1638,3089 1635,3095 1626,3097 1595,3141 1588,3143"/>
                <Baseline points="1602,3168 1633,3160 1665,3150"/>
                <TextEquiv>
                    <Unicode>sel</Unicode>
                </TextEquiv>
            </TextLine>
            <TextLine id="r1l34" custom="readingOrder {index:33;}">
                <Coords points="655,3300 743,3286 797,3232 1064,3255 1201,3230 1269,3165 1327,3196 1384,3149 1495,3161 1566,3137 1553,3054 1478,3042 1427,3091 1319,3061 1236,3128 1121,3089 1006,3139 631,3151"/>
                <Baseline points="657,3264 701,3252 746,3242 791,3231 836,3222 881,3212 926,3203 970,3196 1015,3187 1060,3180 1105,3173 1150,3166 1195,3160 1240,3154 1284,3147 1329,3142 1374,3135 1419,3129 1464,3123 1509,3117 1554,3111"/>
                <TextEquiv>
                    <Unicode>varhanden so ime Schar khin</Unicode>
                </TextEquiv>
            </TextLine>
            <TextEquiv>
                <Unicode>ien Vnnente allee
auch 16 kloben. darfür er inen e
fundeg lich t dee
achen 2 Tichlahe 1 manßHembli
ein hanneh 6 oder 7 purstülei
danas sy eins ame Gnagi umb 10ß
vekaufft) etlich für wü rst unnd
etlich gringe soysen, weliches alles
s der trakinsen zubracht, So sne
haußen gantz unwüssent beschehen
etlichs mit einanderen gäßt, so
habent sy auch ein serkel huben ger
nambn, die sy einem schlyffen
welicher abseegen vor der Schaal
schlyffe umb tb verkauff
Item alß absendelt vnehelich, bub by
Damel serner gedienet, habe Gnegen
der Gremplern ine angerehten dacs zum
stälen nit angewisen was er etwas
habe alß kädrig siemen oder anders
generkauff, solte ers ime werden
laßes, Daauf er ime ein althanß
gestüdel in alt bläzeten riemen
ild Crenrt) ein alten Großgiene
So er ime Berner seinem meist genamh
zugebrächt und darumb 7 fl besa
Darumb er aber gantz über geschlagen
und Ime dir sach wiumb durch zy
selbs zugestelte worden.
Sonsten sye nach von abgemelten fu
Is firen tragli is der kausin
zue
sel
varhanden so ime Schar khin</Unicode>
            </TextEquiv>
        </TextRegion>
        <TextRegion orientation="0.0" id="r2" custom="readingOrder {index:1;}">
            <Coords points="1746,260 1746,2992 2993,2992 2993,260"/>
            <TextLine id="r2l1" custom="readingOrder {index:0;}">
                <Coords points="1874,536 2042,488 2148,510 2212,446 2302,471 2354,416 2387,435 2685,340 2731,363 2929,295 2917,240 2838,274 2701,231 2505,342 2318,362 2232,333 2064,423 1957,400 1858,462"/>
                <Baseline points="1881,531 1933,515 1985,498 2037,483 2089,468 2141,454 2193,440 2245,428 2297,416 2349,404 2401,393 2453,382 2505,372 2557,362 2609,353 2661,342 2713,333 2765,323 2817,314 2869,303 2922,294"/>
                <TextEquiv>
                    <Unicode>Lynlachen 1 tischlachen 1 Hembli 3 ud</Unicode>
                </TextEquiv>
            </TextLine>
            <TextLine id="r2l2" custom="readingOrder {index:1;}">
                <Coords points="1853,642 1983,571 2247,555 2297,495 2367,506 2775,392 2837,423 2903,373 2889,311 2734,371 2522,378 2301,469 2215,445 2128,508 2041,489 1912,528 1843,598"/>
                <Baseline points="1856,620 1907,601 1959,582 2011,565 2063,549 2115,535 2167,521 2219,509 2271,497 2323,486 2375,475 2426,463 2478,453 2530,442 2582,432 2634,421 2686,411 2738,399 2790,387 2842,374 2894,362"/>
                <TextEquiv>
                    <Unicode>en </Unicode>
                </TextEquiv>
            </TextLine>
            <TextLine id="r2l3" custom="readingOrder {index:2;}">
                <Coords points="1877,691 1952,645 2012,677 2060,620 2263,563 2356,592 2466,531 2610,536 2791,473 2844,434 2832,380 2770,429 2699,411 2582,474 2511,450 2444,514 2330,507 2150,579 1979,572 1864,630"/>
                <Baseline points="1878,663 1926,651 1974,638 2022,627 2070,615 2118,604 2166,595 2214,584 2262,574 2310,564 2359,554 2407,544 2455,535 2503,524 2551,514 2599,505 2647,494 2695,483 2743,472 2791,461 2840,449"/>
                <TextEquiv>
                    <Unicode>gen gelachte</Unicode>
                </TextEquiv>
            </TextLine>
            <TextLine id="r2l4" custom="readingOrder {index:3;}">
                <Coords points="1828,773 2258,639 2423,612 2480,647 2527,597 2655,629 2702,568 2927,542 2914,477 2836,458 2603,561 2551,527 2403,549 2351,600 2265,562 2010,679 1811,690"/>
                <Baseline points="1830,750 1884,735 1938,721 1992,706 2047,693 2101,681 2155,669 2209,657 2264,647 2318,636 2372,626 2426,615 2481,606 2535,595 2589,586 2643,577 2698,566 2752,556 2806,545 2860,535 2915,524"/>
                <TextEquiv>
                    <Unicode>Märigker gehört und uß von gesagtem</Unicode>
                </TextEquiv>
            </TextLine>
            <TextLine id="r2l5" custom="readingOrder {index:4;} person {offset:0; length:5;}">
                <Coords points="1824,830 1885,844 1993,775 2135,817 2192,742 2699,697 2772,637 2844,673 2957,599 2950,561 2776,610 2702,569 2655,630 2544,598 2483,648 2421,612 1813,770"/>
                <Baseline points="1830,825 1885,807 1941,790 1997,775 2053,762 2109,749 2165,739 2221,729 2277,721 2333,712 2389,703 2444,695 2500,687 2556,678 2612,669 2668,658 2724,647 2780,635 2836,622 2892,606 2948,590"/>
                <TextEquiv>
                    <Unicode>Läder gemacht 1 Stükli Läßer t magen</Unicode>
                </TextEquiv>
            </TextLine>
            <TextLine id="r2l6" custom="readingOrder {index:5;}">
                <Coords points="1876,882 1891,871 1908,873 1912,866 1941,867 1992,836 2030,853 2013,773 1994,771 1971,793 1956,788 1942,799 1933,795 1910,832 1889,844 1879,839 1866,844"/>
                <Baseline points="1881,876 1909,869 1937,861 1965,852 1993,847 2022,846"/>
                <TextEquiv>
                    <Unicode>u</Unicode>
                </TextEquiv>
            </TextLine>
            <TextLine id="r2l7" custom="readingOrder {index:6;}">
                <Coords points="1820,1046 1880,1002 1926,1033 2010,969 2116,982 2164,937 2214,959 2469,891 2545,913 2611,866 2685,900 2772,842 2911,824 2902,772 2793,725 2749,762 2400,792 2165,908 1962,856 1795,901"/>
                <Baseline points="1824,1025 1880,1005 1937,987 1994,971 2051,958 2107,946 2164,936 2221,927 2278,918 2335,910 2391,904 2448,895 2505,889 2562,882 2619,873 2675,864 2732,856 2789,845 2846,833 2903,819"/>
                <TextEquiv>
                    <Unicode>Wat disen habeit sy unzt wyters</Unicode>
                </TextEquiv>
            </TextLine>
            <TextLine id="r2l8" custom="readingOrder {index:7;}">
                <Coords points="1806,1097 2129,1011 2278,1027 2363,976 2461,993 2736,923 2802,962 2887,905 2974,928 2958,818 2876,863 2773,842 2678,902 2619,864 2432,933 2369,902 2240,970 2164,938 1799,1051"/>
                <Baseline points="1812,1085 1869,1070 1927,1056 1984,1043 2042,1030 2099,1020 2157,1010 2214,1001 2272,992 2329,984 2387,976 2445,969 2502,961 2560,954 2617,948 2675,940 2732,934 2790,927 2847,919 2905,911 2963,903"/>
                <TextEquiv>
                    <Unicode>bekantlich sein wellen und bedüret sy sich</Unicode>
                </TextEquiv>
            </TextLine>
            <TextLine id="r2l9" custom="readingOrder {index:8;}">
                <Coords points="1819,1169 1991,1104 2076,1138 2107,1103 2691,1023 2787,1060 2935,997 2924,909 2698,998 2619,954 2524,1016 2364,976 2250,1049 2082,1031 1810,1100"/>
                <Baseline points="1824,1149 1879,1136 1934,1124 1989,1113 2044,1104 2099,1094 2154,1087 2210,1079 2265,1073 2320,1066 2375,1060 2430,1055 2485,1049 2540,1043 2596,1037 2651,1031 2706,1025 2761,1017 2816,1010 2871,1001 2927,992"/>
                <TextEquiv>
                    <Unicode>sners mit zugryffen nit vergesten beflit</Unicode>
                </TextEquiv>
            </TextLine>
            <TextLine id="r2l10" custom="readingOrder {index:9;}">
                <Coords points="1826,1231 1987,1185 2090,1229 2173,1167 2264,1192 2547,1118 2732,1105 2798,1146 2871,1085 2935,1129 3002,1090 2992,999 2911,997 2834,1067 2693,1023 1819,1169"/>
                <Baseline points="1832,1220 1890,1209 1948,1197 2006,1188 2064,1178 2122,1169 2180,1161 2238,1154 2296,1146 2354,1139 2412,1133 2470,1128 2528,1121 2586,1115 2644,1109 2702,1104 2760,1098 2818,1092 2876,1086 2934,1080 2993,1073"/>
                <TextEquiv>
                    <Unicode>sottend trungenlich Hattt, vnd ein gnedige</Unicode>
                </TextEquiv>
            </TextLine>
            <TextLine id="r2l11" custom="readingOrder {index:10;}">
                <Coords points="2581,1183 2593,1183 2602,1179 2619,1163 2628,1170 2644,1163 2658,1164 2658,1115 2650,1115 2642,1122 2635,1119 2629,1122 2625,1117 2618,1120 2609,1116 2604,1116 2596,1123 2581,1122"/>
                <Baseline points="2588,1155 2619,1155 2651,1155"/>
                <TextEquiv>
                    <Unicode></Unicode>
                </TextEquiv>
            </TextLine>
            <TextLine id="r2l12" custom="readingOrder {index:11;}">
                <Coords points="1822,1323 1999,1259 2222,1277 2273,1227 2455,1213 2573,1279 2646,1203 2733,1187 2794,1225 2893,1162 2973,1177 2968,1117 2885,1094 2814,1148 2740,1109 2594,1183 2460,1138 2352,1186 2202,1162 2091,1229 1981,1188 1815,1268"/>
                <Baseline points="1826,1302 1883,1288 1940,1276 1997,1266 2054,1256 2111,1247 2168,1240 2225,1233 2282,1226 2339,1221 2396,1216 2453,1211 2510,1206 2567,1200 2624,1197 2681,1191 2738,1185 2795,1180 2852,1173 2909,1166 2966,1157"/>
                <TextEquiv>
                    <Unicode>oberkeit umb gnad und vezgehung, das</Unicode>
                </TextEquiv>
            </TextLine>
            <TextLine id="r2l13" custom="readingOrder {index:12;}">
                <Coords points="1839,1435 1922,1359 2003,1375 2037,1337 2120,1362 2588,1281 2804,1311 2959,1230 2953,1179 2806,1235 2657,1199 2568,1272 2448,1219 2274,1227 2186,1292 2001,1259 1828,1331"/>
                <Baseline points="1841,1379 1896,1365 1952,1354 2007,1344 2063,1335 2118,1328 2174,1322 2229,1317 2285,1312 2340,1307 2396,1303 2452,1300 2507,1295 2563,1291 2618,1287 2674,1280 2729,1274 2785,1266 2840,1256 2896,1247 2952,1233"/>
                <TextEquiv>
                    <Unicode>sy sich fürthin beßeren uond ehrlich</Unicode>
                </TextEquiv>
            </TextLine>
            <TextLine id="r2l14" custom="readingOrder {index:13;}">
                <Coords points="1848,1477 2002,1494 2151,1463 2193,1419 2265,1432 2419,1395 2485,1417 2522,1397 2514,1313 2485,1308 2442,1358 2272,1329 2239,1357 2174,1342 2118,1362 2039,1337 2001,1378 1899,1362 1843,1420"/>
                <Baseline points="1853,1451 1886,1444 1919,1437 1952,1432 1985,1428 2018,1423 2051,1419 2084,1416 2117,1413 2150,1409 2183,1406 2216,1404 2249,1402 2282,1400 2315,1397 2348,1395 2381,1392 2414,1390 2447,1387 2480,1385 2513,1382"/>
                <TextEquiv>
                    <Unicode>arkeit be flyßer frellintn</Unicode>
                </TextEquiv>
            </TextLine>
            <TextLine id="r2l15" custom="readingOrder {index:14;}">
                <Coords points="1815,1646 1972,1667 2074,1604 2496,1559 2871,1574 2905,1558 2897,1464 2761,1511 2648,1434 2486,1515 2371,1476 2272,1533 2146,1525 2104,1576 1810,1594"/>
                <Baseline points="1821,1631 1874,1626 1928,1621 1982,1615 2036,1610 2090,1605 2143,1601 2197,1595 2251,1591 2305,1587 2359,1583 2412,1578 2466,1575 2520,1570 2574,1566 2628,1562 2681,1557 2735,1553 2789,1550 2843,1545 2897,1541"/>
                <TextEquiv>
                    <Unicode>Den 8. jenner 1618 sind sy liberiort.</Unicode>
                </TextEquiv>
            </TextLine>
            <TextLine id="r2l16" custom="readingOrder {index:15;}">
                <Coords points="1752,1728 2284,1666 2434,1723 2633,1645 2855,1658 2891,1647 2887,1592 2747,1552 2542,1617 2409,1577 2285,1621 2095,1608 1978,1666 1807,1635 1747,1662"/>
                <Baseline points="1758,1710 1814,1703 1870,1697 1926,1690 1982,1685 2039,1680 2095,1677 2151,1673 2207,1669 2263,1665 2320,1662 2376,1659 2432,1656 2488,1653 2544,1650 2601,1647 2657,1643 2713,1640 2769,1637 2825,1631 2882,1626"/>
                <TextEquiv>
                    <Unicode>und durch die gättel vögt mit rutten</Unicode>
                </TextEquiv>
            </TextLine>
            <TextLine id="r2l17" custom="readingOrder {index:16;}">
                <Coords points="1839,1816 1918,1789 1952,1811 1988,1769 2033,1796 2080,1763 2272,1753 2295,1769 2320,1751 2315,1687 2280,1684 2136,1723 2081,1690 1997,1686 1961,1709 1938,1690 1916,1707 1891,1691 1833,1733"/>
                <Baseline points="1844,1782 1870,1778 1896,1773 1922,1770 1948,1767 1974,1764 2000,1762 2026,1760 2052,1757 2078,1757 2104,1754 2130,1754 2156,1752 2182,1751 2208,1751 2234,1749 2260,1749 2286,1748 2312,1748"/>
                <TextEquiv>
                    <Unicode>gehüchtiget worden.</Unicode>
                </TextEquiv>
            </TextLine>
            <TextLine id="r2l18" custom="readingOrder {index:17;}">
                <Coords points="1870,1865 1880,1861 1883,1864 1886,1861 1887,1863 1906,1849 1915,1853 1932,1848 1918,1792 1905,1795 1895,1790 1890,1796 1884,1794 1876,1801 1854,1800"/>
                <Baseline points="1874,1850 1922,1838"/>
                <TextEquiv>
                    <Unicode></Unicode>
                </TextEquiv>
            </TextLine>
            <TextLine id="r2l19" custom="readingOrder {index:18;} person {offset:0; length:13;}">
                <Coords points="1967,2129 2183,2109 2246,2146 2332,2099 2417,2121 2605,2111 2604,2048 2565,2057 2379,2004 2310,2028 2261,1986 2182,2042 2102,2012 2041,2060 1966,2031"/>
                <Baseline points="1974,2111 2005,2111 2036,2109 2067,2109 2098,2108 2129,2107 2160,2106 2192,2106 2223,2105 2254,2104 2285,2103 2316,2103 2347,2102 2378,2102 2410,2102 2441,2102 2472,2103 2503,2104 2534,2105 2565,2106 2597,2108"/>
                <TextEquiv>
                    <Unicode>Saia Portemer</Unicode>
                </TextEquiv>
            </TextLine>
            <TextLine id="r2l20" custom="readingOrder {index:19;} place {offset:4; length:7;}">
                <Coords points="1967,2209 2183,2172 2264,2219 2306,2203 2364,2226 2429,2194 2538,2218 2538,2152 2397,2108 2315,2151 2196,2149 2144,2106 2049,2116 2005,2145 1968,2136"/>
                <Baseline points="1974,2180 2001,2179 2029,2178 2057,2177 2085,2177 2113,2177 2141,2175 2168,2175 2196,2175 2224,2175 2252,2175 2280,2175 2308,2175 2336,2175 2363,2177 2391,2177 2419,2178 2447,2179 2475,2181 2503,2183 2531,2184"/>
                <TextEquiv>
                    <Unicode>von Jaggwyl</Unicode>
                </TextEquiv>
            </TextLine>
            <TextLine id="r2l21" custom="readingOrder {index:20;} date {offset:15; length:14;}">
                <Coords points="1788,2363 1875,2380 2008,2338 2215,2360 2256,2397 2546,2369 2763,2410 2824,2391 2828,2329 2710,2327 2603,2273 2365,2305 1933,2236 1792,2293"/>
                <Baseline points="1797,2336 1848,2337 1899,2339 1950,2340 2001,2343 2052,2346 2103,2348 2154,2352 2205,2354 2256,2358 2307,2361 2358,2364 2409,2367 2460,2370 2511,2373 2562,2375 2613,2378 2664,2381 2715,2382 2766,2385 2817,2385"/>
                <TextEquiv>
                    <Unicode>dieselb ist ddes 11. jan 168 wege3</Unicode>
                </TextEquiv>
            </TextLine>
            <TextLine id="r2l22" custom="readingOrder {index:21;}">
                <Coords points="1758,2449 2147,2436 2312,2498 2489,2446 2606,2491 2917,2476 2919,2442 2812,2394 2738,2434 2682,2396 2393,2403 2337,2368 2146,2413 2061,2353 1845,2385 1764,2353"/>
                <Baseline points="1767,2417 1824,2418 1881,2420 1938,2421 1995,2424 2052,2427 2109,2430 2167,2433 2224,2436 2281,2439 2338,2443 2395,2447 2452,2450 2509,2454 2567,2458 2624,2460 2681,2463 2738,2467 2795,2470 2852,2472 2910,2474"/>
                <TextEquiv>
                    <Unicode>erübten betrugs und daß sy ir n</Unicode>
                </TextEquiv>
            </TextLine>
            <TextLine id="r2l23" custom="readingOrder {index:22;}">
                <Coords points="1810,2506 2069,2504 2131,2568 2181,2528 2510,2552 2559,2600 2678,2554 2865,2588 2873,2482 2774,2513 2561,2452 2414,2506 2197,2441 2109,2489 2051,2444 1813,2464"/>
                <Baseline points="1818,2498 1870,2500 1922,2503 1974,2505 2026,2508 2078,2511 2130,2515 2182,2517 2234,2522 2286,2524 2338,2529 2390,2532 2442,2536 2494,2540 2546,2543 2598,2547 2650,2552 2702,2557 2754,2561 2806,2566 2859,2571"/>
                <TextEquiv>
                    <Unicode>ehelich erzüget kndt affinelich nit</Unicode>
                </TextEquiv>
            </TextLine>
            <TextLine id="r2l24" custom="readingOrder {index:23;}">
                <Coords points="1768,2598 1895,2586 2013,2641 2290,2612 2488,2671 2609,2637 2681,2680 2816,2661 2820,2603 2688,2555 2574,2610 2511,2553 2359,2578 2299,2527 2139,2559 2044,2500 1772,2542"/>
                <Baseline points="1776,2586 1827,2586 1879,2587 1930,2588 1982,2591 2034,2593 2085,2597 2137,2600 2188,2603 2240,2607 2292,2612 2343,2615 2395,2621 2446,2625 2498,2630 2550,2635 2601,2639 2653,2643 2704,2648 2756,2652 2808,2655"/>
                <TextEquiv>
                    <Unicode>den rachten, sonder s dem Läzen</Unicode>
                </TextEquiv>
            </TextLine>
            <TextLine id="r2l25" custom="readingOrder {index:24;}">
                <Coords points="1803,2679 2925,2765 2905,2697 2585,2708 2417,2629 2268,2667 2118,2616 1987,2666 1810,2595"/>
                <Baseline points="1812,2667 1867,2670 1922,2674 1978,2678 2033,2683 2088,2686 2144,2691 2199,2696 2254,2700 2310,2704 2365,2709 2420,2714 2476,2718 2531,2723 2586,2726 2642,2731 2697,2735 2752,2739 2808,2742 2863,2746 2919,2750"/>
                <TextEquiv>
                    <Unicode>vatter Boßhaffter wyß zu eignen wolten</Unicode>
                </TextEquiv>
            </TextLine>
            <TextLine id="r2l26" custom="readingOrder {index:25;}">
                <Coords points="1787,2789 2008,2778 2156,2841 2324,2791 2724,2879 2932,2849 2937,2784 2833,2761 2700,2813 2590,2734 2107,2764 2070,2720 1983,2741 1796,2673"/>
                <Baseline points="1797,2759 1853,2762 1909,2766 1966,2770 2022,2774 2079,2779 2135,2784 2191,2790 2248,2795 2304,2800 2361,2805 2417,2810 2473,2815 2530,2820 2586,2825 2643,2829 2699,2832 2755,2835 2812,2838 2868,2840 2925,2841"/>
                <TextEquiv>
                    <Unicode>hwo stunden lanh ans kalßsster gestelt</Unicode>
                </TextEquiv>
            </TextLine>
            <TextLine id="r2l27" custom="readingOrder {index:26;}">
                <Coords points="1737,2871 2190,2893 2406,2978 2501,2924 2913,2981 2924,2880 2697,2899 2580,2840 2529,2876 2330,2791 2215,2861 2084,2795 2018,2827 1747,2773"/>
                <Baseline points="1746,2850 1804,2850 1862,2850 1920,2853 1978,2856 2036,2861 2094,2867 2153,2873 2211,2880 2269,2887 2327,2894 2385,2902 2443,2909 2501,2916 2560,2924 2618,2930 2676,2935 2734,2940 2792,2945 2850,2948 2909,2949"/>
                <TextEquiv>
                    <Unicode>Sendhareit meingklich zim eremsel</Unicode>
                </TextEquiv>
            </TextLine>
            <TextLine id="r2l28" custom="readingOrder {index:27;}">
                <Coords points="1790,2986 1841,2966 1922,2985 1980,2948 2021,2977 2098,2967 2143,2987 2193,2979 2268,2996 2273,2944 2227,2906 2146,2930 2057,2881 1989,2905 1956,2875 1913,2894 1852,2856 1801,2889"/>
                <Baseline points="1803,2930 1828,2931 1854,2933 1879,2934 1905,2937 1930,2940 1956,2942 1981,2945 2007,2948 2032,2950 2058,2954 2083,2957 2109,2960 2134,2963 2160,2966 2185,2968 2211,2971 2236,2972 2262,2975"/>
                <TextEquiv>
                    <Unicode>abgestrafft worden.</Unicode>
                </TextEquiv>
            </TextLine>
            <TextEquiv>
                <Unicode>Lynlachen 1 tischlachen 1 Hembli 3 ud
en 
gen gelachte
Märigker gehört und uß von gesagtem
Läder gemacht 1 Stükli Läßer t magen
u
Wat disen habeit sy unzt wyters
bekantlich sein wellen und bedüret sy sich
sners mit zugryffen nit vergesten beflit
sottend trungenlich Hattt, vnd ein gnedige

oberkeit umb gnad und vezgehung, das
sy sich fürthin beßeren uond ehrlich
arkeit be flyßer frellintn
Den 8. jenner 1618 sind sy liberiort.
und durch die gättel vögt mit rutten
gehüchtiget worden.

Saia Portemer
von Jaggwyl
dieselb ist ddes 11. jan 168 wege3
erübten betrugs und daß sy ir n
ehelich erzüget kndt affinelich nit
den rachten, sonder s dem Läzen
vatter Boßhaffter wyß zu eignen wolten
hwo stunden lanh ans kalßsster gestelt
Sendhareit meingklich zim eremsel
abgestrafft worden.</Unicode>
            </TextEquiv>
        </TextRegion>
        <TextRegion orientation="0.0" id="r3" custom="readingOrder {index:2;}">
            <Coords points="2889,31 2889,191 2963,191 2963,31"/>
            <TextLine id="r3l1" custom="readingOrder {index:0;}">
                <Coords points="2884,161 2898,160 2906,152 2912,154 2931,145 2936,149 2949,147 2954,150 2963,142 2972,141 2964,79 2948,83 2942,90 2918,88 2895,115 2878,120"/>
                <Baseline points="2889,141 2926,136 2963,131"/>
                <TextEquiv>
                    <Unicode>18</Unicode>
                </TextEquiv>
            </TextLine>
            <TextEquiv>
                <Unicode>18</Unicode>
            </TextEquiv>
        </TextRegion>
    </Page>
</PcGts>
