<?xml version="1.0" encoding="UTF-8" standalone="yes"?>
<PcGts xmlns="http://schema.primaresearch.org/PAGE/gts/pagecontent/2013-07-15" xmlns:xsi="http://www.w3.org/2001/XMLSchema-instance" xsi:schemaLocation="http://schema.primaresearch.org/PAGE/gts/pagecontent/2013-07-15 http://schema.primaresearch.org/PAGE/gts/pagecontent/2013-07-15/pagecontent.xsd">
    <Metadata>
        <Creator>prov=University of Rostock/Institute of Mathematics/CITlab|PLANET AI GmbH/Gundram Leifert/gundram.leifert@planet-ai.de:name=German_Kurrent_XVI-XVIII_M1(htr_id=19584)::::v=2.6.7
prov=University of Rostock/Institute of Mathematics/CITlab|PLANET AI GmbH/Tobias Gruening/tobias.gruening@planet-ai.de:name=de.uros.citlab.module.baseline2polygon.B2PSeamMultiOriented:v=2.6.7
prov=READ-COOP:name=PyLaia@TranskribusPlatform:version=0.3.1:model_id=26190:lm=none:date=10_10_2020_11:04
prov=READ-Coop:name=PyLaia@Transkribus:version=0.3.1:model_id=26190:lm=none:date=10_10_2020_11:04
prov=University of Rostock/Institute of Mathematics/CITlab|PLANET AI GmbH/Tobias Gruening/tobias.gruening@planet-ai.de:name=de.uros.citlab.module.baseline2polygon.B2PSeamMultiOriented:v=2.6.6</Creator>
        <Created>2020-10-10T09:26:35.050+02:00</Created>
        <LastChange>2022-09-09T15:22:52.398+02:00</LastChange>
        <TranskribusMetadata docId="1334826" pageId="52360269" pageNr="3" tsid="114642028" status="IN_PROGRESS" userId="9570" imgUrl="https://files.transkribus.eu/Get?id=STQATWYYXTVSNTOZXOLQUFKT&amp;fileType=view" xmlUrl="https://files.transkribus.eu/Get?id=UELEKYUGKWGMGLWCOAVCEEGM" imageId="16417136"/>
    </Metadata>
    <Page imageFilename="471_2.jpeg" imageWidth="3024" imageHeight="4032">
        <ReadingOrder>
            <OrderedGroup id="ro_1687513750188" caption="Regions reading order">
                <RegionRefIndexed index="0" regionRef="r1"/>
                <RegionRefIndexed index="1" regionRef="r2"/>
            </OrderedGroup>
        </ReadingOrder>
        <TextRegion orientation="0.0" id="r1" custom="readingOrder {index:0;}">
            <Coords points="638,362 638,3487 1652,3487 1652,362"/>
            <TextLine id="r1l1" custom="readingOrder {index:0;}">
                <Coords points="700,395 1171,450 1527,534 1577,591 1601,452 1413,458 1243,380 1182,403 1086,358 970,356 879,287 718,291"/>
                <Baseline points="708,390 751,396 794,399 838,404 881,409 925,414 968,420 1012,425 1055,432 1099,438 1142,445 1185,452 1229,460 1272,469 1316,479 1359,488 1403,499 1446,509 1490,520 1533,533 1577,546"/>
                <TextEquiv>
                    <Unicode>Mndeang  </Unicode>
                </TextEquiv>
            </TextLine>
            <TextLine id="r1l2" custom="readingOrder {index:1;}">
                <Coords points="832,506 869,540 989,514 1034,544 1225,552 1325,607 1423,602 1503,657 1601,629 1610,578 1474,520 848,414"/>
                <Baseline points="843,483 880,484 918,486 955,488 993,491 1031,494 1068,498 1106,502 1144,507 1181,512 1219,517 1257,524 1294,531 1332,539 1370,548 1407,557 1445,567 1483,579 1520,591 1558,603 1596,617"/>
                <TextEquiv>
                    <Unicode>ste ng wechtichen</Unicode>
                </TextEquiv>
            </TextLine>
            <TextLine id="r1l3" custom="readingOrder {index:2;}">
                <Coords points="685,677 827,639 954,696 1172,683 1229,723 1292,695 1538,773 1601,769 1616,664 1551,694 1455,619 1347,601 1290,638 1054,579 932,603 708,509"/>
                <Baseline points="699,626 743,630 788,637 833,642 878,647 923,652 967,657 1012,662 1057,667 1102,673 1147,678 1191,684 1236,690 1281,696 1326,703 1371,711 1415,719 1460,727 1505,737 1550,747 1595,759"/>
                <TextEquiv>
                    <Unicode>dieselbe zeigt an, daß nach zr vatter</Unicode>
                </TextEquiv>
            </TextLine>
            <TextLine id="r1l4" custom="readingOrder {index:3;}">
                <Coords points="711,709 784,757 842,723 1112,771 1222,753 1334,811 1387,788 1636,865 1647,791 1341,737 1296,699 1198,722 1099,683 720,650"/>
                <Baseline points="720,701 765,705 811,710 856,714 902,719 948,724 993,729 1039,735 1084,741 1130,747 1176,753 1221,760 1267,768 1312,776 1358,783 1404,792 1449,801 1495,811 1540,819 1586,830 1632,840"/>
                <TextEquiv>
                    <Unicode>alhier deßgerißen, Er, vnd die muter,</Unicode>
                </TextEquiv>
            </TextLine>
            <TextLine id="r1l5" custom="readingOrder {index:4;} place {offset:7; length:7;} place {offset:18; length:14;}">
                <Coords points="717,774 841,844 911,804 967,846 1048,810 1636,926 1644,869 1515,814 1424,820 1385,785 1210,804 1030,732 992,754 842,724 771,758 724,721"/>
                <Baseline points="723,785 768,786 813,790 859,793 904,797 950,801 995,804 1041,809 1086,815 1132,819 1177,825 1222,831 1268,838 1313,844 1359,852 1404,860 1450,868 1495,878 1541,886 1586,896 1632,906"/>
                <TextEquiv>
                    <Unicode>sya zu Söteles im Margraffenland</Unicode>
                </TextEquiv>
            </TextLine>
            <TextLine id="r1l6" custom="readingOrder {index:5;}">
                <Coords points="686,867 1268,914 1395,986 1459,960 1634,996 1643,926 1469,907 1399,863 1316,874 1279,840 1210,867 1027,814 959,848 742,798 692,820"/>
                <Baseline points="693,860 739,863 786,865 833,869 880,872 927,875 973,879 1020,884 1067,888 1114,894 1161,899 1207,905 1254,911 1301,918 1348,925 1395,933 1441,943 1488,951 1535,961 1582,971 1629,981"/>
                <TextEquiv>
                    <Unicode>by einer frouwen, da sy gedienet an¬</Unicode>
                </TextEquiv>
            </TextLine>
            <TextLine id="r1l7" custom="readingOrder {index:6;}">
                <Coords points="694,966 976,957 1110,979 1160,1026 1215,993 1242,1021 1366,1011 1524,1069 1603,1051 1637,1086 1654,991 1393,987 1181,915 1070,940 1025,891 963,925 883,870 701,914"/>
                <Baseline points="705,939 751,942 798,945 844,948 891,951 938,956 984,960 1031,965 1078,969 1124,974 1171,979 1218,985 1264,991 1311,998 1358,1006 1404,1012 1451,1021 1498,1028 1544,1038 1591,1047 1638,1058"/>
                <TextEquiv>
                    <Unicode>getroffen, sya daselbstes hinweg gefürt</Unicode>
                </TextEquiv>
            </TextLine>
            <TextLine id="r1l8" custom="readingOrder {index:7;}">
                <Coords points="631,1013 1419,1115 1455,1093 1592,1145 1627,1099 1365,1011 1206,1037 1103,977 1026,1000 885,958 811,993 638,954"/>
                <Baseline points="638,1010 686,1013 735,1017 784,1020 833,1025 882,1028 931,1032 980,1037 1029,1042 1078,1047 1127,1053 1175,1059 1224,1065 1273,1071 1322,1079 1371,1086 1420,1094 1469,1102 1518,1111 1567,1120 1616,1131"/>
                <TextEquiv>
                    <Unicode>und mit einanderen ob sich gezogen.</Unicode>
                </TextEquiv>
            </TextLine>
            <TextLine id="r1l9" custom="readingOrder {index:8;}">
                <Coords points="676,1145 968,1162 1065,1130 1190,1197 1291,1207 1393,1161 1472,1210 1633,1221 1642,1132 1504,1137 1454,1093 1401,1122 1314,1085 1186,1120 1148,1081 1112,1109 991,1092 923,1038 688,1036"/>
                <Baseline points="687,1109 736,1110 785,1112 835,1114 884,1117 934,1119 983,1122 1032,1125 1082,1129 1131,1133 1181,1137 1230,1143 1280,1149 1329,1156 1378,1162 1428,1171 1477,1179 1527,1188 1576,1200 1626,1211"/>
                <TextEquiv>
                    <Unicode>habeit aber auch niemand niit nit</Unicode>
                </TextEquiv>
            </TextLine>
            <TextLine id="r1l10" custom="readingOrder {index:9;}">
                <Coords points="707,1218 748,1203 758,1212 773,1204 812,1236 841,1223 866,1199 928,1215 930,1156 906,1165 881,1144 865,1155 848,1150 826,1160 778,1144 755,1145 737,1128 711,1127"/>
                <Baseline points="716,1188 741,1187 767,1187 792,1188 818,1188 844,1190 869,1191 895,1193 921,1196"/>
                <TextEquiv>
                    <Unicode>tragen</Unicode>
                </TextEquiv>
            </TextLine>
            <TextLine id="r1l11" custom="readingOrder {index:10;}">
                <Coords points="848,1314 1107,1307 1158,1339 1349,1327 1492,1381 1545,1360 1586,1391 1628,1376 1632,1286 1459,1295 1347,1246 1254,1262 1203,1228 1149,1248 1006,1225 935,1248 900,1214 855,1231"/>
                <Baseline points="858,1287 896,1292 934,1296 972,1298 1010,1301 1049,1305 1087,1307 1125,1310 1163,1311 1201,1314 1240,1317 1278,1320 1316,1323 1354,1326 1392,1330 1431,1334 1469,1337 1507,1342 1545,1348 1583,1353 1622,1359"/>
                <TextEquiv>
                    <Unicode>Pditet auch Gott und ein gnedige</Unicode>
                </TextEquiv>
            </TextLine>
            <TextLine id="r1l12" custom="readingOrder {index:11;}">
                <Coords points="903,1388 966,1418 1044,1370 1121,1367 1173,1406 1246,1397 1307,1426 1465,1416 1489,1443 1521,1423 1523,1384 1422,1337 1231,1322 1152,1338 1039,1304 908,1320"/>
                <Baseline points="912,1361 942,1362 972,1362 1002,1364 1032,1365 1062,1367 1092,1370 1123,1371 1153,1373 1183,1376 1213,1378 1243,1380 1273,1383 1303,1386 1334,1389 1364,1391 1394,1393 1424,1395 1454,1397 1484,1400 1515,1401"/>
                <TextEquiv>
                    <Unicode>oberkeit umb verzychung</Unicode>
                </TextEquiv>
            </TextLine>
            <TextLine id="r1l13" custom="readingOrder {index:12;} date {offset:0; length:19;}">
                <Coords points="667,1509 1635,1544 1637,1492 1524,1459 1101,1461 934,1419 895,1447 811,1408 670,1431"/>
                <Baseline points="675,1490 722,1494 770,1496 818,1499 865,1502 913,1504 961,1506 1008,1508 1056,1511 1104,1513 1152,1515 1199,1517 1247,1518 1295,1520 1342,1522 1390,1524 1438,1526 1485,1527 1533,1529 1581,1530 1629,1532"/>
                <TextEquiv>
                    <Unicode>den 26. aug 1697. ist sy biß uf gnad uns</Unicode>
                </TextEquiv>
            </TextLine>
            <TextLine id="r1l14" custom="readingOrder {index:13;} place {offset:0; length:12;}">
                <Coords points="712,1574 792,1587 840,1554 966,1589 1084,1587 1123,1624 1228,1625 1341,1582 1428,1605 1448,1551 1411,1531 1298,1551 1223,1516 1139,1544 1030,1507 968,1538 715,1485"/>
                <Baseline points="720,1560 756,1560 792,1560 828,1562 864,1562 900,1563 936,1565 972,1566 1008,1567 1044,1568 1080,1571 1116,1572 1152,1574 1188,1575 1224,1576 1260,1577 1296,1579 1332,1580 1368,1580 1404,1581 1440,1581"/>
                <TextEquiv>
                    <Unicode>sehallenwerk gethat worfen.</Unicode>
                </TextEquiv>
            </TextLine>
            <TextLine id="r1l15" custom="readingOrder {index:14;}">
                <Coords points="1305,1656 1314,1655 1344,1675 1352,1673 1345,1603 1326,1605 1315,1597 1299,1597"/>
                <Baseline points="1314,1665 1343,1662"/>
                <TextEquiv>
                    <Unicode></Unicode>
                </TextEquiv>
            </TextLine>
            <TextLine id="r1l16" custom="readingOrder {index:15;} person {offset:0; length:12;} person {offset:18; length:4;}">
                <Coords points="786,1699 907,1735 1382,1729 1497,1768 1589,1729 1590,1687 1554,1692 1496,1641 1435,1679 1097,1640 1028,1673 899,1627 786,1683"/>
                <Baseline points="792,1719 831,1716 870,1712 910,1710 949,1709 989,1709 1028,1709 1068,1710 1107,1712 1147,1713 1186,1715 1225,1718 1265,1720 1304,1722 1344,1725 1383,1727 1423,1729 1462,1731 1502,1733 1541,1734 1581,1734"/>
                <TextEquiv>
                    <Unicode>risten Mangs dohn Hans</Unicode>
                </TextEquiv>
            </TextLine>
            <TextLine id="r1l17" custom="readingOrder {index:16;}">
                <Coords points="805,1828 882,1835 958,1784 1029,1814 1140,1789 1248,1835 1303,1806 1410,1835 1453,1811 1505,1848 1548,1819 1588,1831 1589,1762 1072,1718 964,1750 806,1736"/>
                <Baseline points="813,1790 851,1787 889,1785 928,1784 966,1782 1005,1782 1043,1782 1081,1782 1120,1783 1158,1784 1197,1785 1235,1785 1273,1787 1312,1788 1350,1788 1389,1790 1427,1791 1465,1793 1504,1793 1542,1793 1581,1794"/>
                <TextEquiv>
                    <Unicode>gensampt ein junger 12 järigen</Unicode>
                </TextEquiv>
            </TextLine>
            <TextLine id="r1l18" custom="readingOrder {index:17;}">
                <Coords points="1083,1887 1174,1923 1250,1869 1299,1894 1330,1885 1350,1905 1399,1879 1513,1911 1569,1902 1573,1850 1487,1843 1452,1813 1417,1835 1333,1816 1259,1844 1188,1795 1136,1789 1089,1808"/>
                <Baseline points="1092,1862 1118,1862 1144,1862 1170,1862 1196,1863 1222,1863 1249,1865 1275,1866 1301,1869 1327,1872 1353,1874 1379,1877 1406,1880 1432,1881 1458,1884 1484,1886 1510,1887 1536,1889 1563,1890"/>
                <TextEquiv>
                    <Unicode>bg</Unicode>
                </TextEquiv>
            </TextLine>
            <TextLine id="r1l19" custom="readingOrder {index:18;}">
                <Coords points="710,2054 1639,2057 1638,1984 1477,1983 1425,1944 1361,1981 1186,1950 1115,1992 980,1962 842,2011 710,2007"/>
                <Baseline points="717,2054 762,2052 808,2051 854,2049 900,2048 945,2048 991,2046 1037,2046 1083,2045 1128,2045 1174,2045 1220,2043 1266,2043 1311,2043 1357,2043 1403,2043 1449,2043 1494,2043 1540,2043 1586,2043 1632,2043"/>
                <TextEquiv>
                    <Unicode>ihen gibt für verschi ußzeit ein</Unicode>
                </TextEquiv>
            </TextLine>
            <TextLine id="r1l20" custom="readingOrder {index:19;}">
                <Coords points="691,2118 1003,2142 1164,2114 1202,2150 1443,2110 1653,2131 1652,2084 1451,2048 691,2081"/>
                <Baseline points="698,2121 745,2121 792,2120 840,2120 887,2118 935,2117 982,2115 1029,2114 1077,2114 1124,2112 1172,2111 1219,2111 1266,2110 1314,2109 1361,2109 1409,2109 1456,2109 1503,2109 1551,2111 1598,2111 1646,2112"/>
                <TextEquiv>
                    <Unicode>Jar gsie syse, das sein vaftehr einem</Unicode>
                </TextEquiv>
            </TextLine>
            <TextLine id="r1l21" custom="readingOrder {index:20;} place {offset:8; length:5;}">
                <Coords points="685,2225 772,2199 940,2241 1074,2186 1213,2227 1540,2182 1615,2230 1614,2134 1444,2111 1204,2152 1163,2114 1057,2115 983,2161 808,2113 683,2129"/>
                <Baseline points="692,2201 737,2198 783,2196 829,2194 875,2192 920,2190 966,2189 1012,2187 1058,2187 1103,2186 1149,2186 1195,2184 1241,2184 1286,2184 1332,2183 1378,2183 1424,2183 1469,2183 1515,2183 1561,2183 1607,2181"/>
                <TextEquiv>
                    <Unicode>D es zu Haßli etlich hußkäßtli</Unicode>
                </TextEquiv>
            </TextLine>
            <TextLine id="r1l22" custom="readingOrder {index:21;}">
                <Coords points="652,2294 1007,2275 1071,2310 1109,2270 1250,2289 1350,2253 1417,2299 1502,2256 1659,2273 1658,2221 1537,2183 1073,2235 903,2213 869,2244 774,2201 705,2230 649,2203"/>
                <Baseline points="659,2285 708,2282 758,2278 807,2274 857,2272 907,2269 956,2267 1006,2264 1056,2262 1105,2261 1155,2259 1205,2258 1254,2256 1304,2255 1354,2255 1403,2255 1453,2255 1503,2255 1552,2255 1602,2255 1652,2256"/>
                <TextEquiv>
                    <Unicode>dß einum Kellern genömen, stege denen</Unicode>
                </TextEquiv>
            </TextLine>
            <TextLine id="r1l23" custom="readingOrder {index:22;} place {offset:29; length:10;}">
                <Coords points="713,2396 973,2351 1039,2381 1087,2345 1176,2380 1298,2338 1383,2375 1413,2342 1528,2334 1587,2377 1657,2358 1654,2270 1618,2263 1507,2311 1444,2277 1408,2302 1356,2258 1268,2311 1197,2284 1049,2320 901,2280 710,2307"/>
                <Baseline points="719,2360 765,2357 812,2355 858,2353 905,2351 951,2348 998,2346 1044,2345 1091,2343 1137,2342 1184,2340 1230,2339 1277,2337 1323,2336 1370,2336 1416,2334 1463,2334 1509,2333 1556,2333 1602,2333 1649,2331"/>
                <TextEquiv>
                    <Unicode>ehr etlich in einem sack gan undersewen</Unicode>
                </TextEquiv>
            </TextLine>
            <TextLine id="r1l24" custom="readingOrder {index:23;}">
                <Coords points="709,2469 891,2448 948,2492 1064,2422 1329,2454 1434,2419 1556,2453 1633,2430 1631,2388 1552,2347 1467,2375 1413,2341 1281,2386 1122,2351 1068,2398 1022,2374 972,2413 894,2373 838,2415 707,2401"/>
                <Baseline points="716,2459 761,2453 806,2448 852,2443 897,2439 943,2436 988,2433 1034,2430 1079,2429 1125,2427 1170,2426 1215,2424 1261,2423 1306,2423 1352,2421 1397,2420 1443,2418 1488,2418 1534,2416 1579,2415 1625,2412"/>
                <TextEquiv>
                    <Unicode>die ubrigen aber sein vatter dahen</Unicode>
                </TextEquiv>
            </TextLine>
            <TextLine id="r1l25" custom="readingOrder {index:24;}">
                <Coords points="724,2590 849,2533 923,2561 1000,2505 1120,2544 1152,2509 1256,2499 1346,2530 1384,2498 1533,2500 1582,2528 1633,2502 1630,2433 1100,2439 948,2492 904,2458 786,2456 719,2500"/>
                <Baseline points="728,2540 772,2535 817,2531 862,2526 907,2523 952,2519 997,2516 1042,2512 1087,2509 1132,2507 1177,2505 1221,2504 1266,2501 1311,2499 1356,2498 1401,2497 1446,2495 1491,2493 1536,2493 1581,2491 1626,2490"/>
                <TextEquiv>
                    <Unicode>getragen habe, wüße aber nit wie</Unicode>
                </TextEquiv>
            </TextLine>
            <TextLine id="r1l26" custom="readingOrder {index:25;}">
                <Coords points="680,2648 817,2613 889,2665 1037,2611 1150,2636 1190,2609 1247,2620 1317,2595 1312,2506 1259,2500 1190,2532 1164,2513 1120,2544 1000,2505 915,2566 862,2539 759,2595 721,2572 677,2601"/>
                <Baseline points="686,2624 717,2618 748,2614 779,2611 810,2607 842,2605 873,2602 904,2600 935,2598 966,2597 998,2595 1029,2594 1060,2593 1091,2592 1122,2591 1154,2590 1185,2589 1216,2588 1247,2585 1278,2583 1310,2582"/>
                <TextEquiv>
                    <Unicode>nalchen es shin syeß,</Unicode>
                </TextEquiv>
            </TextLine>
            <TextLine id="r1l27" custom="readingOrder {index:26;}">
                <Coords points="736,2751 768,2738 786,2751 795,2745 825,2746 839,2758 848,2751 855,2757 876,2755 881,2656 865,2653 811,2662 795,2677 782,2674 761,2654 740,2659"/>
                <Baseline points="744,2735 769,2736 794,2738 819,2738 844,2739 870,2741"/>
                <TextEquiv>
                    <Unicode>alss</Unicode>
                </TextEquiv>
            </TextLine>
            <TextLine id="r1l28" custom="readingOrder {index:27;} place {offset:19; length:12;}">
                <Coords points="682,2817 1293,2729 1638,2735 1632,2637 1468,2674 1352,2647 1186,2702 960,2692 889,2753 819,2762 674,2735"/>
                <Baseline points="687,2796 734,2792 781,2787 828,2783 876,2778 923,2773 970,2769 1017,2763 1065,2757 1112,2753 1159,2748 1206,2744 1254,2739 1301,2735 1348,2731 1395,2727 1443,2723 1490,2720 1537,2717 1584,2715 1632,2712"/>
                <TextEquiv>
                    <Unicode>Item syn Vatter im Grindelwaldt</Unicode>
                </TextEquiv>
            </TextLine>
            <TextLine id="r1l29" custom="readingOrder {index:28;}">
                <Coords points="709,2881 827,2897 1010,2834 1627,2789 1623,2717 1481,2755 1355,2731 1314,2758 1124,2755 1069,2794 938,2761 876,2810 837,2788 759,2843 703,2831"/>
                <Baseline points="714,2871 759,2865 804,2861 850,2855 895,2849 941,2845 986,2840 1031,2836 1077,2831 1122,2826 1168,2822 1213,2817 1258,2812 1304,2808 1349,2803 1395,2798 1440,2792 1485,2786 1531,2781 1576,2774 1622,2768"/>
                <TextEquiv>
                    <Unicode>einech Pfuren, so sich Zeinzen nambsetz</Unicode>
                </TextEquiv>
            </TextLine>
            <TextLine id="r1l30" custom="readingOrder {index:29;} person {offset:34; length:4;}">
                <Coords points="697,3001 836,2941 897,2981 990,2929 1120,2954 1171,2911 1345,2873 1645,2866 1636,2789 1583,2779 1331,2843 1176,2827 1107,2867 1028,2834 960,2887 685,2895"/>
                <Baseline points="699,2958 745,2949 792,2942 839,2936 886,2928 933,2923 979,2917 1026,2912 1073,2906 1120,2901 1167,2896 1213,2891 1260,2887 1307,2881 1354,2877 1401,2872 1447,2866 1494,2862 1541,2856 1588,2850 1635,2844"/>
                <TextEquiv>
                    <Unicode>Jo ein spychen geprochen, habe er Jans</Unicode>
                </TextEquiv>
            </TextLine>
            <TextLine id="r1l31" custom="readingOrder {index:30;}">
                <Coords points="708,3051 868,3029 958,3057 1042,2994 1212,3000 1279,2967 1426,3003 1477,2957 1638,2945 1630,2873 1448,2904 1345,2872 1222,2948 939,2944 897,2981 839,2944 702,2998"/>
                <Baseline points="714,3033 759,3026 805,3019 851,3013 897,3006 942,3000 988,2995 1034,2988 1080,2984 1125,2978 1171,2974 1217,2969 1263,2965 1308,2959 1354,2955 1400,2950 1446,2946 1491,2942 1537,2937 1583,2934 1629,2928"/>
                <TextEquiv>
                    <Unicode>mit sich genammen, mit fürgeben, er</Unicode>
                </TextEquiv>
            </TextLine>
            <TextLine id="r1l32" custom="readingOrder {index:31;}">
                <Coords points="693,3137 788,3161 826,3117 1016,3079 1432,3062 1648,3006 1620,2944 1496,2987 1456,2970 1427,3003 1341,2972 1228,3018 1117,2978 957,3057 848,3029 685,3070"/>
                <Baseline points="699,3128 746,3119 793,3112 840,3103 887,3096 934,3090 981,3083 1028,3077 1075,3071 1122,3065 1170,3060 1217,3053 1264,3048 1311,3043 1358,3038 1405,3032 1452,3027 1499,3022 1546,3017 1593,3012 1641,3006"/>
                <TextEquiv>
                    <Unicode>dahin gaz arbeiten welche, hiemit den</Unicode>
                </TextEquiv>
            </TextLine>
            <TextLine id="r1l33" custom="readingOrder {index:32;}">
                <Coords points="710,3216 858,3196 920,3238 958,3188 1246,3129 1430,3164 1535,3097 1596,3127 1632,3104 1624,3044 1574,3061 1498,3029 1432,3062 1276,3046 1061,3078 1003,3121 885,3109 783,3175 700,3143"/>
                <Baseline points="717,3210 762,3202 807,3194 852,3187 898,3180 943,3174 988,3166 1033,3159 1079,3154 1124,3148 1169,3142 1214,3137 1260,3131 1305,3125 1350,3119 1395,3113 1441,3108 1486,3103 1531,3096 1576,3090 1622,3084"/>
                <TextEquiv>
                    <Unicode>wreklezüg uf dem Rukel getragen,</Unicode>
                </TextEquiv>
            </TextLine>
            <TextLine id="r1l34" custom="readingOrder {index:33;}">
                <Coords points="714,3319 1019,3252 1100,3280 1137,3235 1293,3234 1460,3178 1546,3217 1645,3148 1639,3108 1534,3098 1430,3163 1314,3132 1200,3191 1023,3170 928,3225 870,3203 700,3228"/>
                <Baseline points="717,3293 763,3286 809,3279 855,3272 901,3266 947,3260 993,3253 1039,3247 1085,3240 1131,3234 1177,3228 1223,3221 1269,3215 1315,3208 1361,3201 1407,3193 1453,3186 1499,3178 1545,3170 1591,3161 1638,3152"/>
                <TextEquiv>
                    <Unicode>söliches aber hernach Jheiner schureh</Unicode>
                </TextEquiv>
            </TextLine>
            <TextLine id="r1l35" custom="readingOrder {index:34;}">
                <Coords points="686,3396 872,3367 1061,3391 1266,3302 1391,3336 1487,3260 1642,3250 1629,3168 1545,3217 1349,3211 1133,3237 1092,3281 971,3260 673,3321"/>
                <Baseline points="693,3398 739,3387 786,3378 833,3369 880,3360 927,3352 974,3345 1021,3338 1068,3330 1115,3324 1162,3316 1208,3309 1255,3303 1302,3296 1349,3288 1396,3279 1443,3272 1490,3261 1537,3252 1584,3241 1631,3228"/>
                <TextEquiv>
                    <Unicode>besterkt und ob dem spycher erweütht</Unicode>
                </TextEquiv>
            </TextLine>
            <TextLine id="r1l36" custom="readingOrder {index:35;}">
                <Coords points="709,3489 728,3479 748,3485 785,3463 805,3467 821,3449 851,3450 859,3438 875,3443 899,3434 927,3451 947,3440 934,3369 877,3369 848,3383 830,3407 797,3410 760,3431 731,3416 710,3437 700,3436"/>
                <Baseline points="713,3471 738,3464 763,3457 788,3451 813,3445 838,3440 863,3436 888,3434 913,3432 938,3432"/>
                <TextEquiv>
                    <Unicode>orden.</Unicode>
                </TextEquiv>
            </TextLine>
            <TextEquiv>
                <Unicode>Mndeang  
ste ng wechtichen
dieselbe zeigt an, daß nach zr vatter
alhier deßgerißen, Er, vnd die muter,
sya zu Söteles im Margraffenland
by einer frouwen, da sy gedienet an¬
getroffen, sya daselbstes hinweg gefürt
und mit einanderen ob sich gezogen.
habeit aber auch niemand niit nit
tragen
Pditet auch Gott und ein gnedige
oberkeit umb verzychung
den 26. aug 1697. ist sy biß uf gnad uns
sehallenwerk gethat worfen.

risten Mangs dohn Hans
gensampt ein junger 12 järigen
bg
ihen gibt für verschi ußzeit ein
Jar gsie syse, das sein vaftehr einem
D es zu Haßli etlich hußkäßtli
dß einum Kellern genömen, stege denen
ehr etlich in einem sack gan undersewen
die ubrigen aber sein vatter dahen
getragen habe, wüße aber nit wie
nalchen es shin syeß,
alss
Item syn Vatter im Grindelwaldt
einech Pfuren, so sich Zeinzen nambsetz
Jo ein spychen geprochen, habe er Jans
mit sich genammen, mit fürgeben, er
dahin gaz arbeiten welche, hiemit den
wreklezüg uf dem Rukel getragen,
söliches aber hernach Jheiner schureh
besterkt und ob dem spycher erweütht
orden.</Unicode>
            </TextEquiv>
        </TextRegion>
        <TextRegion orientation="0.0" id="r2" custom="readingOrder {index:1;}">
            <Coords points="1728,220 1728,3398 2933,3398 2933,220"/>
            <TextLine id="r2l1" custom="readingOrder {index:0;}">
                <Coords points="2865,279 2881,271 2890,275 2913,276 2919,282 2941,276 2937,210 2925,212 2901,203 2894,208 2885,206 2876,216 2862,218"/>
                <Baseline points="2870,257 2901,257 2933,254"/>
                <TextEquiv>
                    <Unicode>2</Unicode>
                </TextEquiv>
            </TextLine>
            <TextLine id="r2l2" custom="readingOrder {index:1;}">
                <Coords points="1778,666 2236,540 2888,454 2938,433 2928,374 2737,390 2562,461 2423,434 2370,482 2260,454 2188,507 1754,528"/>
                <Baseline points="1781,642 1838,627 1895,613 1953,601 2010,590 2068,577 2125,567 2183,556 2240,546 2298,536 2355,528 2412,519 2470,509 2527,499 2585,490 2642,481 2700,470 2757,460 2815,450 2872,439 2930,426"/>
                <TextEquiv>
                    <Unicode>Ime habe gemelt sein vatter wie hieuor</Unicode>
                </TextEquiv>
            </TextLine>
            <TextLine id="r2l3" custom="readingOrder {index:2;} person {offset:35; length:4; continued:true;}">
                <Coords points="1786,697 2476,568 2797,548 2926,497 2917,446 2258,536 1780,663"/>
                <Baseline points="1794,699 1850,682 1906,668 1962,654 2018,641 2075,630 2131,619 2187,610 2243,601 2299,593 2356,585 2412,576 2468,569 2524,561 2580,553 2637,544 2693,535 2749,526 2805,515 2861,504 2918,491"/>
                <TextEquiv>
                    <Unicode>voseierseignen bekantnuß zu sechen Hans</Unicode>
                </TextEquiv>
            </TextLine>
            <TextLine id="r2l4" custom="readingOrder {index:3;} person {offset:0; length:8; continued:true;}">
                <Coords points="1761,775 1860,784 1902,736 1989,769 2057,712 2136,755 2184,700 2456,650 2542,698 2583,655 2636,682 2761,585 2907,585 2896,517 2660,579 2134,625 1753,726"/>
                <Baseline points="1767,770 1823,753 1880,739 1936,725 1993,714 2049,702 2106,691 2162,681 2219,672 2275,663 2332,655 2388,647 2445,639 2501,631 2558,623 2614,615 2671,607 2727,599 2784,590 2840,581 2897,572"/>
                <TextEquiv>
                    <Unicode>Nuristes im schoren zweß häfen genommen,</Unicode>
                </TextEquiv>
            </TextLine>
            <TextLine id="r2l5" custom="readingOrder {index:4;}">
                <Coords points="1808,962 1979,864 2718,801 2782,764 2836,797 2911,761 2894,641 2816,715 2648,753 2432,719 1792,848"/>
                <Baseline points="1809,911 1863,895 1918,882 1972,869 2027,859 2081,849 2136,841 2190,834 2245,827 2299,820 2354,815 2409,809 2463,803 2518,797 2572,791 2627,784 2681,776 2736,767 2790,758 2845,746 2900,735"/>
                <TextEquiv>
                    <Unicode>Wei alß er vor etwas zeits nit aaheimbsch</Unicode>
                </TextEquiv>
            </TextLine>
            <TextLine id="r2l6" custom="readingOrder {index:5;}">
                <Coords points="1806,993 2457,863 2592,902 2643,856 2896,806 2885,732 2717,802 2424,804 2346,848 2279,822 2035,892 1979,864 1800,948"/>
                <Baseline points="1812,986 1865,966 1919,950 1973,936 2027,924 2081,913 2134,904 2188,895 2242,888 2296,883 2350,876 2403,871 2457,866 2511,861 2565,854 2619,848 2672,840 2726,832 2780,822 2834,810 2888,797"/>
                <TextEquiv>
                    <Unicode>asin, sonders dem battell nachgehegen</Unicode>
                </TextEquiv>
            </TextLine>
            <TextLine id="r2l7" custom="readingOrder {index:6;} place {offset:27; length:8;}">
                <Coords points="1819,1061 2209,951 2363,973 2465,923 2588,975 2651,911 2776,937 2891,895 2869,827 2787,866 2657,842 2593,900 2400,878 2349,923 2043,923 1811,996"/>
                <Baseline points="1824,1046 1876,1030 1929,1015 1982,1002 2035,990 2088,981 2141,971 2194,964 2247,956 2300,950 2353,944 2405,938 2458,934 2511,929 2564,923 2617,918 2670,914 2723,907 2776,901 2829,894 2882,885"/>
                <TextEquiv>
                    <Unicode>habe sein vatter damals iu Sgrißwyl</Unicode>
                </TextEquiv>
            </TextLine>
            <TextLine id="r2l8" custom="readingOrder {index:7;} place {offset:29; length:8;}">
                <Coords points="1801,1137 1900,1083 2212,1032 2247,1056 2336,1016 2734,987 2879,1023 2869,940 2683,903 2590,974 2461,925 2370,970 2210,951 2085,1019 2000,1004 1793,1071"/>
                <Baseline points="1805,1118 1858,1101 1911,1085 1964,1072 2017,1060 2070,1050 2123,1041 2176,1032 2229,1025 2282,1019 2335,1015 2388,1009 2441,1005 2494,1001 2547,998 2600,994 2653,990 2706,987 2759,982 2812,977 2865,972"/>
                <TextEquiv>
                    <Unicode>mit flfrines kestlers, so iu wünsigen</Unicode>
                </TextEquiv>
            </TextLine>
            <TextLine id="r2l9" custom="readingOrder {index:8;}">
                <Coords points="1791,1203 1906,1162 1957,1201 2089,1116 2328,1151 2460,1084 2562,1083 2670,1135 2761,1075 2894,1059 2779,1002 2531,997 2179,1083 1999,1066 1786,1149"/>
                <Baseline points="1797,1188 1851,1172 1905,1158 1960,1145 2014,1134 2069,1124 2123,1116 2177,1109 2232,1103 2286,1098 2341,1094 2395,1089 2449,1086 2504,1082 2558,1078 2613,1074 2667,1072 2721,1067 2776,1062 2830,1056 2885,1050"/>
                <TextEquiv>
                    <Unicode>unlangst eines erstochen etlich kästen und</Unicode>
                </TextEquiv>
            </TextLine>
            <TextLine id="r2l10" custom="readingOrder {index:9;}">
                <Coords points="1764,1306 1872,1284 1898,1264 1938,1288 1969,1259 2036,1253 2106,1194 2144,1207 2163,1193 2148,1118 2064,1126 2040,1157 2012,1152 1982,1188 1911,1160 1879,1180 1860,1173 1831,1206 1808,1197 1748,1230"/>
                <Baseline points="1763,1268 1789,1264 1815,1258 1841,1253 1867,1247 1894,1242 1920,1236 1946,1231 1972,1224 1998,1218 2025,1213 2051,1208 2077,1203 2103,1198 2129,1194 2156,1190"/>
                <TextEquiv>
                    <Unicode>küch gstele</Unicode>
                </TextEquiv>
            </TextLine>
            <TextLine id="r2l11" custom="readingOrder {index:10;}">
                <Coords points="1960,1366 2049,1317 2238,1317 2278,1283 2875,1268 2887,1216 2754,1227 2680,1167 2631,1210 2532,1189 2451,1245 2356,1208 2232,1269 2132,1227 1951,1270"/>
                <Baseline points="1964,1338 2009,1328 2055,1319 2101,1311 2147,1305 2193,1298 2239,1292 2285,1287 2331,1282 2377,1278 2423,1275 2468,1272 2514,1268 2560,1266 2606,1262 2652,1260 2698,1257 2744,1253 2790,1250 2836,1246 2882,1241"/>
                <TextEquiv>
                    <Unicode>gitet auch abenmeßig strungen</Unicode>
                </TextEquiv>
            </TextLine>
            <TextLine id="r2l12" custom="readingOrder {index:11;}">
                <Coords points="1971,1415 2270,1352 2452,1369 2504,1403 2576,1353 2654,1359 2699,1394 2787,1335 2876,1331 2871,1278 2696,1300 2392,1277 1966,1359"/>
                <Baseline points="1977,1401 2021,1392 2066,1383 2110,1375 2155,1370 2199,1364 2244,1359 2288,1355 2333,1351 2377,1347 2422,1344 2466,1343 2511,1340 2555,1337 2600,1335 2644,1332 2689,1330 2733,1327 2778,1323 2822,1320 2867,1314"/>
                <TextEquiv>
                    <Unicode>lich umbgnad und vzyshung fas</Unicode>
                </TextEquiv>
            </TextLine>
            <TextLine id="r2l13" custom="readingOrder {index:12;}">
                <Coords points="1980,1490 2135,1511 2197,1482 2420,1483 2491,1445 2608,1469 2651,1427 2716,1426 2710,1324 2506,1403 2467,1374 2325,1394 2187,1366 1976,1424"/>
                <Baseline points="1985,1466 2021,1460 2057,1456 2093,1451 2129,1447 2165,1445 2201,1442 2238,1439 2274,1437 2310,1435 2346,1434 2382,1432 2418,1430 2454,1428 2491,1427 2527,1425 2563,1424 2599,1422 2635,1419 2671,1417 2708,1415"/>
                <TextEquiv>
                    <Unicode>er sich beßeren welle </Unicode>
                </TextEquiv>
            </TextLine>
            <TextLine id="r2l14" custom="readingOrder {index:13;}">
                <Coords points="1798,1700 2279,1642 2635,1657 2840,1598 2640,1544 2525,1613 2461,1559 2373,1552 2064,1627 2002,1598 1792,1617"/>
                <Baseline points="1805,1697 1856,1689 1907,1683 1959,1676 2010,1671 2062,1666 2113,1660 2165,1656 2216,1652 2268,1648 2319,1645 2370,1642 2422,1639 2473,1637 2525,1634 2576,1631 2628,1629 2679,1628 2731,1626 2782,1625 2834,1623"/>
                <TextEquiv>
                    <Unicode>Den 26. aug ist duer knab auch uf ver</Unicode>
                </TextEquiv>
            </TextLine>
            <TextLine id="r2l15" custom="readingOrder {index:14;}">
                <Coords points="1801,1808 1889,1754 2087,1755 2116,1723 2292,1740 2515,1699 2615,1730 2656,1699 2749,1726 2833,1690 2828,1616 2663,1672 2354,1643 2261,1692 2125,1666 2056,1704 1794,1714"/>
                <Baseline points="1805,1769 1856,1760 1907,1751 1958,1743 2009,1737 2060,1732 2111,1726 2162,1722 2213,1719 2264,1715 2315,1713 2366,1710 2417,1709 2468,1706 2519,1704 2570,1703 2621,1700 2672,1698 2723,1695 2774,1692 2825,1688"/>
                <TextEquiv>
                    <Unicode>hoffentliche beßerung ins schaltenwerk</Unicode>
                </TextEquiv>
            </TextLine>
            <TextLine id="r2l16" custom="readingOrder {index:15;}">
                <Coords points="1800,1879 1839,1856 1868,1873 1925,1822 2072,1842 2102,1812 2156,1858 2220,1864 2264,1828 2329,1857 2412,1826 2531,1830 2535,1701 2407,1750 2366,1716 2218,1721 2174,1752 2116,1722 2088,1754 1967,1747 1796,1813"/>
                <Baseline points="1805,1835 1841,1828 1877,1823 1914,1818 1950,1814 1987,1810 2023,1806 2060,1804 2096,1802 2133,1800 2169,1797 2205,1796 2242,1794 2278,1793 2315,1791 2351,1790 2388,1789 2424,1788 2461,1785 2497,1784 2534,1782"/>
                <TextEquiv>
                    <Unicode>geschmit worden biß uf gbt.</Unicode>
                </TextEquiv>
            </TextLine>
            <TextLine id="r2l17" custom="readingOrder {index:16;} person {offset:8; length:13;}">
                <Coords points="1760,2280 1893,2238 2197,2239 2341,2294 2597,2260 2770,2315 2855,2264 2827,2189 2740,2226 2610,2173 2465,2227 2313,2169 2268,2207 2139,2166 2081,2206 1949,2180 1844,2208 1766,2170"/>
                <Baseline points="1770,2234 1823,2234 1877,2234 1931,2235 1985,2235 2039,2237 2093,2238 2146,2241 2200,2244 2254,2246 2308,2249 2362,2251 2416,2255 2470,2259 2523,2262 2577,2265 2631,2268 2685,2271 2739,2276 2793,2279 2847,2282"/>
                <TextEquiv>
                    <Unicode>Demnach Anna Schanckt sonst</Unicode>
                </TextEquiv>
            </TextLine>
            <TextLine id="r2l18" custom="readingOrder {index:17;}">
                <Coords points="1808,2325 1918,2297 2204,2307 2574,2354 2716,2337 2757,2372 2772,2295 2514,2270 2420,2305 2217,2253 2151,2274 2090,2236 1961,2272 1812,2259"/>
                <Baseline points="1818,2291 1865,2291 1912,2292 1959,2294 2007,2297 2054,2299 2101,2301 2148,2304 2196,2308 2243,2311 2290,2316 2337,2319 2385,2322 2432,2325 2479,2327 2526,2330 2574,2332 2621,2333 2668,2334 2715,2333 2763,2333"/>
                <TextEquiv>
                    <Unicode>genampt Cappelen ann weliche im</Unicode>
                </TextEquiv>
            </TextLine>
            <TextLine id="r2l19" custom="readingOrder {index:18;} person {offset:37; length:3; continued:true;}">
                <Coords points="1737,2382 2874,2441 2877,2395 2673,2344 2615,2370 1934,2298 1741,2326"/>
                <Baseline points="1746,2367 1802,2367 1858,2367 1914,2369 1970,2371 2026,2375 2082,2378 2138,2382 2194,2386 2250,2391 2307,2396 2363,2400 2419,2404 2475,2409 2531,2412 2587,2417 2643,2419 2699,2421 2755,2421 2811,2421 2868,2421"/>
                <TextEquiv>
                    <Unicode>sprital kindes ligte betreffend. Ist tra</Unicode>
                </TextEquiv>
            </TextLine>
            <TextLine id="r2l20" custom="readingOrder {index:19;} person {offset:0; length:9; continued:true;}">
                <Coords points="1792,2456 2270,2478 2363,2524 2538,2499 2709,2566 2799,2482 2691,2424 2444,2450 2414,2415 2229,2430 2171,2382 1971,2412 1798,2381"/>
                <Baseline points="1800,2442 1849,2444 1899,2445 1948,2448 1998,2451 2047,2454 2097,2459 2146,2463 2196,2468 2245,2473 2295,2478 2344,2483 2394,2487 2443,2492 2493,2495 2542,2499 2592,2503 2641,2505 2691,2507 2740,2508 2790,2508"/>
                <TextEquiv>
                    <Unicode>banderbar durch h Großweibel</Unicode>
                </TextEquiv>
            </TextLine>
            <TextLine id="r2l21" custom="readingOrder {index:20;} person {offset:0; length:14;}">
                <Coords points="1782,2533 1985,2523 2089,2574 2228,2549 2377,2624 2537,2582 2809,2622 2829,2564 2581,2540 2536,2499 2351,2525 2271,2477 2135,2504 1947,2452 1787,2473"/>
                <Baseline points="1791,2519 1842,2520 1893,2522 1944,2525 1996,2528 2047,2531 2098,2535 2150,2540 2201,2545 2252,2549 2304,2555 2355,2561 2406,2566 2457,2572 2509,2576 2560,2582 2611,2587 2663,2591 2714,2596 2765,2600 2817,2604"/>
                <TextEquiv>
                    <Unicode>Wsunstenberger für gehalten worden</Unicode>
                </TextEquiv>
            </TextLine>
            <TextLine id="r2l22" custom="readingOrder {index:21;}">
                <Coords points="1771,2601 1930,2640 2091,2622 2199,2666 2324,2645 2451,2691 2789,2692 2814,2626 2586,2591 2460,2596 2400,2637 2268,2615 2150,2544 2089,2575 1777,2534"/>
                <Baseline points="1779,2586 1830,2592 1881,2596 1932,2603 1983,2608 2034,2614 2085,2620 2137,2627 2188,2633 2239,2639 2290,2645 2341,2650 2392,2655 2443,2661 2495,2665 2546,2669 2597,2672 2648,2674 2699,2675 2750,2676 2802,2676"/>
                <TextEquiv>
                    <Unicode>anzuzeigen, by ihrem wy dr erst kindt</Unicode>
                </TextEquiv>
            </TextLine>
            <TextLine id="r2l23" custom="readingOrder {index:22;}">
                <Coords points="1785,2690 1915,2725 1962,2699 2035,2762 2126,2716 2240,2783 2368,2747 2652,2764 2838,2824 2848,2725 2756,2732 2621,2674 2453,2692 1793,2615"/>
                <Baseline points="1794,2673 1846,2681 1898,2688 1950,2697 2002,2702 2054,2708 2106,2714 2158,2720 2210,2724 2262,2731 2314,2736 2366,2740 2418,2745 2470,2750 2522,2755 2574,2759 2626,2764 2678,2769 2730,2775 2782,2780 2835,2786"/>
                <TextEquiv>
                    <Unicode>erzuget, hat sy verweldet, daßelbig</Unicode>
                </TextEquiv>
            </TextLine>
            <TextLine id="r2l24" custom="readingOrder {index:23;} person {offset:0; length:16;}">
                <Coords points="1770,2763 2437,2829 2514,2891 2577,2844 2705,2893 2753,2862 2856,2881 2862,2824 2655,2765 2571,2817 2494,2767 2307,2797 2148,2733 2032,2766 1965,2701 1779,2683"/>
                <Baseline points="1779,2753 1832,2761 1886,2767 1939,2774 1993,2781 2046,2787 2100,2793 2153,2798 2207,2804 2260,2810 2314,2815 2368,2820 2421,2827 2475,2831 2528,2836 2582,2841 2635,2846 2689,2851 2742,2856 2796,2862 2850,2867"/>
                <TextEquiv>
                    <Unicode>solli wermlsiger einem schumacher</Unicode>
                </TextEquiv>
            </TextLine>
            <TextLine id="r2l25" custom="readingOrder {index:24;}">
                <Coords points="1782,2893 1930,2851 2073,2928 2173,2889 2414,2944 2681,2939 2798,3011 2875,2985 2883,2918 2610,2919 2561,2868 2491,2905 2317,2827 2035,2811 1988,2777 1896,2810 1796,2773"/>
                <Baseline points="1797,2831 1850,2839 1904,2848 1958,2857 2011,2864 2065,2871 2119,2878 2172,2885 2226,2891 2280,2897 2334,2903 2387,2910 2441,2915 2495,2921 2548,2927 2602,2932 2656,2939 2709,2945 2763,2952 2817,2960 2871,2966"/>
                <TextEquiv>
                    <Unicode>esollet zugehört, weliches sy in wach</Unicode>
                </TextEquiv>
            </TextLine>
            <TextLine id="r2l26" custom="readingOrder {index:25;}">
                <Coords points="2612,2925 2621,2925 2634,2914 2664,2911 2671,2918 2687,2915 2687,2878 2677,2879 2667,2871 2659,2872 2655,2868 2646,2872 2642,2869 2629,2871 2621,2864 2612,2864"/>
                <Baseline points="2619,2906 2649,2904 2679,2906"/>
                <TextEquiv>
                    <Unicode></Unicode>
                </TextEquiv>
            </TextLine>
            <TextLine id="r2l27" custom="readingOrder {index:26;}">
                <Coords points="2705,2914 2714,2915 2718,2912 2721,2915 2726,2915 2728,2918 2737,2918 2737,2872 2730,2872 2727,2875 2723,2874 2713,2884 2705,2884"/>
                <Baseline points="2712,2909 2730,2909"/>
                <TextEquiv>
                    <Unicode></Unicode>
                </TextEquiv>
            </TextLine>
            <TextLine id="r2l28" custom="readingOrder {index:27;} place {offset:0; length:7;}">
                <Coords points="1732,2919 2038,2954 2095,2994 2467,3007 2623,3039 2695,3100 2876,3065 2885,2995 2848,2981 2687,3011 2594,2933 2553,2957 2158,2896 2073,2933 1993,2879 1742,2845"/>
                <Baseline points="1740,2912 1796,2916 1853,2922 1909,2928 1966,2935 2022,2942 2079,2949 2135,2958 2192,2966 2248,2974 2305,2982 2361,2991 2418,2999 2474,3007 2531,3016 2587,3024 2644,3032 2700,3039 2757,3046 2813,3052 2870,3059"/>
                <TextEquiv>
                    <Unicode>Solwald, vnehrlich kauffen laßen, habe</Unicode>
                </TextEquiv>
            </TextLine>
            <TextLine id="r2l29" custom="readingOrder {index:28;}">
                <Coords points="1769,3004 2042,3074 2108,3052 2350,3076 2454,3147 2556,3167 2650,3166 2667,3054 2469,3008 2343,3007 2284,3049 2177,2979 2107,3016 1981,2950 1885,2961 1781,2922"/>
                <Baseline points="1779,2991 1822,2998 1866,3006 1909,3013 1953,3019 1996,3026 2040,3034 2083,3039 2127,3047 2170,3053 2214,3059 2257,3066 2301,3072 2344,3078 2388,3084 2431,3090 2475,3097 2518,3103 2562,3109 2605,3116 2649,3122"/>
                <TextEquiv>
                    <Unicode>auch daselbsten darumb abgebeistn</Unicode>
                </TextEquiv>
            </TextLine>
            <TextLine id="r2l30" custom="readingOrder {index:29;}">
                <Coords points="1714,3190 1814,3163 1982,3221 2047,3189 2172,3232 2346,3220 2564,3251 2668,3322 2813,3298 2820,3245 1728,3080"/>
                <Baseline points="1728,3141 1784,3148 1841,3157 1898,3165 1955,3173 2011,3180 2068,3188 2125,3195 2182,3202 2239,3210 2295,3216 2352,3224 2409,3232 2466,3239 2523,3247 2579,3254 2636,3264 2693,3272 2750,3281 2807,3291"/>
                <TextEquiv>
                    <Unicode>Sosye, sy vor ungefar dreyen truchen</Unicode>
                </TextEquiv>
            </TextLine>
            <TextLine id="r2l31" custom="readingOrder {index:30;}">
                <Coords points="1786,3220 2300,3317 2431,3308 2586,3340 2621,3381 2827,3400 2850,3340 2786,3301 2681,3328 2432,3237 2341,3265 2256,3213 1974,3220 1796,3156"/>
                <Baseline points="1794,3213 1846,3221 1898,3229 1950,3237 2002,3244 2054,3252 2106,3260 2158,3267 2210,3275 2262,3283 2314,3291 2366,3299 2418,3308 2470,3315 2522,3324 2574,3333 2626,3342 2678,3352 2730,3361 2782,3372 2835,3383"/>
                <TextEquiv>
                    <Unicode>widerumb eines anderen kindts genosen,</Unicode>
                </TextEquiv>
            </TextLine>
            <TextEquiv>
                <Unicode>2
Ime habe gemelt sein vatter wie hieuor
voseierseignen bekantnuß zu sechen Hans
Nuristes im schoren zweß häfen genommen,
Wei alß er vor etwas zeits nit aaheimbsch
asin, sonders dem battell nachgehegen
habe sein vatter damals iu Sgrißwyl
mit flfrines kestlers, so iu wünsigen
unlangst eines erstochen etlich kästen und
küch gstele
gitet auch abenmeßig strungen
lich umbgnad und vzyshung fas
er sich beßeren welle 
Den 26. aug ist duer knab auch uf ver
hoffentliche beßerung ins schaltenwerk
geschmit worden biß uf gbt.
Demnach Anna Schanckt sonst
genampt Cappelen ann weliche im
sprital kindes ligte betreffend. Ist tra
banderbar durch h Großweibel
Wsunstenberger für gehalten worden
anzuzeigen, by ihrem wy dr erst kindt
erzuget, hat sy verweldet, daßelbig
solli wermlsiger einem schumacher
esollet zugehört, weliches sy in wach


Solwald, vnehrlich kauffen laßen, habe
auch daselbsten darumb abgebeistn
Sosye, sy vor ungefar dreyen truchen
widerumb eines anderen kindts genosen,</Unicode>
            </TextEquiv>
        </TextRegion>
    </Page>
</PcGts>
