3024 4032
659 377 1692 668 eeren juget mit hürey und der gleichventuht
601 424 1674 726 beflecket habe, wan aber dieselben Eysisvn
696 517 1671 775 gehee sy geheißen, auch offtermalen hölichern
688 598 1685 873 beschechen, syees fra vnbewüst, habe auch die
682 662 1661 936 dehn for mit welichen sy zushin gehabt
684 753 1646 998 umb ire namen nit befrehl Al
681 824 1651 1083 aber sy sit 36. jarrn dahar Im ehestanden
641 912 1651 1153 gefrosen, halbe sy sich diser sachen halben
668 983 1651 1230 genzlich entlogen, söliches nit eehredan
674 1082 1680 1345 mal In Weldlis als sy erb ersnch
662 1157 1660 1376 ußgezagt und es ein vekiesel geseth, derelben
635 1237 1643 1453 d seiner hüten alwo sy überacht gelen
663 1322 1658 1559 seines mntwillen, mit dru se beacht haben.
650 1380 1660 1609 rmahs (sye aber alß bald darnach hie¬
650 1470 1633 1656 starben, Alß sy sich aber mit hren
642 1547 1636 1741 Jezigen abgeschefdigen, vehelichet, habe sy
647 1639 1668 1835 Ime sölcher faller vemeldet nd fezeigt
614 1717 1621 1880 Zuaor aber sye sy mit h auftmahn
635 1785 1638 1949 Grebers Kniegk Palke, mit einem Soldat
633 1889 1617 2040 von Tieratz s Ferankych gesogen etc. Bittet
619 1979 1630 2142 Gott vnd gnedihe Oberkeit vmbgand
618 2056 1252 2203 vmb Bagmhertgkei3 etc.
608 2191 1639 2345 4. Habe sy nütgeachtet und deßen kein rechnung
707 2301 1049 2422 nit getangen.
1484 2552 1545 2625 et
598 2836 715 3001 E
579 2853 1530 3091 Disere proteder ist ius jing
592 2978 1498 3183 Tlarnbuch. it muehrem ge¬
610 3104 1231 3281 trages worden.
2807 306 2885 404 53
1931 428 2685 604 Barbli Stettler von
2054 513 2478 665 Päterkinden,
1799 631 2909 830 lach dem Barbli Stettler die alte schwyz
1805 706 2861 899 eirti von Bäterkinden, als ein verdechtige.
1796 779 2906 970 und durch die hieuorgemelte Margreth Schi
1784 848 2891 1042 Ferli accusierte, vnsulde, vershen er vngen
1759 916 2923 1121 durch und gde amptsmas von landtshuthen fenke
1788 1002 2898 1197 lich alhar gethirk, vnd de Shalben Gs Eetster
1725 1089 2929 1264 Angusti diso 1628 jarr Durch myne hochge-
1785 1154 2926 1347 ehrten Hertn, h. Miehans Balobach laß klien
1756 1253 2890 1417 rraths h dauide von Buren der Burgeren g.
1781 1320 2879 1475 sy sein h Großweibel Hürsterbergers
1707 1408 2918 1562 Sy gedachte Stetttlern draben In dr pfangenschafft
1691 1492 2879 1652 frgstwärtig examinert und erstlich be
1764 1577 2848 1738 fragt worden, Wylen sy sich auch hienar
1792 1646 2896 1774 nalh der schiferlinen fürgeben, by dler jeng
1783 1729 2904 1876 Iin Buzwyll holz gehetten versamlungen, und
1732 1815 2905 1932 dänzen finden laßen, ob sy nit auch In der¬
1790 1887 2906 2008 selben Sect, gedachet, vnd Albereit der erste
1768 1962 2853 2095 danz gethan haben. Item ob sy nit auch
1798 2046 2852 2167 mit versagnet umbgangen. HHatt sy
1745 2119 2846 2256 darüber vermeldet, daß unsfar frag
1762 2181 2888 2327 N. Jareb sywol mit versägne sich gebruchen
1762 2260 2884 2381 laßen. B habe aber daraft nüt bößes ver
1780 2337 2825 2486 bracht und sölches sit derselben zeit gnent
1774 2400 2766 2541 mehr gebrucht, By dem danz, aber sye
1772 2480 2873 2627 nemalen geweßen, vnd habe die Schiffelnen
1763 2556 2835 2672 Iren vnbecht gestlag, Alß aber haruf
1705 2630 2805 2793 y beiden gegen einanderen Contrortertt
1763 2711 2839 2839 worden,dat die schiterlinen, der andern
1680 2799 2775 2943 undermundts geredt, sy habe sy vemetlest
1750 2876 2769 3009 Ires versagnes vnd erbahdnen Anckens
1711 2965 2830 3087 Das einem schenkel also verdept, das sy je leuch
1735 3025 2789 3155 Io mehr schmertzen daran ferliten Ja shier
1686 3101 2762 3188 vollents faran erlamet müßen, ch die
1714 3172 2746 3303 Barbli aber, das sy die andere versegnet
2043 3254 2106 3302 �lih
1733 3232 2812 3360 und gesalbet, anzeücklich gelaugnet, aber das
1725 3318 2755 3435 Hernach, als sy siß fürlich berichtet worden.
1693 3386 2593 3514 Deßes bekantlich sim meehenc.
2876 2558 2906 2628 1
