3024 4032
1781 406 2915 590 Berin. Datid. urger zu Kern, wegen Ehebauch s
1785 509 2882 710 Baßer Sustanna und Zürgdorf wegen wranddro-
2023 612 2335 771 fung a. 292
1782 684 2918 846 Bertlen Anna aus dem Kribthal, wegen Hüren,
2019 807 2257 904 heben. 32.
1780 854 2888 1035 Großblaus Petrr, v. Krauchthal wegen Enthüh,
2029 953 2788 1089 reng . des Predikant Tochter. 32.
1786 1055 2880 1213 Beißbühler, darbel u. Anna v. Canpersloÿl, be¬
2012 1133 2525 1280 gen Rutsthand. 33 33
1782 1221 2808 1385 Brimysten Anna v. Simens, wegen 1 Huren,
2000 1346 2265 1468 Fehlerd. 36.
1784 1417 2656 1581 Bysler Hand und Wegern verhör 11
2847 1484 2896 1546 k
