3024 4032
770 428 1715 696 wolle es Hatt befelchen, anders könne
793 499 1291 679 er nit antworten
735 571 1701 856 A t alt n di i
771 701 1727 947 to muter lyb die heilliges geistempfach
767 775 1727 1008 kämnet 2. anteort, so heigend sy dense
770 855 1247 996 In Gotts namen,
745 959 1696 1184 b nit dr tauff anstiat der belugu
779 1080 1721 1273 yngsezt sye. So sygs das gottsnen
781 1155 1720 1339 aber, dac habe er d underscheid, g die
757 1228 1728 1432 Knäblin, allein bescheitten worden und aber
771 1331 1640 1519 dez beide geschlecht, tunfft werdin
637 1504 1733 1710 5 wos oberkeit befragt, hab erzu ant
774 1623 1706 1748 wort, dieselbige sye war gott yngsetzt
766 1694 1708 1857 die bößen zustraffen und die guten zu
783 1784 1706 1914 schwüsen und waue auch ein christ wol
784 1870 1698 1987 sein oberkeitliche pfahr syn, so ferscher
787 1933 1694 2087 sich dem willes goffes gmöß v halten
619 2112 1724 2284 6b der oberkeit zinß Leng Zall e gebaren,
748 2236 1178 2368 cutwart ja
741 2376 1706 2536 Vam Krigf füren befragt antwort
608 2462 706 2575 7.
767 2474 1720 2658 N29. Ekundt vns den fulden, vnd befelt
739 2546 1722 2708 für dh sind in bäter, sy frer sye es da n
750 2624 1722 2783 inne suthad schlachen sölle. Und als mit
701 2713 1705 2894 Ame und andehren ubereryßung, auch des
684 2779 1723 2955 14. vers deß 3. casrr luct fürgeworffen
731 2879 1715 3036 Da es stechet ie Kriegs lüt sollind nieman
746 2949 1714 3157 zwaltnach unrecht thun, sondern sich s
714 3021 1719 3209 Salds gngen, antwortest er durch al
747 3101 1701 3327 schaffnug deß geralts als der krüpli
735 3190 1705 3412 weigenschafft werdint auch sy selbs abge
740 3352 1028 3483 schafftet,
1765 1693 1824 1823 2
2867 356 2972 435 25
1788 489 2937 701 6 Vom Eydi zeigt er an, Eßstande zwar an
1880 589 2997 739 einen gerüßtn ort, das fler end aller zurgtracht
1878 649 2927 815 ein endschafft mache, er aber blybe by jr ja
1852 781 2125 902 sein wei.
1845 803 2926 977 1b, so er einen hörte gottleßern und von der
1864 894 2920 1030 oberkeit erinent wurde, sein zügnns mit
1869 961 2992 1095 dan eid zu bestettigen, er solicherhans ehr gottes
1869 1021 2934 1183 wegen nit thun wolte, Antwart es were
1854 1103 2933 1266 Ime schwar und gott wurde, die warheit
1854 1171 2661 1349 wol ime das an tag bringer etc.
1859 1321 2944 1477 von der gleidung laserhafftes Mäntschen,
1853 1433 2913 1572 ntwart er bs sye billich ime aber veil
1834 1515 2085 1665 zuschwän,
1840 1647 2968 1808 Non d Straff der übelthäteren die obkeit
1878 1760 2968 1894 sye darumb yngesezt, das sy die böses straffen
1808 1829 2753 1978 und die frlauen hand haben solle,
1936 2002 2928 2157 uff Foytag den 7. januarii 1648 aber
1957 2115 2837 2229 malen nach verrichtem gebät. Ist
1986 2177 2817 2308 auch Hanß Stanz lyber obet
1984 2232 2812 2373 articnl. Is byweset seines ge¬
1949 2301 2852 2432 hpanes zu wartes gestoßet worden
1989 2380 2723 2521 und antwart etwie volget
1759 2485 2964 2691 1. Die ursachen der sänderung, gab er auch an,
1860 2616 2986 2776 der lütel unbußfertigkeit und nit anweiden.
1839 2677 2135 2797 deß hans.
1841 2750 3007 2989 sohh fürhalten der gleichnußes vom säymag
1829 2874 2984 3103 deßen samen nur zum wieeen theil ufguten
1848 2957 2978 3147 grund falle, deß achers darin wetze
1792 3013 2949 3258 und unfrut mit einanderen usswachße
1821 3086 2971 3311 leß irens darinen speüwer und kernen
1839 3180 2954 3412 er hochzeit, da etliche  est nit mit hoch
1841 3248 2995 3533 zeitlich kleideres usech der hußhaltung
