3024 4032
434 556 642 704 slen
466 684 629 780 etter
730 228 1516 546 unnd Benolug
907 380 1224 511 ZuBerd,
665 438 1641 708 Derselbig ist von eines mit Rudolgh
667 567 1622 775 Wurstehergers eferrib abgeschëinnen
670 630 1623 854 ihrerib begangnen ehebrüfhr wund
656 710 1623 910 daß er wegen seiner lestungen
627 788 1659 991 vor einem corgnicht mit gebogner kun
655 860 1653 1099 desrecioten müßtn, vneinen gnedigen
657 937 1648 1140 Straf biß uf sehins ine versoffentliche
670 1025 1616 1189 beßerung. Ve 30. augusti e6
664 1107 1635 1299 mit dem fr dt von jgdie statte und
647 1176 1373 1356 landt getheisen warden 1.
774 1789 1491 1963 Diebold Belote von
1013 1924 1277 2029 Betort.
622 2086 1660 2226 Hemnach kurhabgeloßfner tagen
677 2202 1652 2318 diebald Pelote gurtig zu fefort. alß
686 2260 1633 2391 ein junger Stariken bößen bub kn
636 2321 1636 2509 Spölzbes, durch P. ad. Amptsmaß den
672 2416 1653 2548 e landtvogt von Trachßelwaldt zwan
698 2488 1651 2641 samlich und gefangen kelhar geschlckt
666 2567 1660 2741 und volgents, so wol von Wrachßille
438 2635 1664 2890 synethalen als gnagdorfft bricht ungel angete, da
681 2714 1650 2898 namlichen gedachter pflote veil und
690 2803 1644 2984 mancherley diebstäl mit em seinen
687 2888 1649 3107 begangen und vesrichten helßen, dero
692 2967 1657 3175 das, er ouch durch den letst zu Bueg
677 3028 1654 3236 darff hingerichten. Peter Jali sost
669 3101 1641 3336 WeltschPeter genampt und seiner
682 3183 1637 3426 ven Tirbes gethanen, bekantnus
1760 192 2880 583 n
2214 324 2896 537 shalsen en
1800 379 2896 721 eeg eg anten
1823 528 2077 629 worden.
1825 442 2934 754 einen uß dero mütlen zenordnen, berürten
1772 529 2907 858 felote mit nothweildiger und ußersten
1785 611 2931 900 marter zu examinicran, welicher sgden.
1808 687 2929 967 Burich den 24. augusti und 1. vebris diß
1819 776 2964 1027 16bris jars in bywesen anhören und gegen
1820 861 2912 1102 leühtigkeit deß erguarst f f f ezollge
1805 916 2957 1172 achten wyßen herrn E dr Hans Lambach
1805 1024 2929 1268 deß keines raths h anthani Lechenders
1794 1108 2914 1316 der burgern Hand And Wurstenbergers
1756 1178 2925 1408 Großweibels, samptliches etlich weiblen
1769 1294 2879 1477 vngdhen dieneren s volg gestelt worden,
1776 1543 2951 1717 sselicher dan hernach geschribne durch Inna
1781 1637 2881 1777 underschidenlich begangn diebstäl uand
1789 1690 2911 1851 mißhandlungen, inn gewahtem streken
2619 1760 2929 1850 mit wad one
1722 1800 2780 1929 Thurz mit wrüwendem hertzen, ane
1761 1865 2854 1987 Marter verzächtt und bekent wie
1763 1947 2010 2073 volget
1783 2127 2924 2291 Alß erstlichen sye habe er var ungfar
1777 2238 2908 2395 3oder 14 janas nit wyth von Bürgdorf
1797 2303 2883 2458 mit etlichen. ime unbekanten Tütschen
1791 2381 2934 2540 gsellen, die er uugfard angetrofft, etwas
1761 2438 2932 2650 späckt, des er nit ghalten stälen genoßen,
1758 2517 2896 2725 sgent sy damalz samptlicheß ergriffen
1733 2591 2946 2815 nachsurgdark gefürten. hennach getrichnet
1791 2672 2879 2881 mit vnd viebehdenselbeEydelich vas
1769 2743 2883 3003 igdi stett und ländes verwißen worden.
1760 2859 2881 3158 Dannethin, hhabe er (nach dem er Ceil¬
1782 2980 2857 3233 beüchig worden und wider ins landt
1771 3066 2860 3316 kanen) mit hilf WetsschPeters unnd
1661 3231 1741 3306 bach
1778 3154 2878 3402 einem genampt Heinrich seiner
1663 3186 2940 3519 zu vese gehoanet, dem hh. predicanti nach volgende
2879 82 2950 164 8
