3024 4032
560 336 1666 711 dentat en ta
700 506 1666 753 abschaffung der lasteren, daß richte unnd
696 606 1669 841 aller würcklichste mittel alß des Chiesten
691 667 1668 904 lahen. vnd von Gbtt selbs befolchen Ban
691 768 1542 962 nit an, wie man aber haus sölte,
699 851 1700 1162 Dinn ageeahen
728 1019 1684 1237 liche oberkeiten habe, die corgrichte anste
713 1085 1671 1284 deß Hans brucht werdint, die faster in
722 1175 1658 1352 traffen und abzuschaffen, vermeinte er
724 1270 1685 1467 es were ein sölches mitel nit gnng eref.
708 1338 1650 1550 tig, sonders aises trefftigers also deß
685 1420 1106 1538 Bdans vonnaten
640 1528 1662 1721 Dißyters befragt, ob das kon der laser
657 1673 1659 1823 hafftes wegen sy auch die frauen i sergeten
689 1760 1675 1882 vnd die Christenliche Ghmeins so gar ver¬
707 1831 1647 1968 laßen wreflind so doch epaus unser
699 1898 1657 2060 haupt selbs zu der zeit, da die gmeind zum
706 1994 1666 2127 aller vderbeistengewesen, fley Sempel
705 2078 1670 2211 besucht und in selbigem gebäten undge
701 2155 1681 2297 lent, nit aber von der g�rten wegen
678 2248 1254 2404 die schaf übergeben,
634 2338 1657 2499 Antwart es habe mit ero ein andere
687 2439 1672 2575 beschuffenheit, er sye unserhaupt und da
696 2505 1661 2654 rdub. vf die welt kohmen, damit er die
660 2585 1681 2733 Kranekesen ssund machen können. sy aber
697 2671 1670 2860 sy eit bloße sundsaffte mentschen dies
601 2770 1664 2937 In bußfertigen küten, gar lychtlich anf
689 2838 1675 3006 sterkeht und vom guteg zum bösen abgr
677 2910 1660 3136 fürt werden machtend und habend dero
680 2990 1668 3207 halben sich zusunderen geugsame vrsach,
610 3139 1676 3427 Reb. Dere Chras vf die Welt konen
648 3234 1657 3475 raneknen a sund zemachen, so söllind sy
644 3331 1660 3588 Crd. dem Hesern In selbigen Stuk nach
2893 340 2987 411 22
1834 477 2956 706 volgen, die gmeind so im guke snd kosen be¬
1847 598 2978 768 sande nit übergebet sandrs die schwachen mit
1834 660 2969 866 Sein guten Exembel erbuwen, vnd uß richte
1800 723 2974 945 soilmehr als sy der christenlichen liebe inmider
1820 815 2887 989 so ungegrünt und seigenrichtiger wyß
1824 882 2961 1091 zuuerläßen und ire seligkeit im zry pPol
1809 1025 2058 1180 zusetl
1785 1141 2903 1304 Antwant Curg habe befolchen, das mas ein
1825 1218 2948 1371 anderen lieben sölle, dasfunde absir er, das
1813 1281 2905 1440 die tiebe by etlichen alleedingen erkaltet,
1819 1357 2929 1521 I by dem h abentmal thuee man die
1776 1447 2924 1592 biebe ouch versprechen, vnd das man wolle
1823 1519 2970 1661 Glider chri sein, aber es geche, das sich gott
1836 1599 2898 1728 erbarmen müße und das ine darab
1821 1688 2962 1820 geüste, So bald sye die h action nit für
1773 1770 2946 1920 Eber eh farunb iren vil in frer vnkuß
1816 1855 2936 1977 fertigenst für und könte er desegen,
1834 1942 2934 2094 öliche lüt keins wegs für bruder halte,
1822 2035 2967 2188 nach erkennen, essstande un der 2 an die
1794 2127 2979 2287 Cur am 5. man solle de böses hinuß thun.
1800 2183 2920 2371 dem bescheche nit statte, also das sy sich nath
1812 2277 2582 2443 weidac absunßeren müßint
1785 2364 2960 2623 und wie eine darüber geantwortet worden.
1793 2481 2940 2674 wie söliches sich von dem flutschender, deßen
1802 2563 2897 2748 zu anfang deß capitels gebacht werde,
1768 2629 2940 2837 berstanden und das auch sender uns söliche lüth,
1793 2701 2873 2932 durchmittel deß oberkeitlichen schwärts
1800 2785 2876 3012 abgeschaffet werdint, hat er es darby
1783 2880 2151 3031 gelten laßen,
1761 2982 2880 3263 gefragt, ab von der fulen fischen wegen,
1796 3093 2842 3328 er das gart gar herryßen und auch die
1744 3245 2010 3357 welle
1782 3149 2871 3431 guten fich mit den bößen hinweg werff
