3024 4032
728 421 1708 723 gelenseenti e
723 531 1683 774 xember synt über all glitz er stande.
739 593 1687 843 aber lat am 9. daß dise seinchand an
729 660 1683 932 oflug gelegt haben und grider zu aük sehen
714 767 1702 1028 Zum Roch GGottes nit zugentlich sye Er
701 846 1718 1112 wolle nit machen, wie ods erbufe, welche
712 927 1684 1153 zuruk gesetzet und inr salßsül werden
709 1038 1691 1231 begere zuverblyben by dem wras sin
688 1103 1700 1328 gott zu erkennen geben, es syend ande
715 1195 1699 1410 veil gräber vrwprt, alß sy man solle zu
726 1280 1688 1462 denselben lugen, und sy sbedh iren leisteren
723 1362 1708 1554 abhalten et. arüber Ime Raplinia
712 1462 1675 1670 worden. Die oberkeit aie predig die
690 1584 1671 1722 orgruster zu Statt und land syand eben
723 1662 1684 1808 spätz daran, das das böse istrafft und
733 1739 1691 1886 abgeschaffet werden mege und ab er
717 1837 1670 1960 das darfür halte, das der oberkeit
701 1924 1697 2031 mandat seld die predigen. Göttlich wort
745 2009 1674 2144 einen anderen zweik habind alß einen
735 2090 1610 2228 erbaren Wandel zupflauten, c
686 2167 1711 2302 anttwort nein erzlich er sdame nieman
714 2258 1695 2408 aber er für sich selbs begere das wort
695 2352 1691 2493 Gottes nit mar hare handers auch by
717 2436 1444 2616 sich zutragen unnd zuhalten.
643 2586 1678 2794 defragt, ob, wan byden Hönster
696 2695 1672 2879 er fauch ein unbußfertig und gottlo
674 2753 1662 2949 läben versennen solte, er auch von ihnen
683 2854 1692 3034 aberyeheß wurden oder nit antwort
693 2941 1701 3180 sye seines selbs nit meister, müste wraren
685 3024 1669 3251 waß Gott gefallen wurden I Ime
678 3144 1109 3390 Ingeuretich,
2880 363 2981 462 24
1825 512 2903 721 überden anderer articul zeigte er es,
1878 616 2917 781 kaine anders nichts sagen, das das unsere
1860 684 2900 856 hrer gutn, das aber böß syen das leter,
1836 746 2966 926 und läben nit abereges, mit en anderen
1868 848 2400 1010 über einstammen
1786 1009 2963 1188 1. Über den dleites das alte cestament
1895 1099 2945 1225 er eine zwar frembder als das nüwe
1879 1148 2980 1304 und habe nit vil darion geläsen, halte
1871 1230 2998 1370 ds aber nüt desto weiger führ ein sie gal
1834 1319 2611 1482 dusres glaubens und lätens
1778 1454 2943 1667 . Ds auch tauf belangend, syind zwar
1877 1567 2933 1712 sine kinder allle und nach ebe vor 3
1874 1636 2950 1764 monaten, auch eind In seinem abwesen
1836 1719 2939 1865 tauff worden und ghbube nit, das der tuf
1851 1815 2971 1937 fueg schaden werde, Ob er Inen aber eel¬
1827 1887 2923 2029 sain sye das wolle Er Gott befelchen
1839 1991 2948 2098 sonststande es, war glaubt unß taufft
1851 2071 2982 2213 werde etc. also das der gbuben, demm wauff
1794 2161 2930 2296 vorgahn müßen, ein kindt aber wüße
1851 2230 2968 2406 nichts vom Glaubes, könne weder ja nach
1815 2316 2970 2487 Nein geben, b der knndhen tausf gut oder
1834 2383 2963 2588 böß, welle es gott bekelchen. Es synd
1812 2471 2920 2695 hses etlich, die das tauff unhrer fugend
1834 2554 2912 2787 empfangen, gerichtet worden, wie sy das
1814 2639 2559 2836 kächint widergebaren syn,
1833 2760 2973 2983 Uind alß darwider man ime anzeigt, das
1800 2854 2943 3041 Marri am a v 4 der lauf dr predigr vor
1831 2922 2921 3130 gange, sagt er, er wölle es gott be
1824 2981 2061 3086 telchen.
1783 3059 2971 3318 betragt, ob er nit wüße, das mah ganze
1808 3148 3019 3405 hußhaltunges taufft antwort er stande
1795 3235 2990 3496 nichts von den kinden, er habe es nie gefläsen
