3024 4032
861 429 1416 623 Hans Rochael.
925 520 1294 687 Misi
691 656 1616 901 alt uber gethanes fragen anzeigt, das er
669 713 1585 932 san auch gfangen gsey, gemarteret und
605 793 1610 1046 volgents ins schallenwerck zum andern
675 875 1593 1077 mal yngefeslet werden, sit sy nere
678 966 1613 1187 erledigung aber, sye er ein ein zeitlich
682 1052 1589 1227 mit Anni Loüwenberger, dero er die
659 1118 1577 1317 es versprachen, ohne kirchenrecht hm
666 1187 1581 1385 bade herumb gezogenc. Die bstalen
648 1278 1585 1487 halb aber hat er nüt bekantlich sein
659 1351 894 1445 wollen.
772 1458 1546 1659 Sal hn vineciandiensten gefhüert
977 1575 1198 1665 werden.
652 1934 1572 2109 Antra Lanznennhergin
1048 2062 1344 2168 obgenampt,
673 2186 1556 2331 vermeldet, daß sy auch Schan emnmel
676 2282 1555 2388 Im Schallenwerck geweßen, jedach nit von
634 2346 1569 2482 diebstälen oder anderen ungebühren, onder
645 2422 1564 2550 von müeßig gangs wegen, siderhar habe
651 2482 1584 2621 obgesagter Ryhart ihra die ehversprochen
638 2574 1571 2719 und ein kind, so sy eblichtauffen laßen
637 2636 1567 2817 erzüget, sy babind, aber mit einanderen
649 2734 1549 2891 nach kein kirchrecht gethan, sonderen
640 2807 1523 2994 syent willens einanderen zkirchen
638 2878 1525 3057 ge thüeren. Diße hat auch keine
634 2941 1547 3140 unthaten begangen ze haben bekantlich
643 3083 964 3202 sein wollen.
590 3087 1474 3320 Ist ins Schallenwerck gefeßlet.
941 3236 1177 3315 worden.
592 3277 1155 3478 Tombmant
2765 275 2869 360 38
1931 400 2685 667 Beldes Wisd
2002 558 2484 730 vher Jrgeschrehen
1704 605 2872 897 Wil auch nit bekantlich sey, daß er jemand
1813 727 2742 928 etwaß entwendt habe, sonders heigen
1812 782 2800 1038 sich jederwylen mit fischen erhalten,
1813 860 2794 1073 wr dan die Bronoßen inne sampt einer
1805 903 2881 1154 melchteren mit fischen, die er dem Stucki
1789 1011 2823 1230 zu Mülleres gebringen wollen, ergrifft
1799 1096 2810 1290 und alhar gethüert worden, wahr sye es
1782 1165 2778 1367 daß er vor einem jahr ungfhar, kilch ie
1805 1233 2841 1440 gefangen gewes ubel gemarteret unnd
1794 1314 2855 1510 entlich 5 wuch lang im Schallenwerck
1800 1395 2811 1611 enthalten worden, sein müeßig gang sye
1801 1484 2591 1655 aber deßen schulding geweßen.
1786 1682 2675 1865 Deßer sol auch de Bnnedig
1926 1809 2439 1942 gefhüert werden.
1852 2710 2624 2876 Benhardt herren
1972 2835 2219 2967 schwandt
1768 2972 2738 3148 Den 5. julii 1648 warb uber ir gn
1799 3097 2768 3219 benelch durch meine hochgeehrte herren hr
1784 3158 2712 3290 Rathsherr Morloth herren Großweybel
1787 3236 2833 3361 Wurstenberger und herr Hanß Jacob Dippelbeß
1787 3311 2751 3414 ward obgemelter Herrenschwandt erstlichen
1795 3377 2814 3473 examiniert und an die cortua geschlagen worden,
1805 3419 2432 3535 der den bekhent wie volget.
