3024 4032
654 297 1704 650 nnten sden
690 408 1705 720 e ene
601 490 1678 774 Außhandlungen, bekent und auch volgegts.
687 581 1689 899 t geen
612 685 1672 1019 Lander rte ag
668 855 1642 1076 ürenzeit mit silen kinders beladet gsen,
671 921 1664 1148 und mit denselben in großem kumsmer dem
628 988 1662 1211 allmußen nach gezagen und also jor kunt
680 1079 1664 1303 mit angst Hn oth künfrlich erhalten,
661 1163 1647 1384 und durech bringen mögen, sye sy teßert
657 1258 1643 1477 vnd neben demselben Weilheits shndegelichen
660 1339 1650 1546 aber was sy wrenig brath heimbgebbacht
663 1431 1650 1615 von irem ehrmach übel ribrliert unddt
648 1518 1661 1729 ußgezagt worden, Dannenhar, is sölche
662 1594 1647 1773 betrubten zustandt Der lidige dissel
668 1689 1665 1879 angefanget ires nachzusezen und sy end
647 1768 1652 1973 Lichrr sowych mit vilfahltigen uffißungen
665 1868 1623 2043 so wylch gebracht, das sy ime gesaachet,
645 1964 1628 2134 vnd deßwegen vor vlsfar 5 Jaros
666 2059 1632 2200 einem schwarzen gleid by äffligen sind
640 2141 1617 2277 landts futh in möntschlich gestalt iren
650 2232 1635 2377 erschicsen guts genut verhassen sond wr
648 2315 1632 2460 eneint, dem alßo sein wurden in welchem
650 2420 1631 2561 seinem lugenhafftp fürgeben, sy sich sol
645 2502 1616 2646 berehen und verflaen laßen, des sy
641 2612 1613 2749 endtliches leider, dahin gfrathen und
649 2692 1633 2857 sich In dan willed Eesl bößen Ceists sech
634 2777 1613 2952 lichen ergeben, Htt shrey Eheschoffer
638 2875 1609 3046 Erlößer und seligmacher hienit ver¬
615 2942 1602 3161 laufnet sein eirigsereet verlaßsen,
591 3048 1595 3231 und dem verfllichten hüfel geglaubt
541 3177 1199 3345 und gehorsampt etc.
2867 238 2966 324 58
1774 330 2927 647 lauf der bese geist sarg zu Päter kinden, als sy
1796 427 2931 715 desechstes ufides kilchhof laub ufgemafft,
1866 503 2929 748 untm schwartzen kleid, In whns gestalt
1771 606 2912 867 i der gaßen alwo sy s leub uber des
1784 708 1847 784 93
1769 708 2903 932 Haof geschältet, abschenen, mit wes gesprach
1786 776 2860 997 behaltet und als Hamalz fleys magmen.
1743 846 2919 1086 Walde zumen willen, daher kramen, Er Alß
1766 970 2343 1153 vnd Eertenndes sr
1769 1095 2930 1273 dir vor ungefar 1 jareh, als sy mit einer
1786 1194 2930 1338 anderen theybspsal is Bucibtrg gangen,
1759 1259 2945 1430 daß allmuhes zehanscheh, Sye d bäß geist bim
1749 1355 2934 1548 Kyburgstäg mitheirein grauwen kleid und
1779 1445 2937 1590 robwes hut an einem byßen steckli gestand,
1764 1535 2877 1673 mit jres abermalen veilgesprächs gehalten,
1755 1613 2933 1763 und under anderem guts genug verheißen und
1734 1718 2223 1854 daruf verschwenden
1738 1862 2892 1990 zuberauwligen by d Brugg, were der boß
1755 1937 2878 2083 geist umb etwas inuar in jeermelster
1715 2006 2908 2139 geist iren abermalen. In gesagtem habyt
1752 2084 2925 2252 begegnet iren, vil guts versprochen, aber nüt
1711 2174 2898 2336 gehalten, sonders seilmer (onstat deßelben
1726 2254 2897 2410 jren den hut genommen, sich damiit hinfeg ge
1749 2336 2871 2490 macht vnd denselben iin mienverners
1742 2416 2206 2563 mit gesehen haben
1700 2519 2857 2741 Abermalen vor vngefar einem Jar, Sye er
1726 2650 2817 2828 bim dorf Pälerkenßen gantz schwartz ires
1725 2762 2834 2906 ershinen, Iren Samen: Wtlicher krun, wie
1722 2820 2832 2992 uth seigungen samen gewesen, gegeben und
1710 2891 2819 3068 dasb e Irez bzusolchen, Suleselben Ih die
1699 3001 2860 3136 Kuchelmatten, sby dittigen vnd vf die Allment
1705 3072 2838 3219 Eaas Sych in der herbstweid gangen, sägen
1735 3144 2813 3294 sölle, weliches sy nit gethal, sonders solich
1729 3239 2707 3412 is ein bündesdaselbst geworffen etc.
