3024 4032
692 444 1565 708 Een Rie
901 560 1401 738 yngen vndehert
662 641 1618 955 Ihe venth  e sa
676 782 1608 1020 lbs ein zeitlang nit dienen mögen, heige sich
675 872 1605 1083 aber mit schnmer und spitzli machen ernert
665 917 1615 1144 und vilzeits bey ihrer mulder schwager
650 1007 1606 1239 zu Rtiggesperg Hanß Wyman gent zuhre
664 1072 1590 1285 und enthallten und suherb by 14 tagen
659 1160 1575 1344 istender dyrenwechter zu Rtautigen
655 1224 1560 1416 gholfen Hannen und hetzund in die arnd
655 1326 1594 1491 gahn wellen und werde man anders müt
670 1392 1586 1575 vernemmen müessen, weder das sy sich erlich
671 1465 1073 1589 verhalten habe.
605 1536 1547 1748 Diße ist ins Schallenwerch gefeßlet
1014 1681 1472 1798 worden 3 monat.
874 2002 1537 2165 Atarina E Jihposer
971 2097 1441 2213 von Utzistorff.
644 2242 1494 2406 lißzeigt an Eß habe by Rudi Wäber
643 2339 1552 2477 gedient und wylen es in seinem dienst
661 2415 1528 2540 imme zu schwach, sye es vor 14 tagen
648 2475 1557 2644 genelaubet worden, siderhar aber hei
649 2552 1583 2694 es 8 tag zu Andigen gholffen händen
649 2627 1570 2795 und habe jetzund in die arnd sich ver
642 2711 1579 2869 fhuegen wollen, begere sich mit erlahte
647 2785 1586 2970 handarbeit und mit dienen zu erhalten
665 2971 1552 3134 Dißers ist auch ins Schallenwerk
845 3064 1341 3222 gefeßlet worden.
2774 308 2866 384 37
1875 460 2855 669 Nlsbetht rouwenberg.
2044 579 2513 738 von Hirzagenbichse.
1886 679 1944 771 16
1837 693 2753 906 agt daß nachden eß bey Bendiht Yselen
1778 768 2831 1010 zu ziglen gedient, habe es mit abgemelter
1824 849 2838 1044 einer gspilen, auch by selder da reiwechter
1818 919 2835 1139 gehäüwet und jetzund in die arnd gahn
1791 980 2844 1188 wellen, vnd wan es nit were bräschafft
1803 1077 2845 1269 und kranck worden, halte es alzeit
1792 1161 2833 1330 gedient und werde niemandts nüt boß
1793 1266 2490 1434 imme nachgereden wüßen.
1753 1410 2738 1607 Ist glichergestalten ins Schallenwerck
2007 1507 2796 1659 gefeßlet worden. Eeam 3.
1796 1609 2004 1746 cconat,
1855 1964 2728 2120 Michel Hogertzi vsn
1886 2073 2725 2186 zweysimsey, weliches unlang usn seiner
1933 2140 2611 2249 hirnmüetigkeit halben ih der
1921 2200 2535 2319 Insul exhriert
2124 2282 2351 2384 worden.
1798 2371 2844 2512 Martzi Rolli Bon Bonen,
1942 2459 2428 2608 trut ein karber
1993 2545 2022 2624 4
1767 2558 2831 2708 ßerung Lernbuchs ist derselb wegen er mit seinem
1801 2640 2818 2777 beiden gehepten gsellen sin keß entwenden helfen
1809 2712 2854 2838 vog einem jahr in der gfangenschaff mit valten
1799 2783 2813 2913 geschmitzt und in sein hännet gewißen worden.
1798 2845 2840 2967 jetzund aber gebt er für es welle imne wegen
1820 2908 2842 3042 eines r unflältigen rüdigen kopfs kennen nar
1814 2973 2784 3093 anstellen und gezwung worden von deß wegen
1796 3052 2799 3172 den allmust nach zu züchen etc. hat keiner
1802 3116 2542 3240 diebstälen bekant sein wellen.
1780 3191 2777 3313 isder ist mit einer census ein senst
1808 3273 2625 3380 heinent verweßen worden worden.
1756 3358 2784 3495 den 5. julii 1645 ist er mit dem lyd
1780 3456 2709 3564 von Statt vnd Land verwißen worden
