3024 4032
722 321 1699 627 ae edigen
682 371 1693 679 veseenn
703 454 1688 746 ele e eehl
730 530 1701 825 r sete etat
690 603 1685 883 GGott befraret Sy mit dem Wust nichts
680 684 1656 949 zuschaffen, und habe selbs nüt ihr dec
720 767 1546 983 er sich hinweg gemachte, Sy aber
499 900 625 983 a
713 855 1682 1094 anderen ere nach gefolget und gesechen
1568 917 1665 1021 syed
691 923 1675 1169 ider ein frauwel an leinem fuß gehert,
701 1015 1677 1241 nachdem aber sy beiden widerumb zu dem
671 1076 1663 1316 Stäg kame und darüber gewandlet
670 1179 1681 1389 wäre damals, ein sölichen starken uid
661 1240 1646 1431 dahar komen, das sy ihmeinteh überab
673 1307 1655 1539 hennnd zefallen, habind aber nütge
674 1410 922 1550 sechen c.
678 1541 1637 1722 Dene von ungefar 4. Jaren, alß sy zu
645 1613 1662 1794 Päter kind ort einem beaüßen fagt, laub
684 1697 1651 1876 ab dem kilchhof geholffen tragen, sye
630 1771 1663 1958 der mößgeist Joeg neben einem schaf alwo
686 1857 1651 2013 sy das kansb hinüber geschüttet erschinen,
444 1897 673 2005 sy ime dar
442 1984 640 2067 mah ergken.
706 1954 1617 2083 ren gelt verheißen und in enfur
441 2024 592 2088 und er
646 2032 1628 2183 Pappir Samen gegeben, Irey beuolcht
643 2102 1636 2248 daß vych zeuerderbi weliches (ab
673 2200 1630 2333 wol er iren getröüwt) sy nit thun
677 2272 1632 2394 wellen, Sonders denselben fr vneltem
658 2348 1627 2493 Japow hinweg geworffts, vnd wie
661 2442 1625 2567 mand mirt weder verderbt, noch geschedget
649 2524 829 2638 habe,
588 2619 1618 2800 Den dant belanget, habe sy nit nehralt
646 2706 1609 2839 ein dantz mit dem bößen, so ein kaltehand
633 2764 1612 2930 gehelt gethab und sye söliches nachts
611 2832 1610 3039 blemei ires bedinrens by einem hanz
574 2911 1594 3110 Liecht geschechen, Nach dem derselbis fur
569 2995 1597 3201 Beber gestr sye alles allda schlaufden.
623 3099 1611 3280 und sy sensig alda Bblik uund Heiwig
388 3128 1608 3428 lichwal tang shylhlibe aber wemanr erbensen
627 3230 1601 3479 daß sy aber sich dem hlösen geist ergeben
390 3324 864 3451 vel lüth aldaß
639 3304 1587 3542 er etwas bößen gelsid, sye es hang
378 3412 551 3525 gewsßen
643 3375 1596 3592 nit und was sy das vneldettselb
1787 364 2874 638 die große wart, darzugebrachte, habe
1833 464 2880 696 habe fra auch in etlichem unreht gelhatn
1772 524 2879 781 bch solches, worin nüt anzeigen sföllen,
1787 654 2843 885 Ist 2m Cär und 2 m mm dem kl stein
1900 800 2244 957 gegewendig
1948 1035 2708 1197 Ursula Hirz von
1965 1150 2476 1283 Wisflispurg.
1747 1231 2860 1410 Wils deselbe tn bösen vedacht eiuner vn¬
1749 1330 2838 1490 schuldes snd dohase is die gfangenshafft
1782 1395 2893 1551 gelegt worden. Ist sy dasit sy des Burgen
1747 1475 2889 1613 kafft alsie nit mehr überhet und auch nüt
1731 1547 2879 1703 uß sy anders weder sy by Hanß Krauch
1759 1623 2892 1764 tegen taler ein unten ehelich kind ertugt
1733 1701 2872 1858 gebracht werden moch mit einer starken
1724 1784 2878 1932 vermanng hinwegl rem Erenah achtu
1737 1865 2890 2020 züchl gewißen worden Etum 7. eembris 1b 45.
1824 2144 2722 2290 Barbli Rtettheruz sonst
1884 2249 2662 2366 genant Haumen von Pätereinsleg,
1711 2353 2834 2533 Alß dan kurz abgeloffnen tagen
1720 2480 2849 2603 Barbli Stettleri sonst genant von Päter finden
1745 2541 2817 2670 weliche auch der hephereyhalb berüchtiget
1750 2602 2858 2719 worden uß beylch   von ders aaupts
1756 2694 2866 2838 man zu landtskeit gfencklich alhar geschickt,
1704 2757 2839 2920 Vnnd deß halben den etsten Ethiguat, vnnd
1735 2845 2820 2993 13. eptmbris die s 1648. jart jo 6 weses vor
1724 2932 2821 3070 und wol ehemel es d fl Lam sachs deß
1699 2979 2856 3154 Kleinen raths Hr Andolsch seinhers daß umb
1733 3087 2840 3216 gelters (von Burgers 1 Rud Wursten
1705 3150 2809 3330 bergers Großwreibels und etlich trheibleg
1690 3239 2785 3413 Angh und Obteren dienern, ueß hochermelt
1695 3324 2776 3501 E gden beuelc i geekanten stwerben hund
2870 294 2967 377 57
