3024 4032
705 350 1690 672 rlae
719 433 1683 748 balte den
723 530 1659 806 nesellh
715 612 1103 768 gahn wollen etc.
722 719 1672 1013 en e keen
682 826 1657 1067 der dantzblah Gzlodenss ouch führgehalten
714 902 1659 1140 und befragt wordes und wolheeits nach
699 966 1624 1192 velfalstigem gethanen laugnes sy beiden
707 1061 1631 1260 gegen einsanderen gestelt vnd gehalten
681 1138 1644 1364 worden. Ist die seliserlin ift hr
695 1207 1623 1424 osmibn verbhikhen, die andere aber
715 1300 1619 1520 nit wellen gestendig sein, das sy sihfe¬
700 1383 1645 1600 malen Is dergleich wensams zusamen.
682 1451 1391 1656 kauffen habe gunden laßen
1435 1907 1495 1982 a
571 2158 1574 2330 NB. Dise zwey blat sinde zerißen und
649 2276 1456 2419 en hldac ußgescheittn worden.
2418 184 2908 347 49 505
1954 373 2663 645 ut 1 s
1874 496 2656 728 teerfege
1726 595 2826 922 Salti e eten
1750 703 2841 973 Unser aller schörffer und erhalter hür
1775 792 2874 1038 und wider, hs seinem heyligen göttliches
1767 837 2896 1108 wort, so wol altes als nüwen testaments
1781 947 2828 1181 haus ernstlich vermant, das sitenmal
1752 1041 2857 1260 Fur nit ein einzigen Ougenblick bestlan,
1786 1124 2866 1321 sönend und magend, Nebes dem vnder
1786 1196 2850 1390 absehagter kind, der tüfel, die wäldt,
1768 1291 2897 1477 gaouch grad unser eigen Fleisch selbs nit
1769 1389 2854 1561 vhört anzufachten, sonder ußerst
1788 1463 2884 1624 einem vermogen nach, zu allerley sund
1779 1566 2869 1700 vnd Castertn reihen, vnd betregen thutt
1773 1638 2852 1805 danenhar und von deßwegen Clidistus
1693 1728 2898 1870 der heir is seinem gebät under anderem
1774 1815 2875 1927 auch uns also gelort sprächen, füre uns
1771 1918 2866 2040 nit is verstichung, sonder erlöse uns
1739 1992 2793 2146 von dem bösen, SSo ist doch söliches
1753 2088 2859 2220 leider by seilen montthen nit umb sauil
1749 2157 2879 2300 bedencklich, das das sich Iren veil, wider
1755 2252 2880 2425 anzogne heilige schrifft, wüßentlich ver
1754 2326 2882 2497 geysfendt. Wil das (gegenwürtige)
1720 2426 2888 2597 Margreth Schiferli pürtis zu Worlauff
1725 2506 2850 2688 Alß welche Schan. sit vilen Jareh dahar¬
1747 2594 2868 2778 deß merklichen großen schadens und ver
1743 2688 2859 2854 linsts, So ibe Gmeind zu Kinsbach, vnd
1676 2778 2856 2959 darby ligender orten an Irem gut, erliten,
1734 2846 2849 3047 Is bösem gezig, vnd verdacht gewesen, vnd
1708 2935 2784 3123 deßwegen verschiner tagen von vgden
1736 3017 2801 3177 wurtsmah zhu frouerbannen, neben
1750 3126 2835 3290 einem debstantzlich bricht shro bes, Pfenklich
1754 3211 2835 3365 alhar geschickt unnd volgents des 17. uand
