3024 4032
746 392 1516 635 dano stetn
766 483 1471 687 venbuch ge et ale
860 559 1238 674 beid keßslerh
638 677 1599 905 Den 12. junii a 1645 habend uß v
680 764 1592 989 benelch, die erennesten frauh shüeder
651 817 1599 1029 fürsichtiges wyßen herre, h marnnach
652 897 1604 1106 dechauper vns deß kleine Rll
664 935 1551 1143 und h Großeribel Wurstenbet
662 1055 1591 1227 die verschiner tagen, wos dem füken
650 1133 1601 1299 schultslichsord zu thun getenklich alher
677 1197 1579 1372 s berschiesetes harrs landtstrychend
634 1289 1585 1446 Keßlehr, namens Hans Rüisher v
630 1360 1588 1489 Röstenbach und Melcher Muffl
677 1435 1605 1618 von Bleichenbach. So kral ernstmütg
644 1525 1588 1659 Alß auch mit zimlicher Marter hu
630 1599 1590 1737 Strecki thurn volgender maßen se
668 1669 1583 1824 miniers Und alß erstlich hoch
634 1745 1594 1882 Seüßele befragt werden u wasb
685 1838 1583 1956 wegliches Vrsachen, Er die feiige
689 1905 1595 2040 ans pfohz, mit dem Biel Sofferli
674 1970 1585 2117 verlezt und verwrünt und weßer
677 2070 1594 2183 für eines bößen willen, zu eine getrags
681 2140 1590 2275 oder ab er der gleichen foste stuknd
670 2227 1559 2346 ero mehr möchte sübt haben
664 2302 1573 2445 Dat er geantwortet, daß mu
677 2385 1577 2520 dem war ungefahr dreyen Järeh
659 2444 1580 2633 jme uan einem wigt daselbsten sol
419 2496 630 2641 zu Leyas
589 2523 1579 2703 Nicolae Namset iz ensem fruss
678 2619 1552 2781 wyns ein furgaz und böste sachen.
632 2716 1573 2897 zutrinken geben worden, yeer
640 2772 1573 2978 Trufhin zum seites gantz verirt
1314 2860 1471 2926 r da
640 2894 1570 3054 firfntig worden, Da halier
638 2970 1569 3142 Damals aber is söliche virgrunge
638 3032 1556 3231 komen, Caßer heider dem feis
604 3118 1566 3331 Mahnn (welicher ime sein löbtag nit
636 3167 1569 3402 leidts gethan Auch Ime, keines bis
652 3260 1561 3494 wille nit getragen) der schafft
2724 365 2821 445 35
1751 431 2740 663 gefüst, Eß habe imne aber gedunkt
1749 525 2769 694 er sye der scharfsrichter und müße
1756 594 2749 780 söliches thungen wögliches aber inse
1766 672 2774 813 an grüdt seines herzensleidt das
1749 739 2776 894 eßert dssem weder mit diebstälen,
1768 796 2746 964 nach sonstes sanderen bößen stuket bim
1759 867 2786 1020 erangessten, nit vergrifft und werde auch
1732 930 2814 1092 dißel vas demaadts beschuldiget werden.
1738 994 2789 1188 sinders lederzeit mitf seinem wyb
1763 1064 2755 1250 genampt Anna Buffar seßen Saspan
1706 1126 2739 1309 sso er vor 16 jaren geehrlichet und zu
2361 1210 2452 1264 für
1722 1199 2770 1369 Stanißburg zu keilchen gangen, sich durch
1757 1292 2727 1456 ehrliche handarbeit erhalten habe,
1722 1404 2797 1549 Ist 1 mal hör und 1 mal mit dem kleinen
1723 1512 2317 1617 stein uffgezogen worden.
1860 1991 2623 2138 Nelchor Mufflin
1886 2098 2569 2206 von Gleichenbach d. Keßlern
1705 2242 2821 2391 Alß derselbig befragt worden, worumb
1744 2351 2802 2466 ervor etwas abgeloffner zeit Harzer
1717 2408 2787 2540 Seinni mit dem waßer, dre stich geben,
1733 2474 2802 2629 und ob er nit willens ihm, denselben seines
1723 2559 2739 2687 läbens uberauben, Otem warumben
1746 2640 1835 2714 er
1833 2620 2724 2739 sih auch uf ein zeit mit dem bloßen
1696 2683 2759 2849 Wesehr im Haßli Hölzli findes cassen,
1751 2760 2742 2896 vf was end söliches beschechen, oder ob
1735 2845 2756 2958 er auch sonstehn ander Pabto, uf die lüth
1739 2934 2740 3046 gewartet. Datther böafber ver¬
1733 2994 2774 3137 meldet, aß als er und die jengen
1654 3070 2703 3198 uff der hembstras gewesen, snd er
1706 3143 2755 3277 sehr trunken shint, Sye ehr umb etwas
1748 3220 2777 3350 zuruke geblöben, vnd sich nachwendig sinnen
