3024 4032
857 344 1627 650 Alarlbs she
1030 520 1492 699 ver borlensen,
735 625 1651 885 Heinnach Verschiner tages Margreth
714 703 1364 887 schiterlin von Worlansfe
1360 827 1634 941 ub vsahen
702 785 1640 1024 Dys der Haperen verdächtig zu hrun
751 866 1612 1078 brunnen. In gfenckliche verhafftunggee
754 952 1626 1170 nammen unnd durch shel Auffen
743 1018 1610 1233 aselbsten, neben einem bruchtschryben,
739 1108 1615 1306 wrafsamlich alhar überschihkt und
695 1159 1619 1416 Goßwegen luth rath soßels beuolchen
742 1276 1614 1515 erden, syn derselbigen Haper
728 1379 1630 1576 wie ouch anderer vnthaten halb, sandt
738 1451 1632 1645 aber, daß sy by tanpbath umbs
735 1534 1621 1717 it etliches Jarxh Dasar vil s
715 1627 1618 1814 sych sölte verdenbt haben, inge
713 1708 1611 1887 wantem Strerkin hhg mit simlicher
636 1792 1619 1995 Marter zu exalmnieren und in bscheie
656 1889 1615 2066 I gden hn referieren. alß it ch
706 1982 1599 2133 benelch zu gegenwürtigkeit
688 2066 1599 2229 ehrenn esten e e faltol geacht stëe
651 2161 1588 2303 H  lags kambachs de
663 2257 1607 2388 Keines raths H Samuel Statter
672 2354 1590 2490 orfrybers der Burgers und hers
650 2440 1603 2581 Großweibel unstenbergers samhe
690 2524 1582 2707 etlsicher Weiblen u. gden diederen
669 2626 1590 2781 d des 4. augustii 1618 tari 69
648 2707 1399 2889 gestelt und verricht worden
627 2872 1580 3074 dung nach dem man sy befragt obl
640 2980 1578 3172 sich in trer jugend nit sllfaltig
655 3068 1569 3237 mit Hiefen und ehebrich verganget
630 3185 895 3368 haben
568 3247 1543 3471 antwort, sy nit mund, ws das sy sich
632 3329 1574 3523 mit vier underschidenlich hedise gsant
1616 2175 1711 2255 derselbeg
2674 197 2807 297 43
1746 302 2798 676 ertenh le
1777 403 2849 707 eoste Fäler by ungfar 4r tafs mit einem
1813 447 2854 757 a ese
1738 514 2869 830 theilb isin begangen, welichem sy lamalt
1791 626 2832 907 Vueselich Kinde zeken, darumb abge¬
1752 694 2869 974 bist senangesechen er wra die ehr kehracht
1742 743 2912 1044 diese brigen ihren ederanders nut bekant.
1753 840 2900 1121 wreder, daß sich iher eint Hanß Hauwert
1745 930 2750 1199 der ander Jarab genamseten, da mit sy
1714 1019 2874 1279 vn aber Ramsere u auf aber von Bibersch
1741 1208 2011 1374 gewehs en.
1732 1279 2794 1510 aß sy aber auch befragt worden, wie
1774 1396 2799 1589 igemacht, daß deg Punen zu Limplach
1726 1448 2837 1678 Bul roß vnf Vych drufglagen, vnnd
1745 1563 2776 1730 ob der patan villicht irey nit mitel
1715 1665 2764 1824 darzu gegeben habe, oder wie sonsten sy
1736 1746 2748 1916 sellhen zuwegen bringen fönnen,
1725 1869 2853 2020 antwort sy habe den tag Ires lebens
1685 1995 2791 2129 der gleichen Im Sinzighan furzunemen,
1748 2057 2875 2205 noch sich deß wusts zu geladen auch jane
1745 2158 2837 2299 mentalen gesechen, nacheiren begegnet, das
1739 2240 2778 2386 der satas mit wrey nüt zuschaffen habe.
1739 2329 2768 2466 sonder sy frage irer seel und selig
1732 2400 2820 2528 keit bin heßere rechnung und geslihe
1736 2483 2817 2621 wra hierin groblich unrecht Carfibsi
1703 2571 2621 2733 das dam nit also sterben welt etc.
1688 2686 2793 2879 Bnagt, Waruub sy an denen orter wo
1731 2817 2801 2977 sy das allmusen gehanschen, so böses bcheidt
1732 2880 1899 3012 geben.
1708 2937 2764 3071 Darüber sy geantwortet Was man
1762 3035 2749 3156 y lagg glissen warten und demnach
1744 3082 2774 3236 sanx allnussen abgewißen, sye sy dens
1762 3183 2759 3312 malet Josengedalt ußzebrachten und
1745 3249 2796 3398 etwas bose wort lauffen laßen, anders
1743 3337 2330 3475 habe sy mit gethan etc.
