3024 4032
788 289 1635 616 Eur snn d
922 449 1605 699 en hen dee
699 575 1590 875 A   h
681 697 1662 961 Von Erlachs beyelch droben in der e
697 796 1694 1069 schafft mit ernsthafften worten, durch den
704 887 1704 1179 Beide diener den Amman im raht
709 956 1675 1263 n dessehe enit
680 1081 1605 1298 Der hat vermeldet und anzeigt
671 1177 1686 1511 E edenterinten
717 1363 1662 1577 eines roses, so er uf dem Lindachund
705 1473 1691 1663 genomen und entfüeren wellen, Im schule
706 1526 1658 1722 werk enthalten und hernach widerumb
690 1603 1664 1828 entlediget worden, sye er nacher Fryle
684 1703 1659 1883 gangen daselbsten er, Zum Schmiden en
690 1799 1420 1928 beschlagnen Köffel genomen.
624 1926 1636 2111 In Bipp ab der weid habe er, vnd sie
686 2023 1648 2197 gsan Cunrath genampt ein fryberges
666 2122 1656 2261 wrelicher zezumt In Burgendt ga
670 2210 1655 2308 bar stiefen genomen, dieselben im kllas
647 2284 1646 2432 zu Rufacht, daß bar umb 72 dublon
655 2366 1648 2514 verkhoufft, daruon imme zu seinem theil
645 2452 1531 2587 72. sublonen gezogen und worden.
636 2584 1639 2729 Zu Krouw y Vietel Kärnen haber
645 2685 1364 2851 ußem khaufhußß entwert.
486 2816 1645 3025 Vor 6. od. 1. wechen Sye er zu Slchen
614 2916 1633 3105 wegen obiger stieren gfangen gsin gm
620 2992 1621 3180 er ufs mehr söllen verschickt werden under
604 3072 1615 3268 wegs aber alß der Treybel und prouw
581 3141 1606 3396 zu khelchen gangen, habind imme die pur
592 3234 1590 3438 die isren abgemacht und uß grissen.
2856 241 2955 343 60
1838 515 2870 798 zu Basel mit seiner lienen, habe er sich
1839 606 2887 883 auch Er Rere) In Bureg vergesen sye
1851 686 2918 934 wollens gsin mit j Hauptman von Frlach
1883 795 2946 1044 hhon hinwag gewäßen zu Krieg gezuhen.
1780 1035 2909 1241 Zu frutigen, alwo er ergriffen worden,
1823 1152 2903 1287 habt er dem wirt ein hembli entwent
1795 1226 2954 1407 und hieneben nit bekhantlich sein wellen,
1827 1312 2900 1479 daß er begert uß dergfangenschafft zu
1820 1404 2809 1565 prechen, noch daß er vernerr Diebstäl
1825 1532 2099 1662 begangen.
1776 1644 2701 1824 iltet ir g umb verzgehung
1817 1805 2924 1977 dr Lelsten diß nonats eptembris ist dißer
1798 1928 2885 2068 Jacob Schürman ruth myht und oberen
1818 2019 2826 2149 beuelch in dem gewohnt Strecke, Turn
1816 2079 2781 2214 omlich examiniert worden hat aber
1817 2160 2876 2314 ander nützit, dan wie vorstaht bekhennen
1811 2231 2929 2402 w�llen, allein geben habe er einem herren by
1803 2312 2952 2483 dem er gedienet ein bahr hentschen entbrömbet
1771 2459 2869 2644 Ist 1 mal lär, 1 mal mit dem fleinsten
1792 2562 2869 2755 Vnd1 mal mit dem nachgehadern stey
1808 2667 2774 2820 uf gezoget worden. Ectum ut supra
1765 2917 2862 3108 Den 3. ecembris6 98. ist er daß schallen
1807 3063 2541 3220 werk ungefeßlet worden
