3024 4032
430 1980 594 2093 abstlich
748 326 1616 669 is eomnsad
734 432 1634 756 ete
734 508 1622 799 vetene
1614 679 1687 763 n
720 565 1694 900 in n ee
724 673 1687 990 venseit een
717 733 1674 1043 aien ihal
718 825 1688 1135 perlen nt a
727 927 1663 1188 inghu vnd Oberen dienten, In gewanten
661 998 1662 1277 Staecki thurn erforderlicher maßen, lg
660 1123 1645 1331 minicct worden, Weliche dan, hernach
669 1198 1663 1463 geschribne Hoche Schwärt, vnd abschihlih
631 1269 1640 1533 mitland küngel mit rüwenden geezen
660 1354 1640 1603 daselbsten vergachen, vnd bekent, auch
678 1469 1647 1686 selbige volgents mit der marter gehalt,
651 1554 1209 1703 vnnd bestettiget.
579 1707 1639 1928 Damlichea, vnd deß ersten, daß nach
651 1815 1640 2002 dem sy von unserem Warph allein sellis
670 1902 1621 2079 machenden Glauben abgefallen, vnd die
634 1979 1644 2130 Catolische Retion an sich genomen, sye sy
625 2088 1642 2213 hernach ein gute zeit cahar in der araut
623 2153 1641 2311 herumb gezoge). Vor Rrngefar 10. jarg
635 2245 1620 2398 aber, were Iren In einem gwußts huß
611 2330 1620 2468 zu Limpbach, alwo sy übernacht gklegten,
616 2407 1621 2520 vff dem abend Gott bewahh vns de
594 2500 1635 2649 Böse grist das montschlicher gestalt begnt
614 2584 1620 2731 mist jragespräch gehalten, gold undrsiheug
591 2662 1608 2815 zu gebet versproches, In weliches heutt
569 2766 1607 2933 Faltsches augiurz. sy ime gelost und endlich
577 2837 1574 3000 Leider dahin gerathen, das sy sich dem
554 2927 1573 3091 Bösen Gleys gentzlichen ergeben, Vnnd
569 2984 1608 3180 also den Allmechtigen Gott Jaen Erschehe
553 3111 1583 3260 Erfäßer und seligmacher verlangget,
573 3168 1592 3357 sein firigswort verlaßen und hamnt
507 3280 1514 3474 dem verflüchten tüffel gehorsamet etc.
2840 264 2957 342 52
1810 361 2948 666 s soliches nun habe syn bey Boss Geist
1768 456 2918 743 die jerz vermeldet, was sy innes scühe mit
1768 516 2943 829 Aoo Hänßli Rüßer sohe und nach dem
1790 566 2936 889 deselbig fra zu gemufet allergenenderk
1782 692 2889 964 Bahe  haruf zwrüschen mehben unnd
1778 767 2915 1020 Barohissndt vermitlest dess von ime
1771 839 2881 1099 satas empfangnen samens gsunh unnd
1805 952 2894 1164 die form ghlas, wie dan klichanfen einem
1763 992 2923 1252 Stierfi dargeworffen und elißselbig damit
1784 1097 2875 1360 zuseunden gerichtet. Die salbes aber sy
1765 1179 2837 1414 der zra geben, lüth und gut durch söliche.
1770 1267 2932 1512 zuerlemen, Sy menlalen gebrucht: sonder
1766 1376 2715 1588 Glich hinweg geworffen habe,
1758 1590 2948 1784 Dennach so sye gesagter In Hanßl aber
1808 1703 2906 1863 mallt Jart ic einem grünnen kleid mit
1767 1794 2842 1949 Geyßfüßet, Is einem holtz by einem
1779 1881 2879 2006 Lrützweg, wie man von Labache gegen
1773 1970 2886 2114 Eßzigkoten gangen Ershinen, derselbig
1783 2052 2896 2233 habe dihe selnen Mithwillen, mit Ir Ime
1775 2128 2814 2304 zutryben angemutet, weliches sy ime
1689 2219 2857 2428 Gwillfaret, daruf er  syb zu bad
1775 2305 2826 2500 gestossen, wa die Pleidele usfgehapt.
1710 2373 2876 2582 und seinm begeren, mit ime verlbracht,
1702 2472 2840 2646 Nach dem aber söliche slantliche vnnd
1752 2570 2912 2769 abtlüchliche hat für vber gewosen, habe
1759 2619 2897 2855 erseet Roth vernert seines samens
1734 2721 2917 2956 geben, mit welichen sih durch deß bösen
1691 2812 2829 3052 geiste antrib ysich Gadanen ufdaß
1697 2890 2833 3136 Angebach 1ooß begeben, densselben uß
1712 2980 2897 3243 Die wid gesäyt und damit 2 hauptseych
1678 3057 2403 3310 Sih gsit
1764 3245 2915 3503 so hat sy noch berners vgrmeldet, daß alß
1675 3303 2925 3664 Ptfin zeit gegen dem aben von Paserseiden
