3024 4032
709 286 1618 531 armen syen, nit erwachen müßnt
707 377 1647 605 Item, das ser vil diebstal mit hilf seinen
709 448 1602 659 gespanen verrichten helffen, Ghottt
645 517 1647 737 achter gefangnet neben anderes sei
1584 601 1655 672 In.
701 601 1663 815 faltigen. ihme fürgelahtnen antielen
674 678 1653 879 Iß keinen weg bbegangen Inhaben ge¬
716 759 1660 967 stendig nach eekantlich zein wollen
650 800 1638 1022 Dan allein ein henmkli und 2 leib
709 912 1295 1067 broth gengmen zu haben
676 986 1658 1189 Item das er vor 3 oder 4 jages nüt
702 1097 1670 1287 eryt von Burgdarf etlich sütschen das
691 1167 1651 1345 Ime unbekacte gsehlen, angetroffen.
705 1245 1665 1413 mit jurs etwas gestohnen sprrcks uf
693 1317 1643 1484 demort. da sy denselben gesuchet
469 1379 1676 1563 doch den nießenthelffen, dantals er wr
463 1448 664 1542 nit tälen
717 1472 1666 1616 nach gnagdorf gefürt gezeihnet und
706 1570 1664 1735 Eydelich Sod Sthatt, vnd kand verwisen
710 1632 974 1756 worden,
538 1726 1634 1856 So wyerauch hieuar mit einer tütschen
676 1826 1640 1940 Finnen ab zeit lang umbher gezagen,
658 1894 1654 1998 dieselb aber Im Burerien Piet, ver¬
707 1963 1667 2088 laßen, Sonsten habe er des tag sene
687 2035 1673 2167 läßens nüt bößen gethan, sonders sich n
665 2100 1494 2232 erlicher hand erbeit ershalten.
627 2318 1652 2464 Bitet also Gott seinen Schöpffer, vnd
682 2388 1656 2538 Seinwach und gdie janigklsich umb gnad
578 2492 1195 2635 Dn vzychung
704 2712 1660 2910 Diser diebolo Peloti Ist 3. mal bär
676 2806 1643 2971 das 4 mal mit dem kleinen stein und
660 2904 1635 3065 daso mal mit 2 steinen uffgezogen
696 3026 1126 3173 worde
1693 1169 1779 1250 sein
1685 1240 1768 1337 thaten
1730 490 1791 605 1
2063 283 2740 557 tern ass
1932 443 2517 619 Frongemelt
1806 505 2929 834 Miewol derselbig sof hut den 17tug.
1835 619 2911 870 diß Jars uß gh buselch durch ihm
1781 669 2967 964 Befzicht wahetli dero geliebten mitbath
1813 779 2892 1012 ersen j Jost vog diesbachvn und
1769 844 2956 1108 Gabßiberbel wurst inbesegers mit jun-
1827 919 2869 1127 licher martere pyrlich examiniert
1815 985 2936 1190 und befragt worden, dochmalen anzu-
1826 1059 2961 1264 segen, daß für böste stukter begangen.
1832 1135 2881 1348 daß ein shache soberkeit Bur zukilie
1804 1207 2909 1404 wahrheit von seine wüßen und habe
1815 1291 2941 1483 wöllen. Hatt er doch überheiuor
1815 1367 2875 1562 geschribne diebstäl anders nüt
1817 1437 2964 1612 gekeantlich sein wöllen, wieder es bringe
1812 1528 2908 1698 imne die großen warter darzu saches
1737 1601 2962 1771 Inreden, die er vemalen gethan, sands
2568 1687 2940 1822 ahsend
1814 1709 2440 1833 ein hertz gerumpt haben
2418 1768 2623 1838 bekent
1798 1783 2886 1926 lichen am der Manter grede er sye
2782 1865 2879 1922 aber
1795 1861 2943 1998 by seiner dochter geleb irsa nüt
1776 1940 2884 2071 schuldig worden, nach etwas mit fra
1783 2016 2933 2156 zuschaffen sohan, dDas alß er mit seinem
1769 2096 2920 2241 gsund im land herumb nagn biß frylen
1757 2165 2926 2311 n ein brih alle zn einen beth vnnd
1777 2245 2872 2398 verbaug liten müßen, Es sye haber
1816 2313 2979 2521 ein bub gwüschen, innen geseze Vnnsag
1806 2410 2946 2596 er der gleichen ehanthates uf sein docht
1804 2475 2858 2667 reden er iren frolllich unrecht thun
1810 2581 2900 2747 wurde, das er wol wüße, sy ein
1811 2641 2926 2839 söliches van ime nit bekentlet werde,
1824 2727 2847 2941 nit nochwälig gethaner bethürung
1683 2784 1780 2875 dem
1791 2803 2922 3006 erharn seiner techter ganz unrecht
1653 2859 1763 2958 s
1795 2850 2953 3088 gethan und soliches an der marter
1748 2954 2961 3184 verhalten, weliche so groß, das er diß gesagt
1767 3027 2954 3271 dt, damit maß Inn herunderlaßen
1721 3122 2872 3406 It ig Kär das 2 ma mit dem klnstein
1707 3247 2874 3518 und das 3. m 2aal mit 2 st ufezogen
1796 3332 2021 3446 worden.
1783 3404 2684 3648 sy giemit widerumb entschlagen,
1775 3528 2886 3772 ist den ocbr 1697 mit dem eyd hen statt und
1766 3579 2340 3751 dn Kanen waden
