<?xml version="1.0" encoding="UTF-8" standalone="yes"?>
<PcGts xmlns="http://schema.primaresearch.org/PAGE/gts/pagecontent/2013-07-15" xmlns:xsi="http://www.w3.org/2001/XMLSchema-instance" xsi:schemaLocation="http://schema.primaresearch.org/PAGE/gts/pagecontent/2013-07-15 http://schema.primaresearch.org/PAGE/gts/pagecontent/2013-07-15/pagecontent.xsd">
    <Metadata>
        <Creator>prov=University of Rostock/Institute of Mathematics/CITlab|PLANET AI GmbH/Gundram Leifert/gundram.leifert@planet-ai.de:name=German_Kurrent_XVI-XVIII_M1(htr_id=19584)::::v=2.6.7
prov=University of Rostock/Institute of Mathematics/CITlab|PLANET AI GmbH/Tobias Gruening/tobias.gruening@planet-ai.de:name=de.uros.citlab.module.baseline2polygon.B2PSeamMultiOriented:v=2.6.7
prov=READ-COOP:name=PyLaia@TranskribusPlatform:version=0.3.1:model_id=26190:lm=none:date=10_10_2020_11:05
prov=READ-Coop:name=PyLaia@Transkribus:version=0.3.1:model_id=26190:lm=none:date=10_10_2020_11:04
prov=University of Rostock/Institute of Mathematics/CITlab|PLANET AI GmbH/Tobias Gruening/tobias.gruening@planet-ai.de:name=de.uros.citlab.module.baseline2polygon.B2PSeamMultiOriented:v=2.6.6</Creator>
        <Created>2020-10-10T09:26:37.954+02:00</Created>
        <LastChange>2022-09-09T15:24:39.150+02:00</LastChange>
        <TranskribusMetadata docId="1334826" pageId="52360722" pageNr="77" tsid="114642490" status="IN_PROGRESS" userId="9570" imgUrl="https://files.transkribus.eu/Get?id=BVMIDYEJSSQNJBUAXVVFGXGU&amp;fileType=view" xmlUrl="https://files.transkribus.eu/Get?id=KZXFXQJYHMZKUBQVWSONLCMY" imageId="16417214"/>
    </Metadata>
    <Page imageFilename="471_61.jpeg" imageWidth="3024" imageHeight="4032">
        <ReadingOrder>
            <OrderedGroup id="ro_1687513753097" caption="Regions reading order">
                <RegionRefIndexed index="0" regionRef="r1"/>
                <RegionRefIndexed index="1" regionRef="r2"/>
                <RegionRefIndexed index="2" regionRef="r3"/>
                <RegionRefIndexed index="3" regionRef="r4"/>
            </OrderedGroup>
        </ReadingOrder>
        <TextRegion orientation="0.0" id="r1" custom="readingOrder {index:0;}">
            <Coords points="606,391 606,3418 1718,3418 1718,391"/>
            <TextLine id="r1l1" custom="readingOrder {index:0;}">
                <Coords points="805,444 1026,459 1207,574 1377,548 1641,663 1684,652 1699,595 1619,583 1554,507 1519,519 1347,443 1293,463 1110,363 943,366 894,294 847,284"/>
                <Baseline points="815,434 858,438 901,444 944,450 987,456 1030,464 1073,472 1116,482 1159,492 1202,502 1245,513 1288,525 1331,538 1374,551 1417,564 1460,579 1503,593 1546,608 1589,623 1632,638 1676,653"/>
                <TextEquiv>
                    <Unicode>s siche </Unicode>
                </TextEquiv>
            </TextLine>
            <TextLine id="r1l2" custom="readingOrder {index:1;}">
                <Coords points="977,600 1003,600 1041,653 1137,611 1173,628 1212,675 1262,656 1294,677 1330,664 1365,678 1393,674 1409,604 1300,561 1221,582 1174,538 1144,530 1124,543 1092,499 1047,526 1001,491"/>
                <Baseline points="989,579 1015,583 1042,588 1068,593 1095,599 1122,603 1148,610 1175,616 1201,622 1228,629 1255,635 1281,641 1308,647 1334,653 1361,659 1388,665"/>
                <TextEquiv>
                    <Unicode>dn Ruel</Unicode>
                </TextEquiv>
            </TextLine>
            <TextLine id="r1l3" custom="readingOrder {index:2;}">
                <Coords points="697,759 757,780 804,749 902,787 979,764 1299,829 1367,882 1430,865 1569,960 1634,930 1718,982 1729,928 1552,754 1351,776 1218,717 990,709 810,639 718,653"/>
                <Baseline points="708,738 758,744 809,751 859,757 910,764 960,770 1011,778 1061,785 1112,793 1162,801 1213,811 1264,820 1314,830 1365,842 1415,853 1466,867 1516,880 1567,895 1617,911 1667,929 1718,948"/>
                <TextEquiv>
                    <Unicode> </Unicode>
                </TextEquiv>
            </TextLine>
            <TextLine id="r1l4" custom="readingOrder {index:3;}">
                <Coords points="754,840 898,847 1052,903 1126,881 1454,992 1525,973 1651,1016 1700,1076 1698,963 1605,976 1460,895 1336,884 1154,807 987,782 903,805 772,758"/>
                <Baseline points="765,824 811,833 858,841 905,850 952,858 999,867 1045,876 1092,883 1139,892 1186,901 1233,909 1279,919 1326,928 1373,939 1420,950 1467,962 1513,973 1560,987 1607,1001 1654,1017 1701,1034"/>
                <TextEquiv>
                    <Unicode>ve andes v</Unicode>
                </TextEquiv>
            </TextLine>
            <TextLine id="r1l5" custom="readingOrder {index:4;}">
                <Coords points="747,954 914,938 972,996 1017,974 1074,1020 1125,995 1233,1030 1359,1010 1390,1047 1500,1066 1545,1124 1695,1137 1705,1084 1561,1008 1306,987 1247,916 1061,948 973,865 921,890 769,837"/>
                <Baseline points="759,932 805,937 852,944 898,948 945,954 992,961 1038,968 1085,975 1131,982 1178,990 1225,997 1271,1007 1318,1016 1364,1026 1411,1036 1458,1048 1504,1059 1551,1072 1597,1085 1644,1100 1691,1116"/>
                <TextEquiv>
                    <Unicode>bsegen drhe</Unicode>
                </TextEquiv>
            </TextLine>
            <TextLine id="r1l6" custom="readingOrder {index:5;}">
                <Coords points="760,1018 888,1032 961,1103 1131,1056 1280,1156 1401,1115 1503,1128 1549,1182 1715,1232 1725,1177 1677,1126 1544,1123 1424,1039 1242,1049 1162,1000 1064,1021 1016,974 974,996 856,939 771,961"/>
                <Baseline points="768,1017 815,1024 862,1030 909,1037 956,1042 1004,1048 1051,1054 1098,1060 1145,1067 1192,1074 1240,1082 1287,1090 1334,1099 1381,1109 1428,1119 1476,1131 1523,1144 1570,1158 1617,1173 1664,1190 1712,1209"/>
                <TextEquiv>
                    <Unicode>ne ech nd </Unicode>
                </TextEquiv>
            </TextLine>
            <TextLine id="r1l7" custom="readingOrder {index:6;}">
                <Coords points="755,1114 1086,1151 1158,1206 1334,1237 1603,1245 1710,1331 1723,1260 1590,1180 1540,1208 1471,1157 1420,1183 1288,1162 1186,1088 1080,1134 933,1075 882,1094 775,1009"/>
                <Baseline points="765,1104 812,1114 859,1122 906,1130 953,1137 1001,1144 1048,1150 1095,1156 1142,1163 1189,1169 1237,1177 1284,1184 1331,1192 1378,1201 1425,1211 1473,1220 1520,1232 1567,1246 1614,1260 1661,1277 1709,1296"/>
                <TextEquiv>
                    <Unicode>ve en den genee</Unicode>
                </TextEquiv>
            </TextLine>
            <TextLine id="r1l8" custom="readingOrder {index:7;}">
                <Coords points="741,1252 882,1249 961,1312 1050,1279 1161,1305 1333,1287 1374,1321 1555,1331 1689,1398 1698,1342 1538,1250 1395,1273 1217,1194 1071,1209 985,1141 755,1171"/>
                <Baseline points="756,1205 802,1212 849,1219 895,1225 942,1231 988,1237 1035,1243 1081,1249 1128,1255 1174,1261 1221,1268 1267,1275 1314,1282 1360,1291 1407,1299 1453,1309 1500,1320 1546,1331 1593,1343 1639,1357 1686,1371"/>
                <TextEquiv>
                    <Unicode>worden befragt und exammiret worden.</Unicode>
                </TextEquiv>
            </TextLine>
            <TextLine id="r1l9" custom="readingOrder {index:8;}">
                <Coords points="1329,1408 1353,1399 1364,1406 1380,1400 1396,1402 1407,1413 1428,1401 1436,1412 1454,1410 1475,1425 1488,1324 1476,1323 1468,1312 1438,1328 1402,1335 1379,1319 1342,1306"/>
                <Baseline points="1338,1391 1364,1394 1390,1397 1417,1401 1443,1405 1470,1406"/>
                <TextEquiv>
                    <Unicode>e</Unicode>
                </TextEquiv>
            </TextLine>
            <TextLine id="r1l10" custom="readingOrder {index:9;}">
                <Coords points="724,1440 942,1450 1005,1503 1230,1479 1372,1541 1488,1502 1704,1589 1712,1528 1624,1443 1507,1479 1384,1400 1258,1429 1031,1355 934,1415 736,1346"/>
                <Baseline points="732,1433 780,1436 828,1439 877,1443 925,1447 974,1451 1022,1455 1071,1460 1119,1465 1168,1470 1216,1475 1264,1481 1313,1489 1361,1495 1410,1503 1458,1510 1507,1519 1555,1528 1604,1538 1652,1549 1701,1560"/>
                <TextEquiv>
                    <Unicode>Namlichen und deß ersten warmnb</Unicode>
                </TextEquiv>
            </TextLine>
            <TextLine id="r1l11" custom="readingOrder {index:10;}">
                <Coords points="714,1542 921,1564 988,1608 1104,1568 1341,1588 1414,1664 1521,1667 1568,1634 1659,1689 1668,1602 1601,1549 1392,1522 1340,1554 1201,1487 1087,1537 812,1454 720,1487"/>
                <Baseline points="723,1526 769,1531 816,1535 863,1540 910,1545 957,1548 1003,1553 1050,1558 1097,1563 1144,1568 1191,1573 1237,1577 1284,1583 1331,1588 1378,1593 1425,1599 1471,1604 1518,1610 1565,1616 1612,1623 1659,1629"/>
                <TextEquiv>
                    <Unicode>waß ursachen er under jr hopptman</Unicode>
                </TextEquiv>
            </TextLine>
            <TextLine id="r1l12" custom="readingOrder {index:11;} person {offset:0; length:18;}">
                <Coords points="725,1617 786,1621 837,1677 978,1636 1082,1690 1232,1669 1317,1729 1459,1684 1577,1735 1704,1735 1707,1708 1412,1661 1345,1594 1264,1623 1158,1573 1070,1607 1038,1571 989,1608 733,1542"/>
                <Baseline points="732,1611 780,1618 828,1623 876,1629 925,1633 973,1638 1021,1644 1070,1648 1118,1653 1166,1657 1215,1661 1263,1666 1311,1671 1359,1676 1408,1683 1456,1688 1504,1696 1553,1702 1601,1710 1649,1719 1698,1728"/>
                <TextEquiv>
                    <Unicode>Abraham von Frlach zum sanderen mal</Unicode>
                </TextEquiv>
            </TextLine>
            <TextLine id="r1l13" custom="readingOrder {index:12;}">
                <Coords points="727,1752 802,1726 889,1761 942,1727 1014,1768 1136,1733 1317,1786 1524,1779 1586,1829 1686,1816 1671,1736 1373,1737 1185,1682 1131,1710 954,1645 838,1677 739,1620"/>
                <Baseline points="738,1700 785,1705 832,1711 879,1716 926,1720 973,1724 1020,1728 1067,1731 1114,1735 1161,1739 1209,1742 1256,1748 1303,1750 1350,1756 1397,1760 1444,1765 1491,1770 1538,1778 1585,1784 1632,1791 1680,1800"/>
                <TextEquiv>
                    <Unicode>gedinget, ime aber nemnalen gehalten,</Unicode>
                </TextEquiv>
            </TextLine>
            <TextLine id="r1l14" custom="readingOrder {index:13;}">
                <Coords points="707,1795 763,1801 821,1849 865,1820 917,1820 1051,1884 1095,1854 1120,1871 1218,1842 1225,1758 1117,1778 1075,1757 1016,1781 963,1731 892,1779 823,1743 710,1762"/>
                <Baseline points="714,1796 740,1797 766,1797 792,1799 818,1800 844,1802 870,1804 897,1805 923,1808 949,1811 975,1813 1001,1815 1027,1818 1054,1821 1080,1824 1106,1826 1132,1828 1158,1830 1184,1832 1211,1833"/>
                <TextEquiv>
                    <Unicode>noch mit gezogen?</Unicode>
                </TextEquiv>
            </TextLine>
            <TextLine id="r1l15" custom="readingOrder {index:14;}">
                <Coords points="598,1998 668,1976 710,2010 1671,2058 1604,1966 1363,1907 1267,1948 1212,1902 1079,1942 978,1905 602,1929"/>
                <Baseline points="606,1971 658,1977 711,1982 764,1988 817,1992 870,1996 923,2000 976,2003 1029,2007 1082,2010 1135,2013 1187,2017 1240,2020 1293,2023 1346,2026 1399,2028 1452,2032 1505,2034 1558,2039 1611,2042 1664,2046"/>
                <TextEquiv>
                    <Unicode>Antwort, wie daß nit minder s</Unicode>
                </TextEquiv>
            </TextLine>
            <TextLine id="r1l16" custom="readingOrder {index:15;}">
                <Coords points="691,2062 841,2056 1011,2105 1172,2087 1270,2134 1425,2093 1656,2131 1660,2055 1632,2046 1575,2066 1491,2037 1405,2076 1194,2021 1075,2036 1027,2007 941,2052 694,2004"/>
                <Baseline points="699,2058 746,2061 794,2064 841,2067 889,2070 936,2073 984,2075 1031,2078 1079,2081 1126,2083 1174,2086 1222,2088 1269,2091 1317,2093 1364,2096 1412,2099 1459,2102 1507,2106 1554,2108 1602,2111 1650,2115"/>
                <TextEquiv>
                    <Unicode>wol er anfencklich gelaugnet und sich</Unicode>
                </TextEquiv>
            </TextLine>
            <TextLine id="r1l17" custom="readingOrder {index:16;}">
                <Coords points="710,2144 1015,2154 1103,2223 1261,2160 1348,2213 1597,2196 1673,2244 1677,2156 1608,2110 1502,2129 1371,2094 1280,2146 1172,2088 915,2116 714,2069"/>
                <Baseline points="717,2138 764,2142 812,2145 859,2148 907,2150 954,2153 1002,2154 1049,2156 1097,2159 1144,2160 1192,2162 1240,2165 1287,2166 1335,2168 1382,2170 1430,2173 1477,2175 1525,2178 1572,2181 1620,2184 1668,2189"/>
                <TextEquiv>
                    <Unicode>mit der wynfuchti entschuldiget)den</Unicode>
                </TextEquiv>
            </TextLine>
            <TextLine id="r1l18" custom="readingOrder {index:17;}">
                <Coords points="694,2245 780,2277 847,2228 998,2231 1087,2282 1143,2249 1277,2281 1364,2246 1531,2290 1658,2269 1636,2200 1452,2229 1387,2189 1306,2228 1236,2158 1102,2223 984,2150 879,2205 698,2143"/>
                <Baseline points="701,2232 748,2232 795,2234 843,2235 890,2237 938,2238 985,2240 1033,2242 1080,2244 1128,2246 1175,2248 1222,2250 1270,2252 1317,2253 1365,2255 1412,2257 1460,2259 1507,2261 1555,2261 1602,2262 1650,2264"/>
                <TextEquiv>
                    <Unicode>daß er zu gemehten It Houptman</Unicode>
                </TextEquiv>
            </TextLine>
            <TextLine id="r1l19" custom="readingOrder {index:18;} place {offset:4; length:6;}">
                <Coords points="701,2338 794,2333 853,2387 990,2338 1034,2372 1117,2336 1171,2366 1215,2337 1439,2354 1482,2324 1629,2351 1630,2298 1591,2267 1531,2290 1334,2258 1270,2287 1193,2252 1087,2282 1014,2240 918,2258 849,2230 779,2277 703,2245"/>
                <Baseline points="708,2321 753,2322 799,2323 845,2324 891,2325 936,2325 982,2327 1028,2328 1074,2328 1119,2330 1165,2330 1211,2331 1257,2331 1302,2333 1348,2333 1394,2334 1440,2336 1485,2337 1531,2337 1577,2339 1623,2340"/>
                <TextEquiv>
                    <Unicode>von Erlach gedinget, und daß er von</Unicode>
                </TextEquiv>
            </TextLine>
            <TextLine id="r1l20" custom="readingOrder {index:19;}">
                <Coords points="713,2419 839,2438 887,2408 1090,2473 1223,2416 1336,2448 1418,2410 1520,2454 1670,2418 1670,2380 1482,2323 1386,2388 1216,2337 1036,2372 988,2345 939,2393 713,2389"/>
                <Baseline points="720,2417 767,2415 814,2414 861,2413 908,2412 955,2412 1002,2412 1049,2414 1096,2414 1143,2414 1191,2415 1238,2415 1285,2417 1332,2417 1379,2418 1426,2418 1473,2418 1520,2418 1567,2417 1614,2417 1662,2415"/>
                <TextEquiv>
                    <Unicode>seines nit haltens wegen dry under</Unicode>
                </TextEquiv>
            </TextLine>
            <TextLine id="r1l21" custom="readingOrder {index:20;}">
                <Coords points="704,2540 799,2500 885,2500 933,2546 976,2504 1033,2537 1122,2500 1253,2558 1373,2498 1656,2504 1656,2432 1619,2423 1519,2454 1482,2423 1386,2469 1307,2427 1090,2474 967,2439 830,2466 704,2415"/>
                <Baseline points="711,2499 757,2496 804,2495 851,2495 898,2495 945,2495 992,2495 1039,2495 1086,2496 1133,2496 1180,2498 1226,2498 1273,2499 1320,2499 1367,2499 1414,2499 1461,2498 1508,2496 1555,2495 1602,2492 1649,2489"/>
                <TextEquiv>
                    <Unicode>sidenliche gfangenshafften, Alß zu</Unicode>
                </TextEquiv>
            </TextLine>
            <TextLine id="r1l22" custom="readingOrder {index:21;} place {offset:0; length:6;} place {offset:7; length:9;}">
                <Coords points="707,2605 823,2583 959,2617 1114,2575 1224,2624 1285,2585 1381,2592 1450,2639 1518,2583 1632,2572 1632,2507 1435,2548 1371,2502 1272,2563 1175,2555 1119,2504 893,2552 833,2518 706,2541"/>
                <Baseline points="713,2585 758,2584 804,2583 849,2583 895,2583 941,2583 986,2585 1032,2585 1077,2585 1123,2585 1169,2586 1214,2586 1260,2586 1305,2586 1351,2585 1397,2585 1442,2583 1488,2582 1533,2580 1579,2577 1625,2573"/>
                <TextEquiv>
                    <Unicode>Arberg Frinsperg und alhie uß</Unicode>
                </TextEquiv>
            </TextLine>
            <TextLine id="r1l23" custom="readingOrder {index:22;}">
                <Coords points="686,2723 763,2739 839,2679 989,2708 1039,2672 1163,2670 1483,2719 1536,2665 1663,2663 1660,2533 1419,2645 1372,2615 1261,2651 1198,2604 1053,2582 933,2632 773,2586 684,2639"/>
                <Baseline points="692,2697 740,2690 788,2685 836,2681 884,2678 933,2676 981,2675 1029,2675 1077,2675 1125,2676 1174,2676 1222,2678 1270,2678 1318,2678 1366,2678 1415,2677 1463,2675 1511,2672 1559,2668 1607,2663 1656,2655"/>
                <TextEquiv>
                    <Unicode>gestanden t. Vnd dannehat Ir Gen</Unicode>
                </TextEquiv>
            </TextLine>
            <TextLine id="r1l24" custom="readingOrder {index:23;}">
                <Coords points="655,2791 701,2771 785,2816 955,2769 1028,2799 1282,2757 1425,2793 1648,2752 1646,2686 1535,2675 1483,2720 1452,2692 1365,2726 1308,2682 1142,2730 1031,2683 938,2741 860,2698 764,2738 653,2724"/>
                <Baseline points="662,2780 710,2775 759,2772 808,2771 857,2768 906,2767 955,2766 1004,2765 1053,2765 1102,2763 1151,2763 1199,2763 1248,2762 1297,2762 1346,2760 1395,2757 1444,2755 1493,2753 1542,2749 1591,2744 1640,2738"/>
                <TextEquiv>
                    <Unicode>Koch den costen neben dem handgält,</Unicode>
                </TextEquiv>
            </TextLine>
            <TextLine id="r1l25" custom="readingOrder {index:24;}">
                <Coords points="686,2870 838,2848 995,2913 1135,2847 1208,2899 1363,2842 1511,2876 1593,2826 1653,2850 1649,2752 1426,2793 1395,2769 1362,2800 1304,2763 1191,2797 1069,2778 988,2827 884,2791 685,2836"/>
                <Baseline points="693,2859 740,2856 788,2855 835,2853 883,2853 930,2852 978,2852 1025,2850 1073,2850 1120,2850 1168,2849 1216,2848 1263,2847 1311,2845 1358,2844 1406,2841 1453,2837 1501,2835 1548,2830 1596,2825 1644,2817"/>
                <TextEquiv>
                    <Unicode>so er vom houcbman und imme hr kos</Unicode>
                </TextEquiv>
            </TextLine>
            <TextLine id="r1l26" custom="readingOrder {index:25;}">
                <Coords points="671,2985 868,2947 956,2974 1008,2933 1080,2975 1122,2931 1296,2931 1384,2973 1448,2920 1513,2940 1605,2899 1655,2926 1652,2850 1594,2826 1507,2875 1362,2844 1218,2905 1092,2851 1000,2912 903,2903 838,2848 777,2892 666,2871"/>
                <Baseline points="677,2954 725,2949 773,2945 822,2942 870,2939 919,2937 967,2936 1016,2936 1064,2934 1113,2934 1161,2934 1209,2933 1258,2932 1306,2930 1355,2927 1403,2925 1452,2921 1500,2915 1549,2910 1597,2902 1646,2892"/>
                <TextEquiv>
                    <Unicode>empfangen sy 122 bb schuldig worden.</Unicode>
                </TextEquiv>
            </TextLine>
            <TextLine id="r1l27" custom="readingOrder {index:26;}">
                <Coords points="600,3083 962,3016 1141,3055 1189,3021 1317,3047 1405,3015 1462,3057 1515,3010 1569,3037 1661,2972 1659,2932 1604,2900 1384,2972 1257,2936 1129,2978 1009,2946 952,2977 893,2941 835,2986 597,3015"/>
                <Baseline points="606,3054 658,3044 710,3036 763,3030 815,3024 867,3022 920,3020 972,3018 1024,3017 1077,3017 1129,3017 1181,3017 1234,3015 1286,3014 1338,3011 1391,3008 1443,3003 1495,2996 1548,2988 1600,2978 1653,2964"/>
                <TextEquiv>
                    <Unicode>Wrelle aber inme hr. koch denselben wider</Unicode>
                </TextEquiv>
            </TextLine>
            <TextLine id="r1l28" custom="readingOrder {index:27;}">
                <Coords points="633,3155 850,3114 1010,3151 1118,3090 1425,3129 1472,3088 1652,3070 1647,2982 1460,3058 1411,3021 1310,3047 1188,3020 1129,3073 938,3033 849,3084 814,3054 743,3091 629,3082"/>
                <Baseline points="639,3132 689,3126 739,3120 789,3116 840,3112 890,3110 940,3107 990,3104 1041,3102 1091,3101 1141,3099 1191,3098 1242,3095 1292,3093 1342,3090 1392,3086 1443,3081 1493,3076 1543,3070 1593,3061 1644,3053"/>
                <TextEquiv>
                    <Unicode>orumb abtragen oder verbërgen, und wyl</Unicode>
                </TextEquiv>
            </TextLine>
            <TextLine id="r1l29" custom="readingOrder {index:28;}">
                <Coords points="656,3214 847,3195 916,3221 1037,3175 1085,3203 1244,3178 1410,3205 1511,3154 1605,3169 1645,3139 1642,3088 1533,3081 1489,3130 1448,3105 1413,3145 1317,3153 1263,3118 1166,3140 1102,3098 995,3157 848,3115 789,3175 654,3183"/>
                <Baseline points="663,3213 711,3209 760,3202 809,3198 858,3195 906,3191 955,3189 1004,3188 1053,3185 1101,3183 1150,3181 1199,3178 1248,3176 1296,3173 1345,3170 1394,3165 1443,3160 1491,3155 1540,3148 1589,3139 1638,3131"/>
                <TextEquiv>
                    <Unicode>er nit wie andere zum fenligeschren</Unicode>
                </TextEquiv>
            </TextLine>
            <TextLine id="r1l30" custom="readingOrder {index:29;}">
                <Coords points="645,3318 791,3338 894,3276 1493,3274 1622,3213 1618,3169 1511,3151 1299,3221 1149,3183 1102,3215 1024,3179 915,3243 810,3212 744,3262 641,3273"/>
                <Baseline points="651,3308 699,3301 747,3294 795,3288 843,3284 891,3280 939,3276 988,3273 1036,3271 1084,3267 1132,3265 1180,3262 1228,3260 1276,3256 1325,3251 1373,3246 1421,3240 1469,3234 1517,3225 1565,3217 1614,3206"/>
                <TextEquiv>
                    <Unicode>ren, habe er von alters wegen nit zsuchen.</Unicode>
                </TextEquiv>
            </TextLine>
            <TextLine id="r1l31" custom="readingOrder {index:30;}">
                <Coords points="626,3412 652,3403 663,3407 716,3382 726,3388 756,3383 780,3397 811,3373 838,3370 834,3341 805,3344 792,3336 772,3346 747,3329 722,3333 710,3347 691,3352 663,3342 619,3345"/>
                <Baseline points="632,3398 660,3391 688,3385 717,3383 745,3380 774,3378 802,3377 831,3372"/>
                <TextEquiv>
                    <Unicode>wellen.</Unicode>
                </TextEquiv>
            </TextLine>
            <TextEquiv>
                <Unicode>s siche 
dn Ruel
 
ve andes v
bsegen drhe
ne ech nd 
ve en den genee
worden befragt und exammiret worden.
e
Namlichen und deß ersten warmnb
waß ursachen er under jr hopptman
Abraham von Frlach zum sanderen mal
gedinget, ime aber nemnalen gehalten,
noch mit gezogen?
Antwort, wie daß nit minder s
wol er anfencklich gelaugnet und sich
mit der wynfuchti entschuldiget)den
daß er zu gemehten It Houptman
von Erlach gedinget, und daß er von
seines nit haltens wegen dry under
sidenliche gfangenshafften, Alß zu
Arberg Frinsperg und alhie uß
gestanden t. Vnd dannehat Ir Gen
Koch den costen neben dem handgält,
so er vom houcbman und imme hr kos
empfangen sy 122 bb schuldig worden.
Wrelle aber inme hr. koch denselben wider
orumb abtragen oder verbërgen, und wyl
er nit wie andere zum fenligeschren
ren, habe er von alters wegen nit zsuchen.
wellen.</Unicode>
            </TextEquiv>
        </TextRegion>
        <TextRegion orientation="0.0" id="r2" custom="readingOrder {index:1;}">
            <Coords points="1778,1421 1778,1576 1826,1576 1826,1421"/>
            <TextLine id="r2l1" custom="readingOrder {index:0;}">
                <Coords points="1774,1556 1801,1550 1814,1552 1820,1548 1827,1552 1836,1548 1825,1444 1795,1439 1781,1448 1763,1451"/>
                <Baseline points="1778,1526 1826,1521"/>
                <TextEquiv>
                    <Unicode>3</Unicode>
                </TextEquiv>
            </TextLine>
            <TextEquiv>
                <Unicode>3</Unicode>
            </TextEquiv>
        </TextRegion>
        <TextRegion orientation="0.0" id="r3" custom="readingOrder {index:2;}">
            <Coords points="1787,667 1787,823 1832,823 1832,667"/>
            <TextLine id="r3l1" custom="readingOrder {index:0;}">
                <Coords points="1782,789 1798,786 1810,793 1829,786 1836,791 1843,790 1827,671 1816,674 1810,682 1797,682 1783,700 1770,699"/>
                <Baseline points="1787,773 1832,767"/>
                <TextEquiv>
                    <Unicode></Unicode>
                </TextEquiv>
            </TextLine>
            <TextEquiv>
                <Unicode></Unicode>
            </TextEquiv>
        </TextRegion>
        <TextRegion orientation="0.0" id="r4" custom="readingOrder {index:3;}">
            <Coords points="1820,416 1820,3249 2967,3249 2967,416"/>
            <TextLine id="r4l1" custom="readingOrder {index:0;}">
                <Coords points="2885,471 2894,475 2903,471 2910,477 2927,479 2937,485 2957,481 2969,486 2973,395 2950,399 2932,396 2901,415 2887,416"/>
                <Baseline points="2892,455 2928,458 2964,458"/>
                <TextEquiv>
                    <Unicode>62</Unicode>
                </TextEquiv>
            </TextLine>
            <TextLine id="r4l2" custom="readingOrder {index:1;}">
                <Coords points="1896,763 2225,697 2387,727 2481,688 2586,714 2641,675 2958,699 2954,624 2831,576 2493,652 2334,600 2200,643 2137,606 2012,659 1888,613"/>
                <Baseline points="1901,735 1953,725 2005,715 2058,707 2110,700 2162,694 2215,690 2267,686 2319,683 2372,680 2424,678 2476,677 2529,675 2581,674 2633,674 2686,672 2738,672 2790,671 2843,669 2895,667 2948,665"/>
                <TextEquiv>
                    <Unicode>zfragk uß woß ursachen er gethroüwt, dem</Unicode>
                </TextEquiv>
            </TextLine>
            <TextLine id="r4l3" custom="readingOrder {index:2;} person {offset:0; length:5;} place {offset:9; length:11;}">
                <Coords points="1895,814 2021,798 2086,839 2137,789 2453,805 2494,769 2629,816 2755,774 2814,807 2898,747 2895,693 2813,676 2767,717 2623,698 2511,733 2466,698 2146,743 2072,715 1958,770 1891,736"/>
                <Baseline points="1902,807 1951,799 2000,792 2050,786 2099,782 2149,778 2198,773 2248,771 2297,768 2347,767 2396,765 2445,764 2495,762 2544,761 2594,759 2643,758 2693,756 2742,753 2792,752 2841,747 2891,743"/>
                <TextEquiv>
                    <Unicode>Meyer zu Merkhilchen seine hüßer anzu</Unicode>
                </TextEquiv>
            </TextLine>
            <TextLine id="r4l4" custom="readingOrder {index:3;}">
                <Coords points="1919,914 1934,914 1945,903 1985,900 2005,881 2025,874 2048,894 2094,876 2086,804 2069,804 2050,819 2015,798 1988,814 1973,833 1960,833 1934,814 1909,818"/>
                <Baseline points="1922,872 1949,869 1976,866 2003,863 2030,860 2057,858 2085,855"/>
                <TextEquiv>
                    <Unicode>teckon.</Unicode>
                </TextEquiv>
            </TextLine>
            <TextLine id="r4l5" custom="readingOrder {index:4;}">
                <Coords points="1822,1034 2081,998 2231,1047 2299,989 2464,989 2635,1031 2772,997 2868,1054 2974,1002 2973,938 2890,910 2772,944 2646,902 2563,956 2451,887 2016,937 1917,874 1820,890"/>
                <Baseline points="1829,1022 1885,1014 1942,1007 1999,1001 2056,996 2113,993 2170,990 2227,989 2284,989 2341,989 2398,989 2454,989 2511,989 2568,990 2625,990 2682,992 2739,992 2796,992 2853,990 2910,989 2967,987"/>
                <TextEquiv>
                    <Unicode>Ant. soliche boße stuck syeet imme, in seine</Unicode>
                </TextEquiv>
            </TextLine>
            <TextLine id="r4l6" custom="readingOrder {index:5;}">
                <Coords points="1905,1132 1938,1148 2005,1089 2092,1098 2139,1064 2426,1103 2524,1078 2561,1110 2598,1082 2655,1118 2707,1076 2779,1118 2901,1082 2900,1038 2790,1001 2606,1039 2468,996 2406,1046 2355,1019 2231,1047 2187,1014 2129,1045 2076,1010 1903,1021"/>
                <Baseline points="1911,1100 1960,1091 2009,1085 2058,1079 2107,1075 2156,1073 2205,1071 2255,1070 2304,1070 2353,1070 2402,1070 2451,1071 2500,1071 2549,1073 2599,1073 2648,1074 2697,1074 2746,1074 2795,1073 2844,1071 2894,1068"/>
                <TextEquiv>
                    <Unicode>gedancken Niemalen gestigen habe Ime</Unicode>
                </TextEquiv>
            </TextLine>
            <TextLine id="r4l7" custom="readingOrder {index:6;}">
                <Coords points="1901,1179 2392,1158 2436,1193 2537,1164 2571,1198 2692,1161 2759,1199 2796,1163 2923,1184 2923,1139 2705,1081 2658,1120 2596,1083 2554,1120 2515,1092 2443,1123 2362,1072 2172,1070 1900,1144"/>
                <Baseline points="1907,1169 1957,1166 2007,1164 2058,1163 2108,1161 2159,1160 2209,1158 2259,1158 2310,1157 2360,1157 2411,1157 2461,1157 2511,1157 2562,1157 2612,1157 2663,1158 2713,1160 2763,1160 2814,1161 2864,1163 2915,1164"/>
                <TextEquiv>
                    <Unicode>auch niemandts kein ursach darzugeben,</Unicode>
                </TextEquiv>
            </TextLine>
            <TextLine id="r4l8" custom="readingOrder {index:7;}">
                <Coords points="1877,1291 2094,1240 2176,1284 2275,1248 2331,1286 2424,1254 2554,1294 2769,1240 2819,1282 2940,1250 2939,1197 2798,1163 2716,1215 2586,1207 2535,1166 2394,1206 2193,1159 2121,1212 2068,1173 1876,1163"/>
                <Baseline points="1883,1250 1935,1247 1988,1244 2040,1242 2093,1241 2145,1239 2198,1238 2250,1237 2303,1236 2355,1236 2408,1236 2460,1236 2513,1236 2565,1236 2618,1236 2670,1236 2723,1236 2775,1238 2828,1238 2880,1238 2933,1238"/>
                <TextEquiv>
                    <Unicode>Beders miß günstige luth mußent ime</Unicode>
                </TextEquiv>
            </TextLine>
            <TextLine id="r4l9" custom="readingOrder {index:8;}">
                <Coords points="1879,1370 1912,1384 1956,1352 2107,1390 2189,1362 2349,1385 2410,1372 2454,1329 2484,1336 2472,1267 2364,1258 2333,1286 2275,1251 2175,1286 2123,1239 2085,1261 2033,1250 1967,1298 1927,1268 1878,1291"/>
                <Baseline points="1886,1331 1915,1328 1945,1326 1974,1325 2004,1323 2033,1323 2063,1322 2092,1322 2122,1322 2151,1322 2181,1322 2211,1322 2240,1322 2270,1322 2299,1322 2329,1322 2358,1322 2388,1322 2417,1322 2447,1321 2477,1320"/>
                <TextEquiv>
                    <Unicode>söliches vfgerufft haben.</Unicode>
                </TextEquiv>
            </TextLine>
            <TextLine id="r4l10" custom="readingOrder {index:9;}">
                <Coords points="1921,1502 2115,1565 2215,1512 2366,1541 2594,1500 2672,1557 2734,1523 2848,1579 2968,1526 2970,1452 2880,1479 2815,1436 2622,1429 2404,1464 2331,1419 2048,1429 1923,1393"/>
                <Baseline points="1928,1499 1979,1499 2031,1499 2082,1499 2134,1500 2186,1500 2237,1500 2289,1502 2341,1502 2392,1503 2444,1503 2496,1505 2547,1506 2599,1508 2651,1508 2702,1510 2754,1512 2806,1514 2857,1515 2909,1518 2961,1520"/>
                <TextEquiv>
                    <Unicode>b fragt, ob er sich nit auch deß versägnens</Unicode>
                </TextEquiv>
            </TextLine>
            <TextLine id="r4l11" custom="readingOrder {index:10;}">
                <Coords points="1876,1613 2306,1598 2412,1645 2461,1611 2533,1661 2644,1606 2794,1601 2949,1662 2921,1527 2850,1578 2713,1523 2571,1570 2427,1517 2320,1570 2241,1531 2082,1569 1877,1471"/>
                <Baseline points="1883,1595 1938,1593 1994,1592 2050,1592 2105,1590 2161,1590 2217,1590 2273,1590 2328,1590 2384,1590 2440,1590 2496,1590 2551,1592 2607,1593 2663,1593 2719,1595 2774,1596 2830,1599 2886,1601 2942,1604"/>
                <TextEquiv>
                    <Unicode>underwende, und waß er für mitel darzu</Unicode>
                </TextEquiv>
            </TextLine>
            <TextLine id="r4l12" custom="readingOrder {index:11;}">
                <Coords points="1874,1726 1901,1720 1927,1692 1947,1689 2040,1724 2054,1709 2070,1712 2095,1686 2139,1676 2138,1625 2091,1617 2072,1636 2048,1632 2016,1659 1958,1624 1936,1626 1908,1648 1872,1649"/>
                <Baseline points="1880,1683 1905,1682 1930,1682 1955,1680 1980,1680 2006,1679 2031,1679 2056,1679 2081,1679 2106,1677 2132,1677"/>
                <TextEquiv>
                    <Unicode>gebruche</Unicode>
                </TextEquiv>
            </TextLine>
            <TextLine id="r4l13" custom="readingOrder {index:12;}">
                <Coords points="1874,1847 1954,1811 2081,1857 2296,1811 2336,1848 2472,1819 2593,1825 2641,1871 2710,1826 2928,1862 2958,1768 2250,1766 2181,1724 2073,1778 2012,1731 1876,1732"/>
                <Baseline points="1881,1806 1934,1808 1987,1809 2041,1811 2094,1812 2148,1812 2201,1813 2254,1814 2308,1815 2361,1815 2415,1816 2468,1817 2521,1818 2575,1820 2628,1821 2682,1823 2735,1826 2788,1829 2842,1832 2895,1836 2949,1839"/>
                <TextEquiv>
                    <Unicode>Darüber gibt er diße antworth namlichen.</Unicode>
                </TextEquiv>
            </TextLine>
            <TextLine id="r4l14" custom="readingOrder {index:13;}">
                <Coords points="1867,1911 2184,1936 2241,1905 2285,1936 2437,1904 2789,1979 2855,1931 2857,1854 2782,1839 2657,1883 2593,1826 2444,1878 2291,1812 2172,1868 1985,1813 1869,1863"/>
                <Baseline points="1875,1898 1923,1898 1972,1896 2021,1896 2069,1898 2118,1898 2167,1899 2215,1900 2264,1901 2313,1902 2362,1904 2410,1907 2459,1907 2508,1909 2556,1911 2605,1913 2654,1914 2702,1915 2751,1916 2800,1917 2849,1917"/>
                <TextEquiv>
                    <Unicode>er bruche den sägen Neenerzu alß zu</Unicode>
                </TextEquiv>
            </TextLine>
            <TextLine id="r4l15" custom="readingOrder {index:14;}">
                <Coords points="1864,1992 1973,1985 2055,2044 2166,1991 2282,2038 2370,1991 2516,2035 2683,2004 2790,2060 2944,2005 2946,1928 2788,1978 2735,1945 2416,1968 2315,1918 2260,1960 2125,1957 2023,1903 1928,1952 1866,1935"/>
                <Baseline points="1872,1985 1925,1985 1978,1983 2031,1983 2084,1983 2138,1985 2191,1985 2244,1986 2297,1987 2350,1988 2404,1990 2457,1992 2510,1994 2563,1995 2616,1997 2670,2000 2723,2001 2776,2004 2829,2006 2882,2008 2936,2010"/>
                <TextEquiv>
                    <Unicode>den Roßen, wan sy den ungenampten habend</Unicode>
                </TextEquiv>
            </TextLine>
            <TextLine id="r4l16" custom="readingOrder {index:15;}">
                <Coords points="1858,2089 1959,2065 2193,2111 2256,2078 2298,2112 2347,2085 2514,2120 2737,2086 2889,2108 2891,2039 2785,2062 2724,2017 2674,2052 2594,2015 2464,2038 2380,1994 2282,2037 2203,1998 2053,2045 2008,1999 1954,2025 1861,1991"/>
                <Baseline points="1866,2066 1916,2064 1967,2064 2018,2064 2069,2066 2120,2066 2171,2067 2221,2069 2272,2070 2323,2072 2374,2073 2425,2075 2476,2077 2527,2079 2577,2081 2628,2083 2679,2084 2730,2087 2781,2088 2832,2090 2883,2090"/>
                <TextEquiv>
                    <Unicode>und bruche erstlich storpion soll, darnach</Unicode>
                </TextEquiv>
            </TextLine>
            <TextLine id="r4l17" custom="readingOrder {index:16;}">
                <Coords points="1852,2173 2201,2155 2335,2215 2443,2157 2505,2199 2769,2168 2820,2209 2916,2201 2919,2110 2630,2141 2453,2089 2024,2123 1855,2089"/>
                <Baseline points="1860,2150 1912,2148 1964,2148 2017,2148 2069,2150 2122,2150 2174,2151 2227,2153 2279,2154 2332,2156 2384,2157 2436,2159 2489,2162 2541,2163 2594,2166 2646,2168 2699,2171 2751,2173 2804,2175 2856,2177 2909,2178"/>
                <TextEquiv>
                    <Unicode>spräche er darzu, ich beschweren dich by</Unicode>
                </TextEquiv>
            </TextLine>
            <TextLine id="r4l18" custom="readingOrder {index:17;}">
                <Coords points="1876,2247 2062,2226 2269,2282 2370,2239 2606,2250 2751,2306 2859,2261 2861,2220 2769,2169 2685,2214 2598,2170 2505,2199 2448,2157 2323,2217 2265,2172 2168,2212 2038,2156 1959,2200 1879,2168"/>
                <Baseline points="1884,2222 1932,2223 1980,2225 2029,2226 2077,2228 2126,2229 2174,2232 2222,2234 2271,2235 2319,2238 2368,2241 2416,2243 2464,2245 2513,2247 2561,2250 2610,2252 2658,2254 2706,2255 2755,2257 2803,2258 2852,2259"/>
                <TextEquiv>
                    <Unicode>dem allmechtigen gott und unßere</Unicode>
                </TextEquiv>
            </TextLine>
            <TextLine id="r4l19" custom="readingOrder {index:18;} person {offset:12; length:22; continued:true;}">
                <Coords points="1880,2309 2342,2329 2546,2395 2679,2343 2886,2378 2889,2300 2795,2265 2751,2306 2478,2313 2386,2243 2303,2283 2120,2291 2037,2232 1883,2241"/>
                <Baseline points="1887,2300 1936,2303 1986,2306 2035,2307 2085,2309 2135,2312 2184,2315 2234,2317 2284,2319 2333,2321 2383,2324 2433,2326 2482,2328 2532,2331 2582,2333 2631,2335 2681,2337 2731,2340 2780,2342 2830,2346 2880,2348"/>
                <TextEquiv>
                    <Unicode>liebe frouw Maria de grauwer wurin</Unicode>
                </TextEquiv>
            </TextLine>
            <TextLine id="r4l20" custom="readingOrder {index:19;}">
                <Coords points="1866,2394 2109,2381 2280,2426 2366,2400 2416,2438 2503,2410 2553,2461 2622,2427 2678,2467 2770,2420 2831,2429 2809,2346 2556,2393 2315,2333 2273,2356 2240,2324 2142,2347 1870,2314"/>
                <Baseline points="1874,2376 1921,2378 1969,2379 2016,2381 2064,2382 2111,2384 2159,2387 2206,2388 2254,2391 2301,2393 2349,2396 2397,2398 2444,2400 2492,2403 2539,2406 2587,2408 2634,2410 2682,2412 2729,2414 2777,2417 2825,2418"/>
                <TextEquiv>
                    <Unicode>de blauwer du gäller du grunner du</Unicode>
                </TextEquiv>
            </TextLine>
            <TextLine id="r4l21" custom="readingOrder {index:20;} person {offset:0; length:32; continued:true;}">
                <Coords points="1855,2452 1913,2496 1976,2466 2077,2499 2389,2468 2526,2524 2629,2493 2743,2524 2864,2509 2869,2408 2679,2468 2627,2431 2553,2461 2465,2410 2417,2438 2326,2399 2282,2426 2219,2397 1857,2400"/>
                <Baseline points="1862,2456 1911,2459 1961,2460 2011,2462 2061,2463 2111,2465 2160,2468 2210,2469 2260,2472 2310,2474 2360,2476 2409,2478 2459,2481 2509,2483 2559,2485 2609,2487 2658,2489 2708,2490 2758,2492 2808,2494 2858,2495"/>
                <TextEquiv>
                    <Unicode>wyßen du schwartzer du grabenden, du</Unicode>
                </TextEquiv>
            </TextLine>
            <TextLine id="r4l22" custom="readingOrder {index:21;}">
                <Coords points="1864,2582 2123,2548 2360,2566 2403,2605 2491,2563 2731,2600 2879,2582 2881,2524 2700,2535 2640,2492 2527,2524 2355,2479 2196,2500 2147,2469 2047,2508 1986,2466 1866,2501"/>
                <Baseline points="1872,2537 1922,2538 1972,2541 2022,2544 2072,2546 2122,2548 2172,2550 2222,2552 2272,2553 2322,2555 2372,2556 2422,2557 2472,2558 2522,2561 2572,2562 2622,2564 2672,2566 2722,2568 2772,2571 2822,2574 2873,2577"/>
                <TextEquiv>
                    <Unicode>gnagenden wurm, daß die nit wyller</Unicode>
                </TextEquiv>
            </TextLine>
            <TextLine id="r4l23" custom="readingOrder {index:22;}">
                <Coords points="1867,2648 1979,2625 2268,2663 2412,2633 2518,2684 2595,2656 2691,2714 2843,2684 2844,2632 2685,2582 2640,2608 2507,2564 2403,2604 2262,2563 2192,2601 2141,2556 2069,2600 1977,2567 1870,2580"/>
                <Baseline points="1875,2624 1923,2624 1971,2625 2019,2626 2067,2627 2115,2628 2163,2630 2211,2633 2259,2634 2307,2636 2356,2638 2404,2641 2452,2643 2500,2645 2548,2646 2596,2649 2644,2651 2692,2652 2740,2654 2788,2655 2837,2655"/>
                <TextEquiv>
                    <Unicode>grabind, nit wyller gnagind von dem</Unicode>
                </TextEquiv>
            </TextLine>
            <TextLine id="r4l24" custom="readingOrder {index:23;} person {offset:0; length:7;}">
                <Coords points="1837,2730 1947,2701 2005,2745 2046,2710 2164,2709 2436,2758 2503,2723 2725,2795 2827,2749 2816,2699 2683,2712 2567,2659 2501,2692 2419,2644 2311,2676 2136,2639 2035,2668 1972,2627 1840,2667"/>
                <Baseline points="1845,2703 1893,2703 1942,2703 1991,2705 2040,2706 2088,2708 2137,2709 2186,2711 2235,2714 2283,2715 2332,2718 2381,2720 2430,2723 2478,2725 2527,2727 2576,2729 2625,2732 2673,2733 2722,2733 2771,2735 2820,2736"/>
                <TextEquiv>
                    <Unicode>Flrisch und blut, solt ir verschwenen</Unicode>
                </TextEquiv>
            </TextLine>
            <TextLine id="r4l25" custom="readingOrder {index:24;}">
                <Coords points="1852,2819 1928,2845 1993,2793 2087,2798 2183,2863 2289,2806 2485,2875 2612,2820 2867,2832 2886,2775 2576,2799 2170,2711 2046,2709 2005,2746 1947,2701 1854,2735"/>
                <Baseline points="1860,2790 1910,2790 1961,2792 2012,2793 2063,2796 2114,2798 2165,2801 2215,2803 2266,2805 2317,2808 2368,2811 2419,2813 2470,2814 2521,2816 2571,2817 2622,2819 2673,2819 2724,2819 2775,2817 2826,2816 2877,2814"/>
                <TextEquiv>
                    <Unicode>verschwinden und zergahn, dan wie goll</Unicode>
                </TextEquiv>
            </TextLine>
            <TextLine id="r4l26" custom="readingOrder {index:25;}">
                <Coords points="1832,2883 2049,2880 2173,2943 2260,2942 2310,2899 2518,2896 2723,2952 2848,2916 2851,2829 2772,2818 2700,2871 2538,2832 2483,2873 2289,2809 2179,2862 1993,2792 1939,2843 1834,2838"/>
                <Baseline points="1839,2868 1889,2870 1939,2871 1989,2873 2039,2875 2089,2877 2139,2880 2189,2882 2239,2885 2289,2887 2340,2889 2390,2892 2440,2895 2490,2895 2540,2897 2590,2898 2640,2898 2690,2898 2740,2898 2790,2897 2841,2895"/>
                <TextEquiv>
                    <Unicode>der füllen gahtschen montschen vergaß,</Unicode>
                </TextEquiv>
            </TextLine>
            <TextLine id="r4l27" custom="readingOrder {index:26;}">
                <Coords points="1846,2960 2175,3006 2216,2981 2248,3012 2443,3021 2476,2991 2535,3046 2685,2980 2719,3014 2797,2991 2769,2944 2598,2944 2519,2896 2397,2948 2310,2900 2231,2952 2090,2891 1850,2859"/>
                <Baseline points="1854,2948 1900,2949 1947,2952 1994,2955 2041,2958 2088,2961 2134,2964 2181,2967 2228,2971 2275,2975 2322,2977 2368,2979 2415,2982 2462,2984 2509,2985 2556,2985 2602,2986 2649,2985 2696,2985 2743,2982 2790,2981"/>
                <TextEquiv>
                    <Unicode>und dieselben ein fülle faltshe urtheil</Unicode>
                </TextEquiv>
            </TextLine>
            <TextLine id="r4l28" custom="readingOrder {index:27;}">
                <Coords points="1813,3046 1880,3078 1934,3042 1989,3090 2161,3076 2208,3116 2269,3079 2509,3054 2569,3091 2782,3062 2783,3029 2685,2981 2532,3043 2482,3013 2401,3038 2248,3012 2216,2982 2174,3008 2092,2984 2041,3026 1988,2987 1938,3011 1900,2973 1815,2980"/>
                <Baseline points="1820,3035 1867,3036 1915,3039 1963,3042 2011,3045 2058,3047 2106,3049 2154,3052 2202,3054 2249,3056 2297,3058 2345,3060 2393,3062 2440,3063 2488,3063 2536,3063 2584,3063 2631,3063 2679,3062 2727,3060 2775,3059"/>
                <TextEquiv>
                    <Unicode>sprachen, daß sy aber wol ein beßere</Unicode>
                </TextEquiv>
            </TextLine>
            <TextLine id="r4l29" custom="readingOrder {index:28;} person {offset:20; length:14;}">
                <Coords points="1816,3136 1936,3127 2016,3174 2144,3144 2737,3169 2851,3137 2853,3044 2647,3116 2505,3068 2419,3110 2208,3115 2156,3076 1817,3071"/>
                <Baseline points="1823,3119 1874,3120 1925,3123 1976,3125 2027,3126 2078,3129 2129,3131 2180,3132 2231,3134 2282,3135 2333,3137 2384,3138 2435,3138 2486,3140 2537,3140 2588,3140 2639,3140 2690,3138 2741,3138 2792,3135 2844,3134"/>
                <TextEquiv>
                    <Unicode>wüsten, in de namen Golder vallers</Unicode>
                </TextEquiv>
            </TextLine>
            <TextLine id="r4l30" custom="readingOrder {index:29;} person {offset:27; length:4;}">
                <Coords points="1831,3200 1925,3252 2098,3222 2150,3257 2229,3228 2393,3268 2509,3224 2705,3273 2776,3239 2777,3201 2653,3202 2601,3158 2433,3156 2346,3193 2178,3150 2017,3175 1928,3125 1833,3154"/>
                <Baseline points="1839,3200 1885,3201 1932,3204 1978,3206 2025,3208 2071,3210 2118,3213 2164,3215 2211,3216 2257,3219 2304,3221 2350,3223 2397,3225 2443,3227 2490,3228 2536,3228 2583,3230 2629,3230 2676,3230 2722,3230 2769,3228"/>
                <TextEquiv>
                    <Unicode>Sohns, vnd heiligen Goists Aneo, p.</Unicode>
                </TextEquiv>
            </TextLine>
            <TextEquiv>
                <Unicode>62
zfragk uß woß ursachen er gethroüwt, dem
Meyer zu Merkhilchen seine hüßer anzu
teckon.
Ant. soliche boße stuck syeet imme, in seine
gedancken Niemalen gestigen habe Ime
auch niemandts kein ursach darzugeben,
Beders miß günstige luth mußent ime
söliches vfgerufft haben.
b fragt, ob er sich nit auch deß versägnens
underwende, und waß er für mitel darzu
gebruche
Darüber gibt er diße antworth namlichen.
er bruche den sägen Neenerzu alß zu
den Roßen, wan sy den ungenampten habend
und bruche erstlich storpion soll, darnach
spräche er darzu, ich beschweren dich by
dem allmechtigen gott und unßere
liebe frouw Maria de grauwer wurin
de blauwer du gäller du grunner du
wyßen du schwartzer du grabenden, du
gnagenden wurm, daß die nit wyller
grabind, nit wyller gnagind von dem
Flrisch und blut, solt ir verschwenen
verschwinden und zergahn, dan wie goll
der füllen gahtschen montschen vergaß,
und dieselben ein fülle faltshe urtheil
sprachen, daß sy aber wol ein beßere
wüsten, in de namen Golder vallers
Sohns, vnd heiligen Goists Aneo, p.</Unicode>
            </TextEquiv>
        </TextRegion>
    </Page>
</PcGts>
