3024 4032
411 1762 610 1845 s erre
409 1814 644 1916 och gebeg.
699 301 1672 684 elerngen
642 445 1648 710 priglich erannert und befragt worden.
681 509 1661 775 Im grundder warheit anzuseigen, wie
686 581 1667 852 lang und uf wass farm by mit underbun
652 667 1652 908 deß vychs und anderen bößen stusen umb
695 745 1651 969 gangen, auch wärwyterst nist jraffen dise
680 813 1647 1051 sachen Interressiert sein mochte) Hatts¬
683 875 1652 1158 harüeber mit rnwendem herbzen, daenf s
654 968 1649 1229 sterben welle, bekent und entschloßen u
676 1041 1644 1261 volgents mit der marter erhalten unnd
658 1114 1109 1265 bestettiget, I
609 1262 1632 1464 Namlichen und dess ersten, So könne sy nit
676 1344 1650 1524 verhalten, dan das numehr R 20 Jar
654 1411 1640 1585 daß sich sich leider ih den wöllen deß satens
670 1490 1638 1662 ergeben, vnd Ime versprochen, alles zeuer
651 1571 1634 1730 derbe und geschedigen, daruf sy alls balt
670 1660 1639 1829 mit irem byt sich gehepten sotzanschensame
673 1742 1635 1872 wrnschen Elleßess und Ruplißriedr ensstiere
682 1805 1610 1970 erdeppt. Die salben aber p drey ad
658 1896 1609 2044 4. Wruchen von sich geworffen und diemand
647 1966 1319 2118 damit geschedigt habe etc.
657 2140 1596 2258 einnach so habe sy seß antrib, deß bösen
605 2230 1621 2357 Brists sooff und dieb sy dasehu gelegechet
630 2310 1576 2439 gehon, dem sych hin und wider deß
603 2378 1593 2494 Samens dargeworsen, vnd deßen eine
627 2451 1581 2612 große ansale wie veil abersye sern
564 2519 1590 2681 unbewrücht) daruf getriben, und sderbt
618 2603 1592 2738 ouch etliche stukshoßelben by des Beinen,
604 2665 1534 2831 und sytes mit iren schänden angerüet,
625 2745 1543 2917 öliches erlempt und geschediget, sich
606 2822 1557 2991 aber alß bald, damit sy nit erwüscht
588 2926 1302 3119 werde, fort gemacht habe,
539 3068 1585 3319 So sye ouch nit minder, das das sy zwüschen
556 3145 1583 3376 Oberwil und Buzwyl d einem flzsby
549 3201 1561 3430 Feyen Eichen, an dantz blag gesapt, da
551 3303 1571 3526 der böß Geist sy beredtgaldte soll gutmal
1691 967 1758 1038 halt
2751 143 2860 253 48
1818 227 2864 631 gaeendl
1787 347 2808 698 len
1789 426 2721 745 e
1770 486 2848 810 en dd
1843 562 2882 848 schits gefürt und samptlich mit ein
1846 625 2869 907 eren buff der danz besetz ganzen und als
1772 800 1838 881 dar
1793 732 2820 1004 dahin komen, sye et die Scpwye
1802 792 2884 1079 sisti auch wag fäterkmden, auch alßa geweßen
1768 895 2885 1156 disebe habe der erste, vnd sr Schrferlinen
1838 970 2864 1182 anstren dantz mit dem Häüßli gesag,
1759 1044 2873 1293 Aazu fnen, ein Mahs In Schwarszen vleidern
1776 1151 1848 1210 de
1794 1173 2874 1361 bihzet, wüße sich aber nit zu erinneren,
1860 1325 1899 1394 1
1754 1244 2837 1468 Noc gesehen, daß die Glodenen gedanket
2035 1352 2865 1467 die Hinti aber heige sich saul
1754 1426 1919 1571 gabt
1763 1433 2822 1610 alß sy ussem danzblatz forden laßen. sy
1767 1516 2840 1705 habe aber sonste zu iren kein kundtsame
1748 1645 2049 1769 seit gesert etc.
1725 1712 2857 1862 Woß dan daß mal betreffe, leigend sy nit
1771 1797 2880 1941 wol geläbt, dan sy weder chrot nach saltz,
1719 1871 2799 1993 Sonders alleins pfeisch und dergleichen
1720 1948 2815 2100 darby gehept, daß tranck er doh sye
1712 2041 2811 2177 Sur gefarbet wie Schilerfry Sehnd
1756 2131 2801 2258 aus grafft gsei, Von synnd alwegen
1745 2202 2812 2340 am Morgen wan die Hanen Kräÿt vnd
1721 2283 2865 2425 dtag anbrochet, da Inen der böß ver¬
1766 2355 2836 2515 hwrundes sheinbgangen, weliches ihnen
1642 2446 2801 2594 shnenthalwegen durch den Gygertes einer
1639 2502 1774 2569 lidet is
1726 2523 2842 2667 elten, in holtzine glächer ungeschenkt
1753 2609 2878 2749 worden, so sur gefarbet erso schiler
1738 2707 2858 2821 wry3 doch ane erafft ssin sye, morgens
1679 2749 2798 2915 Das was die Hanen Krayt und der tang
1761 2853 2829 2997 angebrochen, syent sy einzig wider heimb
1744 2931 2053 3032 fangen
1686 3005 2817 3155 Und wie wal der boß dres angemütet durch
1744 3094 2799 3214 sein anleitungsnamlich ein wyß steckli zu
1756 3171 2737 3288 nemen denselben ins waßber zu schlachen.
1751 3229 2772 3346 einen Hagell zumach., Habe sy söliches doch
1749 3281 2779 3399 nit thum, wöllen, sonders des fruchten depeg
1725 3355 2668 3488 der month geläben müßeic Gschlar
1758 3434 2024 3532 w�lle
