3024 4032
654 291 1462 554 adtenan tenber
706 443 1467 639 nerm h wachtmeister Bürgis
389 470 516 635 E
869 523 1208 659 auheibnen
471 642 1545 930 In der nit unwichtigen ungegründt sich
458 777 1545 988 durch der doctoren und schäleres rete
508 845 1545 1083 und andere gnugsamen smbstend erfunden
438 890 1564 1143 verleidung der pienan shleihen handels und
468 999 1543 1208 Wandels beeichtir kekant Manhia
461 1063 1544 1276 Stenbrünerin, Alß war ir eheman
489 1160 1513 1350 Stästas Burge wachtmesster mit ires
509 1235 1545 1444 vorgandet ehemans s bruders döcherli
526 1321 1532 1524 von Vngefar 7 Jaren ungeryuget, vnd
529 1420 1555 1638 ungebürführ sach fürgebammen haben solle.
475 1507 1540 1702 abend mngh und Oberd nach nocheelich
502 1605 1538 1780 steiffer erdne und erwegung dergantzen
529 1692 1529 1857 sachen beschaffen und hergangenheit s
550 1782 1540 1926 erkantnuß dahb gestelteas ernelt
514 1864 1540 2035 achte Bürgi siher zu lagn und ankag
538 1959 1532 2110 gentzlich ledig sein, hiemit auch der banden
495 2057 1532 2198 Lubeciert, Vnse Ehen vnder deßen ei
789 2135 826 2204 1
521 2142 1547 2281 Iane Egistem dienende wareng gelegen sich
513 2227 1533 2351 dergleiches Castern durch gaten wrauden
473 2315 1524 2460 Im ver gesten sit verdechticg zemachen, die
447 2410 1543 2548 mit unglük schwanger gehangnen an
518 2476 1545 2633 Flegerin aber als ein annitzes fräübis
469 2571 1541 2737 pfenwent aber zu gnedig, dachergekdrent
431 2659 1514 2813 Straff ane gned was e geli stett und
502 2765 1546 2921 landen sueben abtrag, alles diser sach halt
507 2823 1497 2991 mit dem Ueitli is der insul und sonst
495 2925 1531 3111 ergangnen eostens eydtlich zeuserfeysh
454 2989 1519 3212 DaßMeitli auch als ein bößwillgs je
478 3100 1526 3335 otfrument, zu der gleichen schantsach seinem
502 3183 1508 3377 auch fr�ndes vott eint füresguten
477 3256 1517 3526 sterfen Consur, vnd Honamung fortzu
2702 261 2795 349 31
1705 372 2802 613 mit sich nemung u bergeben Erwente beide
1690 501 2756 701 Ansöntschen doß auch gmeinete forre nach
1696 538 2790 775 das eint anderen jefleiden und Jerkhuts
1701 645 2809 833 hab auch also sonnese togenliche abgesunderen
1678 717 2745 946 Wordes soflent hr 24 seb 1645
2076 835 2610 1042 aley Breze
1662 983 2806 1196 Den 36 dito ist sy eidlich gwisen worden.
1793 1237 2676 1448 Eßbeth Wiechssberin
1615 1335 1687 1458 1
1802 1366 2458 1522 sin uiderlanderin
1619 1444 1679 1526 6
1710 1458 2755 1610 marti 1643. Ist sy wegen süber
1618 1560 2772 1732 ihnen lydts und ungessechen, sy hieuor des
1635 1630 2749 1771 Im destembr ao a616 sac snderen mal
1685 1696 2740 1839 gestreckt, nochmalen mit dem Eydtwon
1640 1788 2742 1939 statt und land verwißen und mit Ruter
1682 1874 2159 2033 gehneizt worden,
1764 2217 2423 2384 Elßbels Benner
1826 2344 2291 2474 un undersewen,
1585 2408 2742 2644 Hat bikent, sy heige by Hanß Pardner ein
1664 2533 2861 2751 herken zu Riggisoerg ein unsehelich and erzüget.
1659 2608 2815 2829 Er habe aber iren die ehe versprachen, weliches
1657 2681 2716 2906 Ihn Buggihoere getaufft worden und sy
1637 2767 2801 2981 zu Schwagßenburg darumb abgebüht als
1661 2823 2707 3058 aller hernach er sy begert zu senlicht ud
1649 2925 2792 3163 füres habe seino eheeëben, soliche gnamen
1672 3008 2772 3283 sie sy sampf ires find fahr nachgezohen.
1656 3062 2790 3352 syßig gedachte Brunkerin heige und seinen
1634 3158 2796 3433 blyb und kuden nüt gewüst, das sy vermeint
1653 3257 2819 3522 erledig sye,eß kunts, weliches sy jed
1639 3327 2759 3589 angeliss huß den prupgsprag genäsfn,
2553 3570 2773 3692 habe
