3024 4032
729 390 1690 681 dhent alsgend lilen
788 521 1685 742 eß beßeren vnderwysen s vos farten
787 603 1702 821 wekung ablaßen u widr umb zulahn
786 679 1674 879 trätten welhend, mit vermelden, So ein
777 757 1688 972 oberkeit sy, als ire angehöniges nit vs
783 838 1669 1040 des beßareß wegn wyßen, das es deren
787 921 1692 1152 am jeüügster gracht iu Bantwartes sh
795 993 1160 1133 werde etc
784 1082 1616 1255 da ab Stendz zu antwart, Ire sach
757 1199 1693 1356 verstorkung eit, er wolle seinen glafty
780 1269 1570 1443 sch selbs nemen und am jüngst
1590 1355 1677 1436 gricht
782 1360 1690 1523 niemand anelagen, sonders de schuld si
766 1448 1683 1593 ffraget, welle sich zwar gern laßen
767 1521 1672 1677 unch wyßen, er thalte aber darfürs
753 1602 1672 1759 Ir gglaub fürig were, das ir hanse
751 1711 1680 1842 und wandel eb bezügen und bößer sein
761 1779 1682 1930 wurde, als er ef syen man silesi
746 1883 1682 2010 Irem glauben Erßeß klyben, soe
675 1967 1674 2097 nß auch by dem unsers laßen llyben,
688 2050 1675 2183 sy bewysind die ersafft deß Heilgen z
696 2144 1675 2273 goli mit Iren werken, vil aber vnder
716 2223 1681 2340 uns nit. In seina er welle sich gar
731 2305 1658 2441 laßen abtryben, man mage mit ime
734 2383 1649 2546 machen, was Gott zu laßen werde
735 2472 1675 2607 mals erstatte der oberkeit mandet anr
707 2570 1666 2735 jnez ab anderen und Casterhahfen lüthe
723 2693 980 2805 aber ni
690 2732 1667 2975 befragt, ob über die quastion und sorte
710 2845 1668 3042 vass artweil, die mas Inen theifflich
720 2907 1643 3104 die hand geben werden sy auff schrifftlich
702 3022 1654 3193 oder einr muntlich anterarte) wollind.
620 3085 1655 3346 Antwontet Stens hab vor zwreyen Jar
700 3200 1648 3424 alles beantwartet, darby laße eres
678 3274 1661 3549 blyben und wolle sich nit frer inlaßen
1693 2961 1735 3031 3.
2813 78 2926 161 20
1831 248 2869 666 een
1859 371 2882 738 ea
1826 458 2931 806 ehe
1827 532 2882 892 eten enen
1858 643 2859 943 gepleic dent
1836 725 2885 1060 rspoate
1797 811 2887 1120 Ahispith, sye inet ein drey oder vier
1826 905 2896 1172 möniges eerma sich darzerüschen müt den
1801 1043 2693 1298 Ie gend jeinder rrden vonöthen.
1830 1156 2842 1407 und alß . Huunel Aine Stänkzn endtlich
1814 1249 2886 1462 fürgehalten, wie by irem war dnsfahr
1830 1342 2905 1536 fwegen jaren gehaltnet gesprach, er sich
1815 1442 2891 1606 aul so wild, wie seth erlenst, Sands an
1816 1517 2890 1710 zeisungen einer krüfftigen bekerung von
1810 1600 2923 1781 sich geben habe, Hab er zu antwarten er
1809 1693 2895 1836 habe damalen mir wellen loßen vf deß
1799 1782 2947 1933 eernere frag, ob dan sich also glyßnerich
1795 1865 2877 2012 zursellen, delledligkeit sye, weren sy sich
1767 1952 2901 2081 furandere uß berumnen dößind, hatt er
1801 2023 2880 2218 angefangen fächlen und es darby laßen
1783 2114 1941 2241 geltes
1819 2213 2746 2405 Wolgend die Anticul safnen uß
1831 2345 2727 2497 vtrma anni 1647 smb gebüren d
1861 2417 2698 2581 beantwartung wellegschrifft.
1916 2499 2544 2676 lich überschickt worfen.
1715 2626 2813 2887 1. Warumub sy sich von bnß gesänderen?
1713 2768 1752 2887 2.
1784 2774 2886 3047 Ob zin ehr gde landt ein güte oder derige
1785 2866 2676 3103 lehr offentlich verkündet werde.
1778 2978 2862 3254 vne entitt welldate en
1791 3070 2828 3314 alte eßament für einen theil der
1779 3125 2912 3441 Regut. deß rechtes glaubens und Christen
1787 3213 2699 3481 Ar nltend e
1693 3309 2730 3649 estran d ise
