3024 4032
737 1336 1641 1524 Sadlena Stembennenn
793 1402 1600 1618 wachtmeist Bürgis abgescheidne,
600 1531 1623 1751 Wiewal, die draben verhaffte Madlena
652 1654 1624 1818 Stein brunerin uf hüt deß 26. augusti 1677.
664 1725 1631 1903 urch myne hochgeehrten herrn herren Heinrich
617 1797 1639 1948 umel dem Rebsgrant alhier, H. urke
637 1883 1618 2029 hart Fischer und h aber Anwart beidt
622 1952 1602 2122 das leines raaths i gegenwart herre
610 2045 1621 2180 Großweibel Hrunstenbergers, abermul
634 2119 1614 2268 uf z gden bauelich unß gutfinden, in der
621 2205 1623 2331 Gfangenschafft, alles ernstes spammmert
616 2281 1635 2409 undhunderlich jra die frer mutershl
605 2367 1621 2517 zo schrifft venfasten kundtschafften abge
574 2453 1631 2600 läfen worden und man deneint sy hindich
602 2539 1605 2674 in seiner runden bekantnuß zubfinget,
554 2620 1600 2764 Hatt doch (vnangesethen, der vilfltg
589 2708 1590 2850 hrüwherziges schanf vermanng semnt
577 2790 1616 2967 zusprechen, viler exemples. Helig gscheifft
543 2868 1580 3059 Bs sich anderst nit, wie hienar nih und
518 2934 1594 3118 ane Marter geschechenbewegen lasen,
486 3010 1600 3211 Noch bekantlich sein wellen, Daß einlich
502 3094 1573 3316 Sy jemalen irte muter sweder gestoltt
568 3177 1585 3402 nach geschlagen oder sy mit ungebürlih
560 3237 1588 3477 wortten lempfang nach cractiert haben
2817 328 2917 418 54
1760 439 2860 669 Dßoß aber die anclag, daß sy solle ire
1771 538 2873 733 mnuter geschlagen haben, belanget, Zeige
1811 588 2898 779 es die beschaffenkeit, daß ach dem sy uf
1814 666 2920 887 einzeit dr buß vffen shlaz gebutren, und sy
1789 758 2900 925 en der Ghaltenmatgaßen zuhuß geweßen,
1790 844 2886 998 habe sy den Vberclüthen, ein mal geben,
1817 910 2917 1071 alßo aber daß gesindt vom Tischleßgestanden
1803 988 2920 1159 endelie mutehn nit vsshägen wellen synzu¬
1792 1073 2924 1207 schencken, heige sy die Muter, mit dem linggen
1797 1139 2893 1303 Elbages gespossen und damit abgemant
1796 1217 2905 1375 eißelicher aber sy als bald perüwen und
1830 1313 2913 1440 öliches mit tremenden onge Peter schurer
1716 1370 2890 1534 und seiner fraueen, die auch aldas gewesen
1816 1444 2824 1600 gesagt und klagt anders sye nit
1745 1525 2087 1669 ehrgangen.
1798 1662 2857 1828 der wortten halb, vermeldet sy, Sy
1785 1783 2900 1910 habe, Irer Muter Niemaln Also wie da
1768 1856 2898 1988 Ireh fürgehalten werden, So vngebürlich
1766 1929 2897 2067 zugeredt, anders weder das sy fra etwa
1760 2011 2873 2148 appeleren adr Aprelli genamset undge
1821 2082 2892 2232 agten, Wah aber erlich leith van fra
1800 2143 2861 2314 soliche ungeburen gehort zuhaben, zuget
1804 2224 2869 2375 kamneet, müße sy es wol glaubhen das
1806 2300 2868 2439 sy sich deßen. by Irer Sel. vnd Seligkeit
1804 2369 2841 2534 nüt zu erennertn wüsse, zwar thabe
1797 2450 2823 2598 y. was sy etwas wreßwuter vom bad
1783 2535 2899 2643 uffgehept und gebürt in schmidtswyß
1772 2600 2694 2756 zuhrn abgemelte wert geredt
1765 2743 2822 2887 der vrrüschen haten, halben könne sy wie
1799 2850 2810 2964 3 schan vermelde t. Der damet Diemandt
1766 2901 2822 3000 zun damen damsen, vnd blybe also auch
1767 2975 2814 3085 ey vorgender bekantnuß, Namlich das
1781 3038 2798 3169 alß sy ein halb jeris Meitli ghi, Eye sy
1768 3106 2768 3218 voh Iyer Muler (hinweg komen, vnnd
1762 3172 2779 3288 tum Bätel hin und wäder ussert landts
1769 3249 2797 3370 herumb gehagen, Nachwerts aber als
1752 3317 2801 3452 sy. vmb etwas erwachßen, lediger wyß¬
