3024 4032
805 285 1495 524 Auiine Bei en
918 427 1344 567 Eurgundenete
598 488 1671 782 Alß dieselbe auch sb vnget heurlch mit
619 604 1675 851 Wrärtigg und zimlischer uleter examisis
642 695 1668 901 und betragn worden, Wylshein zeitlen
684 767 1659 990 br vorgeneltem diebald gewant unng
716 859 1672 1049 ein magt sein sollen, wo sy namliche
681 922 1660 1113 Ime seines diebbstäl seung entwenten
709 1008 1671 1209 sachen verkaufft oder sich sonstes mit
694 1070 1659 1299 ime vergrifft habe. Hat sy weder
662 1165 1678 1350 Deß eineh nachh anderen vriurtenshalte
707 1236 1686 1449 gantz keinen begangen zn haben, gestend
696 1335 1666 1534 nach bekantlich sein wellen, as sil
697 1423 1673 1591 mit smne diebalß weeder zu guten, sach
696 1499 1678 1706 bösen kein kundsame gehanten oder sanh
697 1614 1659 1756 geneinschafft geheßten, weliches auch er
671 1692 1654 1829 nach sein sy beide einanderen snder ange
697 1785 1659 1905 gestads gestelt worden, genzlichen ent
697 1863 1664 1993 schuldiget und bekent, das er diß meil
688 1935 1666 2053 anders nit bekenne, sweder, das er es
680 2013 1648 2138 uf ein zeit im salothurner birf an
700 2098 1627 2239 getreht habe, vnd ses hernach also
622 2189 1123 2330 verlaßen habe,
621 2319 1659 2504 Bitet gantz flächenlich umb nad und
659 2434 1657 2584 Liberation, das es sich mit der Gotts
675 2504 1647 2679 hilf beseret und ist sein henmeb Jachen
652 2641 894 2749 wrelle
690 2619 1638 2829 Ist 2 mal lär, das 2 m mit dem k
704 2756 1607 2917 th ufgezogen worden und alle in
443 2877 660 2958 alß ein
432 2849 1293 3045 jung mönth amahten gefallen
1662 2141 1758 2297 4 Jelix
2798 -14 2903 73 1
1909 305 2402 541 Aistiue
1772 361 2805 803 en
1777 413 2916 848 net
1822 510 2935 935 seni ae
1837 653 2827 982 ve e
1808 721 2829 1056 e renten
1860 811 2817 1123 gee
1842 906 2806 1183 nit angefanget, sonders nach andene
1816 956 2869 1292 noanns
1819 1076 2856 1351 begangen haben, durch ungden arfelch
1812 1144 2823 1428 vom h baudtman Wagner deroge
1831 1264 2847 1514 libt mitrath H Rud lchender, der
1814 1341 2859 1552 berger und  Groseran l t zürsten.
1812 1430 2873 1622 besees im strecken thurn alles srnstes
1796 1530 2858 1713 vnd bis beträuwung dler Marter be¬
1799 1634 2524 1790 geagt und examiniert worden.
1766 1715 2847 1890 Hätter anders den tag eines läbens
1818 1833 2850 1959 söses begangen zu haben nit bekantlich
1822 1905 2811 2041 nachgestendig sein wellen, weder
1973 2001 2001 2053 lei
1823 1995 2884 2125 der Ja, das jenige bewüste Kalb, mit
1832 2088 2908 2208 einen ghoanels michel schnyder und einem
1828 2152 2782 2272 der sichtnambseten und by einandere
1813 2226 2847 2360 im pfienstgsyeß, nüt vorwüßen ires
1734 2281 2843 2500 meisters und der meist frren allß prache
1777 2383 2801 2592 junge gsellen genamen, daß elifig ge
1789 2474 2886 2682 nizget und mit einanderen genoßen
1787 2524 2829 2744 habnit aber nit gemeint, das es so ein
1797 2622 2914 2852 großen füller sye, Sonsten, habe er
1725 2696 2891 2943 sich von jugenst an, ehrlich und redlich.
1793 2774 2829 3017 mit erbeiten und darues erhalten.
1772 2857 2917 3134 und maningsmal 2 3 ja uf die 4 jar
1783 2913 2884 3199 by einem meist gedieneti. Bitet dero
1788 3006 2864 3280 getu  wascheen
1761 3075 2861 3376 zit zug anderen beßeren und erlich
1743 3157 2449 3388 nd erit scheishen e
