3024 4032
904 166 1459 366 emnrics eser
927 262 1422 442 usen sangegg
792 313 1670 602 ihet nde seen
789 428 1669 636 ersein unsehelich kind by Sarasper
801 490 1661 708 seiner vos H aggwyl erzuget und
806 559 1660 803 aber er soliches einem anderen in
785 638 1681 880 zeeignen befalhen. von sölich betrugs.
782 731 1679 931 wegen samet wyb und kindt mit
742 804 1694 1019 Dann Eyde, von I gden statt vnd land
751 889 1674 1077 verwesen worden, doch Ime Indil
780 985 1689 1166 8. totg Iih geben. sein vnehrlich kind
783 1071 1615 1269 gebürenen maßen zeuersorget,
844 1431 1594 1632 Varrelnh Im Horoff
914 1549 1331 1674 Der Müller,
762 1682 1684 1875 Diser ist wegen er nit allein uf ehen
686 1797 1693 1937 martign die nachtwacht, mütwillig
715 1878 1687 2015 vrabsumpt, Sonders nach seber dis
718 1959 1681 2106 Jagdie abgangnen beuelich mit truhen
756 2050 1687 2190 warten verachtet zweo monat lang
751 2124 1663 2265 mit dem gyde vag ir gdie hurgereb
696 2235 1307 2394 hil gwisen worhn
1457 2210 1537 2339 6
2264 170 2315 223 1
1947 97 2598 383 ven
1903 211 2549 443 en
2000 314 2467 474 t eling.
2068 399 2353 525 Höfferen
1770 275 2912 745 e
1794 407 2906 768 aer as
1828 502 2891 846 asat
1791 546 2897 941 gale tat
1807 668 2880 982 iendee
1825 757 2874 1074 egsch anher
1831 814 2865 1128 n les hd
1819 936 2900 1223 nach brnstem gebäht zu gott, daß der
1839 1001 2869 1278 abige Ire arbeit Segnen welle der
1832 1092 2899 1362 en vnd ander, zu aller vorderst, Ires
1814 1187 2912 1438 herkamms, thun und laßens etc. In redge
1830 1283 2935 1510 stelt warden, überweliche frag sy vol.
1813 1425 2320 1629 Jeden bscheid gebet,
1766 1531 2905 1745 Haß statt sye zu Schwyl pürtig habe
1839 1639 2911 1805 sich in kelen yngewybet und daselbsten
1818 1714 2927 1906 hußhebliches gesezt habind e kinder und
1802 1816 2935 1968 seikem andere begangenschafft, alß das
1816 1907 2908 2059 Purmwerk syner confutsion halben sye
1832 2004 2854 2130 er sit 20 oder mehr jaren dahar vi
1826 2072 2894 2217 h�üffer und von Heirs mit trüdere in
1827 2161 2889 2307 einem sehrer uffgewarffe und verardnet
1819 2241 2906 2384 worden, weliches ampt Ob aber keiner
1816 2317 2884 2475 ertragenheit sye) er uif seinen wille
1798 2406 2862 2584 wa er auh si der bruderschafft Gblyben
1823 2490 2465 2644 wellen annemen müßen.
1733 2583 2954 2805 Martin Burg sye suf der burgürtig hab
1827 2697 2977 2906 ich zu kynauch yngewybet und pfahl habind
1812 2768 2931 2967 16 knder zu Täüfferen hab ey sich war
1785 2839 2960 3110 Vngferd 2 Jaren begeben, vnd aber die predigen
1794 2936 2939 3172 erf sie einem jar dahar volkamen under
1784 2996 2917 3239 laßts zuebeuch, sye auch ein Bursenan
1779 3074 2820 3304 und wide wor auffs anderem als wan
1787 3164 2937 3449 sagißen und schlegel weggen und pflegel
