3024 4032
754 346 1638 634 he de ene
781 436 1645 697 erach eenten
784 515 1646 756 gewesen) gemecht und anhundt, daßelbe
785 574 1596 817 an endesege
774 667 1648 886 uß einem genterlin 2 sendlin 3 beher
783 731 1628 936 mit füeßen, 2. Tisch becher i spüßlen
772 810 1618 1020 1. Saltzbühbli 6 Löffel in gebeli, so
768 884 1640 1095 gantz silberig geweßen und 2 silberbschlen
768 952 1638 1144 meser, dem Michel Schmid, (der
766 1017 1630 1223 auch uf der leiteren, er Christen aber
764 1094 1634 1284 an dem hard gewesen und gewartet.
766 1170 1578 1349 habe gegeben, worvon ime Christen
770 1256 1618 1431 willig 2 töffel und i gebeli worden
758 1330 1600 1495 welches er aber, da er gefangen e
760 1410 1608 1563 werden gezwyflet, hinwege geworffen
730 1460 1620 1626 Daß Überig silbergschir haben sy zu sehen,
746 1560 1604 1726 gethan, selbiges in esach wald getrafen
748 1642 1589 1776 umb die meßer oder löffel gespilt,
740 1714 1575 1857 hernach aber, da sy gahn wöllen,
725 1809 1583 1935 haber der michel mit einem meyder
742 1860 1587 2002 so er mit spilen gwonnen en loch oben
739 1948 1595 2075 in dem bemelten lysach wald beyenen
723 2017 1572 2141 weg so man nach Ramseren gath
709 2090 1556 2212 bey einer dannen gemacht, daß
719 2155 1579 2283 silber gschir daryn gethan, umb etwas
716 2239 1594 2363 bezeckt und daruf 2 Dannlin gestelten
703 2315 1565 2442 und vermeldet, er Jaggi habe gsagt,
702 2393 1570 2523 sein er müeße es gahn zur ach den
485 2476 1099 2625 Jnden Jeden bringen
833 2717 1500 2879 Meichee Sch mid.
615 2904 1542 3085 Nachdem diß der befragt und von züe
661 2986 1555 3214 henerstahn begert worden, ob er nit
676 3056 1562 3249 abgedente silberg scie habe stellene.
675 3129 1535 3338 auch waß er sonsten mächte entzweit
671 3220 1538 3424 haben, hatte derselbig von keinen
682 3269 1523 3502 silber gschir nütz wüßen wöllen und
2785 274 2884 387 41
1787 364 2826 707 en en e
1839 468 2891 730 e erth ee en
1840 522 2879 820 ghalb Balel mit hilff eines saldaten i Schaff
1836 719 2220 876 aetfriktet habe
1790 917 2749 1114 und alß dißer michel von anzagnen
1803 946 2845 1185 Silbergschie in keinen weg mitzit waßen.
1809 1028 2915 1234 nach bekennen wellen, hat man vor anzogner
1779 1111 2880 1321 Christen (alß der inne angeben d var inne
1808 1202 2838 1382 gestelt sy gegen einanderen consrontiert
1771 1264 2853 1437 Da er Michel alßbald (nach dem Christen
1778 1327 2870 1535 zu imme gesagt, solle mir bekantlich syn wüße
1804 1410 2861 1590 selbs wol daß er es thun helffen. soliches
1784 1494 2867 1670 wie gedeüter Christen hienar vermeldet)
1776 1583 2841 1760 silbergschir zentzwacken und hin wegstragen
1776 1706 2866 1855 hilffgeben, vnd darneben vermeldet, der
1769 1760 2833 1933 Jaggen hievor anzogen, welcher frauw spitz
1763 1849 2821 1998 hoßen iin schier grmene gaßsaggen mit raten
1773 1939 2826 2063 trnlen, bekleidt, habe gesagt, welle daß
1786 2026 2821 2138 silbergeschir nemmen, sich darmit ins tinerner
1774 2114 2839 2221 gepret oder nacher zur zach begeben, daßelbsten.
1763 2176 2853 2299 daßselbig den Juden zukouff geben, welche
1745 2246 2770 2374 dan nüt sägen oder inne verraten, sonsten
1767 2330 2837 2453 in dißem land wurde man daß silber gschir
1745 2409 2855 2544 (wylen daselbig bezeicheet) bekonnen,
1763 2489 2688 2627 und hiemit in der gefahr stahen müeßen.
1750 2691 2803 2901 gerdeüter Michel vermeldet, man wurden
1744 2786 2762 2970 vor an Hagner Jaggi Kolli mit demselber
1755 2867 2800 3028 geschir Imfal er es an dem agt da es
1761 2955 2809 3146 vergraben worden genommen zu Rieden
1750 3020 2814 3192 bim brunnen i halbstund usert halb zur sach
1753 3070 2879 3278 In dem Verena Tag, alß dan i marit zu Zurzach
1739 3181 2836 3378 ge gewüßlich antrefffen und erdappen.
