3024 4032
536 441 654 538 irei
712 292 1651 639 egen
727 393 1703 735 banhen
689 450 1688 805 Ienee
740 571 1673 864 rntenntan
727 626 1497 855 dl v anderh
684 715 1585 976 lang ein gute sach haben, hrauf
1495 819 1591 898 in
1587 839 1687 943 liben
711 790 1655 1075 v  e
1637 929 1682 1017 uch
695 864 1671 1162 Entehtes esl leg
674 958 1662 1228 alda abermalen deß samens derge¬
701 1041 1627 1291 worffen und 4 sguet verdeabt
655 1121 850 1252 habe,
616 1293 1649 1529 Item alß der Böt Wbeist de muß s
650 1413 1626 1583 nacher Oberwyl und Hüzwyl goten
659 1484 1638 1666 gwüß tholz uf einen blatt, alwo dem
641 1563 1660 1731 lühes gestandeß, zum dantz zugabbret
647 1637 1622 1820 undler iro hoffnung gemacht, sy alda
647 1731 1636 1877 wol läben werden habe es sy ungfar
632 1824 1656 1999 umb witernacht und nach eim fandere wyben
579 1901 1617 2066 an soß dem dorff Lanbach, abfnderlich
612 1996 1614 2157 mad einem Wyßen Sterkli gefürt sich.
623 2081 1261 2203 samptlich sampt einen
1277 2113 1630 2223 schwerz gkleiten.
594 2169 1601 2308 Gyger Ef den danzEhth begeben
599 2259 1637 2409 Alwo sy mit irem Hänßli gesanzet, das
560 2348 1606 2483 Sy alber darby seinem fungeben nach,
611 2440 1614 2581 wol geläbt habe, yr söliches ichfeit
595 2518 1593 2679 weg geschechet, das sy sanders mit
568 2601 1599 2789 gesachen, uf stellen das grabsfleisch
554 2706 1608 2891 habind, weßer brot nach Salz carben
547 2795 1606 2983 gept. Daß fran vehan, weliches gra
534 2885 1579 3037 durch des Gsiger in ein hölzenen sächer
549 2958 1561 3159 yngeschenckt worden, kein erafft noch
515 3031 1587 3250 Augend nit ghan, sonder ganz sub und
538 3138 1593 3375 gleichsam, wie Scilershred geweßen syns.
2826 314 2927 401 53
1797 427 2878 672 By disem nun habe sy es nit bewendeß.
1748 533 2890 768 claßen sonders jelehnger je mehr uß
1835 562 2919 797 antmb des bößes Geists, mit vdesbung
1800 652 2965 880 diß vychs fert gefaren und zu underschikn.
1811 760 2939 941 Aben maleßdeß Satanschen samens, hin
1762 803 2927 1037 und wider by fimpbacht und der ortten
1810 903 2915 1093 herumb, vf die weiden dem Vych darge¬
1792 985 2906 1166 worffen, also das sy nit wüßen mite
1797 1064 2893 1257 wie vil stuke Hanos Drufganges selix
1811 1147 2850 1326 emachte, wy habe aber (auch under
1795 1231 2927 1426 loßes bißwyllen mit Iren handen, etliche
1801 1327 2869 1499 houet vfh. by den Pleinen, vnd Syten
1809 1424 2800 1560 angfrürt, das söliche darab erlamen
1793 1505 2882 1649 müßen, Gy habe sich aber als bald
1806 1591 2901 1738 damuf sy nit estwas erwütscht werde,
1778 1688 2904 1821 vogt genacht, donste habe der Böß
1771 1757 2890 1893 Geist Irey von sölchen bößen hateß
1803 1853 2884 1989 wegen vil gald und gelt vertheißen
1780 1933 2684 2068 Ira aber (inemalee nüt gehalten
1750 2097 2828 2256 Endtlichen So habe sy In Irer Blugenden
1798 2207 2807 2352 fagend sich vell und mnamgfaltig mit
1771 2274 2837 2430 Hurey und elebruch sich vergangen,
1733 2354 2887 2532 und vor unpfarr 40 Jaren einer gwüßen
1732 2426 2852 2605 maußpsaz sein unehrlich kinde gebeh und
1744 2518 2149 2665 zugefynet,
1789 2681 1863 2753 1
1760 2852 2785 3036 Dihere proredur Ist ans junger
1782 2974 2697 3135 Uürich buch getrafen worden
