3024 4032
369 472 499 569 452.
552 506 1294 701 Stettler, Studiosus.
541 659 1471 865 Ihme seyn das gleiche begehrt borden¬
547 769 1450 948 habe das meiste angehört, der aber,
534 876 1465 1037 gleich ihme Deponent, Bedinckheit le¬
549 966 1481 1145 ngehet, daraufhin sie beyde mit Einande¬
546 1071 1470 1245 beggegangen, und haben nachberts Behl
553 1163 1472 1331 ein Stundlang mit Einanker davon ge¬
555 1272 1474 1440 recdet, auch dazumahlen unter sich be¬
544 1373 1440 1507 schloßen, daß Sie nichts damit zu¬
549 1469 1450 1613 thun haben wollen. Darüberhin sie
550 1559 1457 1703 von ein Ander, und Er Stndtler heimb¬
547 1668 1465 1793 gegangen deß Mornerigen Tager¬
530 1761 1464 1896 habe er dem Werner einen Brieff ge¬
524 1858 1402 1983 schrieben, darinnen er ihme burz¬
543 1949 1451 2079 vermeldet, Er habe die Sache überleget,
531 2051 1460 2177 er könne nicht beypflichten, und Wolle
539 2110 1475 2273 nichts damit zu thun haben, und Houer¬
538 2239 1456 2378 ihne jeh auf die Liste gethan, so solt er
523 2332 1455 2446 seinen Nahmen durchthun, im Ubrigen¬
521 2416 1440 2557 solle es der Verschliegenheit hatten,
539 2501 1439 2639 wegen seinen angebrachten Brunden,
528 2570 1454 2751 bey dem gestrigen verbleiben, Diesen
529 2693 1455 2857 Brief habe seine Schbester geträgen
516 2795 1445 2935 und solchen dem Mernier selbster in
525 2882 1439 3038 die Gände gegeben, bald darnach sige¬
506 2964 1448 3131 der Wermer selbst zum Hauß gekommen
505 3049 1428 3250 an die Neulemngaß, habe geblegstet,
509 3164 1439 3343 ihme Steckler nochgefragt, und alsei
490 3214 1441 3465 herunter gegangen, von ihme begohe
496 3341 1420 3577 er solle mit ihme nach Hauß gehen, un
482 3386 1440 3671 Venschntcheugen bolen e
1537 3291 1581 3397 F
2528 590 2655 707 159.
1683 582 2322 754 Stettler, Studiosus
1655 729 2601 874 eine Canne habe, habe er ihne nicht hien¬
1643 822 2596 968 auflaßen wollen, sonderen die Seinige
1639 910 2599 1078 gegeben, die Forcht deß angedeeheten
1648 1021 2581 1150 Toctes habe ihne Vollkommen woe gemacht,
1642 1121 2585 1250 daß er nicht gebußt, was er thun oder¬
1642 1216 2572 1361 nicht thur solle; Hierauf seyn er mit ge¬
1634 1312 2565 1458 gangen, Allloo Mermer in seinem Hauß
1644 1397 2569 1558 ihme nichts anders gesagt, Als bie unbe¬
1631 1496 2563 1636 dachtsamb er gehandlet, daß er einen
1625 1582 2566 1738 Brief von diesen Sachen geschrieben, der
1627 1687 2511 1813 leicht in lätze Gand hätte fallen können,
1625 1776 2526 1917 alas habe er ihme annoch gesagt, Er seyn
1620 1868 2522 1998 der Erste, so ihnen abgeschlagen, und
1622 1960 2580 2088 solle sich ja huten, daß nicht ein thon daver
1628 2046 2529 2171 bekant werde, sonsten seyn er ohnfehlber
1631 2132 2557 2273 lich deß Todes, Übrigens Berde man ihee
1635 2218 2489 2347 nicht zleingen einzutrecken, Stillzu¬
1611 2306 2525 2448 3 schlonigen habe er zugesagt, und dabey¬
1616 2406 2517 2536 seyn es verblieben. Weiters habe er¬
1623 2483 2533 2591 nachwerts mit niemand davon geredet,
1621 2583 2527 2713 seyn auf Könitz gegangen, und Freytago
1631 2668 2549 2795 darauf nach derren Roth verreißet, und
1612 2757 2345 2874 sinthar seye er zu Asfolterin.
1673 2846 2526 2971 diß seyn also die bahrhaffte Erzehlung
1607 2925 2547 3051 Von allein kem, so Ihmee dieser Sacheer halter
1608 3008 2520 3152 belußt, solche Bolle er vor Bodt, der¬
1601 3100 2505 3236 Hohen Oberkeit, und loo die es begehren¬
1604 3203 2039 3325 Berde, behaubten,
1622 3289 2516 3414 Es er vor der Zeit, da der Kiecherd ihme
1625 3382 2487 3510 diese Sachen gesagt, nichts Vordiefem¬
1613 3483 2081 3593 Complot gelaußt?
