3024 4032
381 505 513 593 450.
360 641 525 783 notiit
408 3290 476 3419 d
598 523 1344 712 Oiserer, Procurator
559 668 1413 828 Es habe doch Lieutenant Fuekerun¬
557 766 1447 935 Articulo Mortis deponirt, daß er ihmen
544 857 1454 1016 den Endt der Verschlängenheit gethan, und
550 958 1430 1106 daß er von der Sach berichtet seyn, mit¬
548 1060 1422 1215 beyfuegen, Er Reponent habe gesagt,
540 1168 1447 1327 Er seÿe ein schlacher Lorper, und Berde¬
544 1270 1448 1423 deß begen nicht können helffen auß
540 1364 1459 1523 führen, Solle sich also wohl besinnen,
551 1465 1368 1603 und eine runde Bebantnuß thun?
563 1556 1423 1694 kein. Er habe ihme einmahl beker
529 1660 1463 1790 Ern noch gelubet gethan, das Wohl, nach¬
539 1747 1453 1888 emme der Kunter ihme obiges gesagt, und
532 1857 1451 1966 er das mehrere nicht hören wollen, habe¬
549 1942 1449 2095 er ihme gesagt, so solle er doch dazu schlei¬
536 2038 1458 2169 gen, welches er ihme Mundtlich ver¬
536 2138 778 2265 sprochen.
563 2219 1446 2358 Ob Er dann auch nicht gelaußt, daß man
434 2229 515 2344 8
519 2308 1449 2438 Sontags, nachdeme die Sach außgebrochen
529 2395 1443 2550 bey ihme eine Versamblung halten und
539 2496 1442 2617 verschiedene Mensiren zur Execution¬
532 2589 1312 2743 deß Projects abfaßen wollen?
444 2667 1455 2836 d. Er bezeuge, daß er davon nicht dasge
514 2805 939 2918 gringste gelaußt.
524 2789 1439 3008 Os hne auch nicht bekaute daß an Alnde
433 2882 501 3024 F.
511 2954 1430 3125 der Execution, sein Hauseren Cons
494 3052 1377 3243 planten behülftlich seyn sollen?
513 3266 1213 3416 Nein im geringsten nichts¬
1167 3422 1367 3567 Drsut.
461 1567 526 1684 3
1513 771 1656 872 Mstert.
1564 1246 1641 1367 B.
1572 1518 1614 1629 c
2528 575 2654 703 131
1702 587 2445 760 Siherer, Procurator
1691 730 2634 885 Alles obige seyn doch wieder ihne von Vin¬
1649 829 2604 977 den Ariestanten deponirt borden, dero¬
1666 919 2613 1057 begen Er mit etwan die Wahrheit hinter¬
1647 1033 2573 1167 halten solle, maßen man sich an seinen
1642 1126 2627 1285 Außaagen nicht berde erhädtigen können?
1671 1225 2568 1378 Er bethunre auf sein Beleißen, daß er
1662 1316 2598 1450 die Mahrheit eber alles, so beith ihner i
1640 1415 2169 1537 Wußen, geredet habe.
1643 1506 2552 1642 ob ihme dan gar nicht bekant, daß Mann,
1632 1602 2515 1757 unter dem Prateat, zu Erhaltung bur¬
1625 1697 2551 1829 gerlicher freyheiten, das Gebehr er¬
1626 1792 2045 1908 "geriffen Botlen?
1646 1882 1774 1986 lein.
1721 1959 2397 2101 Abgelesten und bestätiget.
1589 2097 2499 2277 Actum den 263 Julÿ. 1749.
