3024 4032
199 331 269 451 1)
346 272 466 402 68.
2633 244 2755 378 89.
1734 278 2491 503 Pritter Eramen.
2053 454 2174 543 mit
1699 523 2498 722 Zieutenant Gueter.
1546 768 2743 964 Worzu die hinter ihme gefundene Muni¬
1634 892 2339 1045 tion destinirt gebesten2
1530 1072 2750 1286 R Er habe die hinter ihme gefundene Patronen
1642 1201 2722 1351 und Kuglen Parat gehalten, denenjem¬
1631 1303 2689 1475 gen so bey ergreiffung deß gebehes nicht
1623 1413 2728 1535 mit Munition verstehen waren, davon geben
1629 1507 2734 1644 zu könen, Er habe zu diesem End, von 16t.
1628 1602 2698 1738 kley, so sein, und von in ciria S. tb. s
1632 1701 2719 1848 ihme der Gabriel Hueter gegeben, Rug¬
1626 1799 2710 1957 len gegoßen; Der Goldschund Gueter
1629 1900 2695 2050 habe auch Küglen gegoßen, auch habe er
1645 2001 2688 2144 ihme seine Patronenstämpfel entlehnen
1631 2115 2581 2244 müßen, umb patronen zu machen,
1624 2200 2702 2344 Glaube, es werden deren noch andere seyn,
1615 2308 2725 2411 so ihme nicht bebußt, mit fernerer Decla¬
1641 2402 2713 2539 ruction, der Haubtmann Händz habe ihme
1625 2496 2718 2647 Annoch gesagt, Er sehe wohl, daß mit den
1632 2585 2753 2762 Bürgern nichts zu machen seÿe, man müße
1632 2693 2699 2836 mit den Bauren anbinden; Nachbährts
1624 2774 2707 2948 habe er dem Haubtman Handh verdeutet,
1624 2895 2704 3057 er habe den Schutz mit den Reiß gelteren
1621 3024 2081 3138 abgehen laßen.
2243 3004 2719 3142 Von dem Statt¬
2079 3034 2182 3123 O
1617 3109 2731 3246 Wächter loch habe er beiters bein Bescheid¬
1627 3201 2677 3364 Als bas er schon ehemahlen gesagt,
1648 3330 2725 3493 Dem Marchthaler dem Tambou habe
2567 3458 2746 3581 E G.
