<?xml version="1.0" encoding="UTF-8" standalone="yes"?>
<PcGts xmlns="http://schema.primaresearch.org/PAGE/gts/pagecontent/2013-07-15" xmlns:xsi="http://www.w3.org/2001/XMLSchema-instance" xsi:schemaLocation="http://schema.primaresearch.org/PAGE/gts/pagecontent/2013-07-15 http://schema.primaresearch.org/PAGE/gts/pagecontent/2013-07-15/pagecontent.xsd">
    <Metadata>
        <Creator>prov=University of Rostock/Institute of Mathematics/CITlab|PLANET AI GmbH/Gundram Leifert/gundram.leifert@planet-ai.de:name=Transkribus German Kurrent M2(htr_id=29820)::::v=2.6.7
prov=University of Rostock/Institute of Mathematics/CITlab|PLANET AI GmbH/Tobias Gruening/tobias.gruening@planet-ai.de:name=de.uros.citlab.module.baseline2polygon.B2PSeamMultiOriented:v=2.6.7
prov=University of Rostock/Institute of Mathematics/CITlab|PLANET AI GmbH/Gundram Leifert/gundram.leifert@planet-ai.de:name=Kurrent_1515_ENHG_v3(htr_id=40510)::::v=2.6.7
prov=University of Rostock/Institute of Mathematics/CITlab|PLANET AI GmbH/Tobias Gruening/tobias.gruening@planet-ai.de:name=de.uros.citlab.module.baseline2polygon.B2PSeamMultiOriented:v=2.6.7
prov=University of Rostock/Institute of Mathematics/CITlab|PLANET AI GmbH/Tobias Gruening/tobias.gruening@planet-ai.de:name=/net_tf/LA73_249_0mod360.pb:de.uros.citlab.segmentation.CITlab_LA_ML:v=2.6.7
Transkribus</Creator>
        <Created>2022-05-02T15:17:49.301+02:00</Created>
        <LastChange>2022-09-12T15:19:47.736+02:00</LastChange>
        <TranskribusMetadata docId="1334849" pageId="52362500" pageNr="16" tsid="114644306" status="IN_PROGRESS" userId="9570" imgUrl="https://files.transkribus.eu/Get?id=XSHJSVQOUXKLYCZVAQJKELCH&amp;fileType=view" xmlUrl="https://files.transkribus.eu/Get?id=SPVHOUJJDPEKHCATDYVGQXME" imageId="30686910"/>
    </Metadata>
    <Page imageFilename="IMG_5716.jpg" imageWidth="3024" imageHeight="4032">
        <ReadingOrder>
            <OrderedGroup id="ro_1687513632768" caption="Regions reading order">
                <RegionRefIndexed index="0" regionRef="r1"/>
                <RegionRefIndexed index="1" regionRef="r2"/>
                <RegionRefIndexed index="2" regionRef="r3"/>
                <RegionRefIndexed index="3" regionRef="r4"/>
                <RegionRefIndexed index="4" regionRef="r5"/>
            </OrderedGroup>
        </ReadingOrder>
        <TextRegion orientation="0.0" id="r1" custom="readingOrder {index:0;}">
            <Coords points="417,454 417,605 447,605 447,454"/>
            <TextLine id="r1l1" custom="readingOrder {index:0;}">
                <Coords points="410,567 418,567 420,569 424,565 429,565 433,560 444,560 446,557 454,556 452,506 441,505 428,519 423,518 417,524 408,525"/>
                <Baseline points="417,555 447,554"/>
                <TextEquiv>
                    <Unicode>12</Unicode>
                </TextEquiv>
            </TextLine>
            <TextEquiv>
                <Unicode>12</Unicode>
            </TextEquiv>
        </TextRegion>
        <TextRegion orientation="0.0" id="r2" custom="readingOrder {index:1;}">
            <Coords points="414,1018 414,1349 464,1349 464,1018"/>
            <TextLine id="r2l1" custom="readingOrder {index:0;}">
                <Coords points="414,1138 429,1138 440,1125 448,1123 464,1135 474,1136 459,982 452,983 443,993 422,977 399,982"/>
                <Baseline points="420,1122 464,1118"/>
                <TextEquiv>
                    <Unicode>d</Unicode>
                </TextEquiv>
            </TextLine>
            <TextLine id="r2l2" custom="readingOrder {index:1;}">
                <Coords points="407,1312 422,1315 430,1312 446,1322 457,1309 471,1308 464,1205 455,1205 440,1213 434,1211 422,1223 411,1218 401,1221"/>
                <Baseline points="414,1299 462,1296"/>
                <TextEquiv>
                    <Unicode>6</Unicode>
                </TextEquiv>
            </TextLine>
            <TextEquiv>
                <Unicode>d
6</Unicode>
            </TextEquiv>
        </TextRegion>
        <TextRegion orientation="0.0" id="r3" custom="readingOrder {index:2;}">
            <Coords points="443,494 443,3492 1595,3492 1595,494"/>
            <TextLine id="r3l1" custom="readingOrder {index:0;}">
                <Coords points="485,595 496,591 514,602 537,606 567,598 594,577 626,584 625,502 614,502 588,477 562,490 538,481 512,480 498,494 483,496"/>
                <Baseline points="492,552 517,551 542,549 567,548 592,548 618,552"/>
                <TextEquiv>
                    <Unicode>26</Unicode>
                </TextEquiv>
            </TextLine>
            <TextLine id="r3l2" custom="readingOrder {index:1;} person {offset:0; length:11;}">
                <Coords points="714,640 785,621 912,643 981,605 1136,617 1351,564 1455,578 1441,420 1358,409 1272,491 999,461 895,514 815,463 703,520"/>
                <Baseline points="719,615 755,613 791,611 827,608 864,606 900,603 936,600 973,598 1009,596 1045,593 1082,590 1118,587 1154,582 1190,580 1227,576 1263,571 1299,566 1336,562 1372,555 1408,549 1445,543"/>
                <TextEquiv>
                    <Unicode>Rilend Mrni.</Unicode>
                </TextEquiv>
            </TextLine>
            <TextLine id="r3l3" custom="readingOrder {index:2;}">
                <Coords points="612,780 791,745 865,770 920,733 1048,785 1234,700 1342,740 1387,702 1572,701 1567,649 1409,583 1176,635 934,632 853,682 597,609"/>
                <Baseline points="617,747 664,746 711,744 758,741 806,738 853,736 900,732 947,728 995,723 1042,718 1089,715 1136,711 1184,705 1231,700 1278,696 1325,692 1373,688 1420,684 1467,680 1514,678 1562,675"/>
                <TextEquiv>
                    <Unicode>habe auch gesagt, Er seye ohnlängsten an</Unicode>
                </TextEquiv>
            </TextLine>
            <TextLine id="r3l4" custom="readingOrder {index:3;}">
                <Coords points="630,876 733,836 872,882 972,823 1034,847 1379,788 1553,817 1604,803 1599,719 1505,693 1458,731 1193,725 1053,785 979,739 924,793 816,746 626,809"/>
                <Baseline points="635,834 683,834 731,834 779,833 827,831 875,827 923,824 971,821 1019,816 1067,812 1115,808 1163,804 1211,799 1259,796 1307,792 1355,790 1403,788 1451,786 1499,786 1547,787 1595,788"/>
                <TextEquiv>
                    <Unicode>einem Ohrt gsen, da er Vernomen, Es seyn</Unicode>
                </TextEquiv>
            </TextLine>
            <TextLine id="r3l5" custom="readingOrder {index:4;}">
                <Coords points="620,937 797,919 904,946 1186,891 1348,920 1400,883 1471,908 1570,880 1566,813 1474,827 1435,800 1373,851 1209,812 1048,856 973,830 849,892 742,837 617,888"/>
                <Baseline points="626,924 672,923 719,921 766,920 813,917 860,913 906,911 953,908 1000,904 1047,900 1094,897 1140,893 1187,890 1234,886 1281,883 1328,881 1374,878 1421,875 1468,873 1515,872 1562,870"/>
                <TextEquiv>
                    <Unicode>30. oder mehr Babere Bürger, die ihre</Unicode>
                </TextEquiv>
            </TextLine>
            <TextLine id="r3l6" custom="readingOrder {index:5;}">
                <Coords points="621,1023 920,1066 1134,998 1199,1043 1289,992 1456,970 1586,998 1580,904 1507,897 1412,932 1115,906 867,953 800,920 616,946"/>
                <Baseline points="629,1019 676,1016 723,1014 771,1011 818,1007 866,1004 913,1001 960,997 1008,993 1055,989 1103,986 1150,983 1197,980 1245,977 1292,974 1340,972 1387,971 1434,971 1482,971 1529,971 1577,972"/>
                <TextEquiv>
                    <Unicode>alte Freyheiten schuzen und schiemen Bolle¬</Unicode>
                </TextEquiv>
            </TextLine>
            <TextLine id="r3l7" custom="readingOrder {index:6;}">
                <Coords points="620,1162 698,1120 798,1152 837,1121 982,1105 1033,1137 1072,1100 1130,1122 1221,1090 1307,1141 1455,1078 1595,1099 1590,994 1462,970 1200,1044 1159,1009 922,1065 614,1036"/>
                <Baseline points="626,1116 674,1115 722,1112 770,1110 818,1107 866,1104 914,1101 962,1097 1010,1094 1058,1091 1106,1088 1154,1085 1202,1082 1250,1080 1298,1077 1346,1076 1394,1076 1442,1074 1490,1076 1538,1076 1586,1077"/>
                <TextEquiv>
                    <Unicode>und das habe ihne gefreubt; Er haubtumn</Unicode>
                </TextEquiv>
            </TextLine>
            <TextLine id="r3l8" custom="readingOrder {index:7;} person {offset:0; length:7;}">
                <Coords points="594,1215 681,1249 745,1209 810,1231 1045,1191 1110,1235 1216,1171 1378,1228 1473,1188 1575,1204 1552,1089 1315,1143 1232,1094 798,1152 664,1124 592,1169"/>
                <Baseline points="602,1205 650,1206 698,1206 746,1205 794,1203 842,1202 890,1199 939,1195 987,1192 1035,1187 1083,1184 1131,1180 1179,1176 1227,1174 1276,1170 1324,1169 1372,1167 1420,1166 1468,1166 1516,1167 1565,1170"/>
                <TextEquiv>
                    <Unicode>Küpfter habe es etbelchen Sairen gesagt</Unicode>
                </TextEquiv>
            </TextLine>
            <TextLine id="r3l9" custom="readingOrder {index:8;} person {offset:33; length:7;}">
                <Coords points="604,1309 761,1330 992,1298 1059,1327 1115,1284 1186,1319 1432,1269 1485,1305 1582,1295 1582,1206 1378,1228 1216,1171 1106,1234 1039,1201 871,1244 789,1214 601,1239"/>
                <Baseline points="611,1295 659,1295 707,1295 755,1295 804,1293 852,1290 900,1289 949,1286 997,1283 1045,1280 1094,1278 1142,1275 1190,1272 1238,1271 1287,1269 1335,1268 1383,1268 1432,1268 1480,1270 1528,1273 1577,1277"/>
                <TextEquiv>
                    <Unicode>belche auch geloßt; item habe er Kupffen</Unicode>
                </TextEquiv>
            </TextLine>
            <TextLine id="r3l10" custom="readingOrder {index:9;}">
                <Coords points="605,1441 764,1394 957,1393 1001,1425 1099,1382 1292,1428 1363,1372 1496,1430 1573,1386 1570,1300 1432,1269 1343,1272 1290,1315 1121,1288 1042,1344 924,1299 718,1344 601,1325"/>
                <Baseline points="611,1392 658,1391 706,1391 754,1388 801,1386 849,1385 897,1383 944,1380 992,1378 1040,1376 1088,1374 1135,1373 1183,1370 1231,1369 1278,1367 1326,1367 1374,1365 1421,1365 1469,1365 1517,1367 1565,1367"/>
                <TextEquiv>
                    <Unicode>auch bedeutet, der damahls gegenbährtig</Unicode>
                </TextEquiv>
            </TextLine>
            <TextLine id="r3l11" custom="readingOrder {index:10;} person {offset:16; length:14;}">
                <Coords points="593,1524 807,1481 1066,1532 1280,1460 1586,1483 1584,1410 1493,1429 1366,1378 1293,1427 1171,1439 1098,1383 1002,1425 891,1399 798,1433 750,1400 591,1443"/>
                <Baseline points="599,1490 647,1487 696,1484 745,1481 794,1479 843,1478 892,1475 941,1473 990,1471 1039,1469 1088,1467 1136,1466 1185,1464 1234,1463 1283,1463 1332,1463 1381,1461 1430,1461 1479,1461 1528,1463 1577,1463"/>
                <TextEquiv>
                    <Unicode>gebesene Leuth. Weyerman Berde allen¬</Unicode>
                </TextEquiv>
            </TextLine>
            <TextLine id="r3l12" custom="readingOrder {index:11;}">
                <Coords points="590,1625 778,1618 867,1579 963,1611 1001,1582 1032,1598 1111,1582 1108,1517 1051,1534 979,1499 948,1525 894,1495 852,1520 796,1489 748,1518 709,1501 661,1534 635,1515 586,1533"/>
                <Baseline points="596,1589 621,1585 646,1583 672,1579 697,1577 722,1576 748,1574 773,1574 798,1572 824,1571 849,1571 874,1571 900,1570 925,1569 950,1569 976,1568 1001,1568 1026,1566 1052,1565 1077,1563 1103,1560"/>
                <TextEquiv>
                    <Unicode>fahlt auch beystehen.</Unicode>
                </TextEquiv>
            </TextLine>
            <TextLine id="r3l13" custom="readingOrder {index:12;} person {offset:16; length:7;} person {offset:29; length:9; continued:true;}">
                <Coords points="596,1795 730,1754 818,1781 1003,1753 1070,1808 1142,1750 1312,1789 1573,1743 1571,1674 1481,1703 1373,1644 1315,1676 1059,1653 999,1690 714,1647 594,1699"/>
                <Baseline points="603,1760 651,1757 699,1754 747,1751 795,1749 843,1748 891,1746 939,1745 987,1745 1035,1743 1084,1742 1132,1742 1180,1740 1228,1740 1276,1739 1324,1739 1372,1737 1420,1736 1468,1736 1516,1734 1565,1733"/>
                <TextEquiv>
                    <Unicode>Ob der Haubtman Kupfter ihne Inquisten</Unicode>
                </TextEquiv>
            </TextLine>
            <TextLine id="r3l14" custom="readingOrder {index:13;} person {offset:0; length:2; continued:true;}">
                <Coords points="460,1819 479,1817 493,1800 504,1799 519,1785 527,1788 553,1765 565,1769 555,1661 536,1671 515,1663 482,1682 467,1676 460,1681 446,1678"/>
                <Baseline points="462,1767 493,1760 525,1758 557,1757"/>
                <TextEquiv>
                    <Unicode>ri</Unicode>
                </TextEquiv>
            </TextLine>
            <TextLine id="r3l15" custom="readingOrder {index:14;}">
                <Coords points="596,1864 775,1899 838,1852 894,1898 1047,1859 1309,1899 1551,1839 1550,1767 1311,1790 1236,1753 1082,1815 1020,1765 923,1794 771,1761 596,1832"/>
                <Baseline points="603,1853 650,1848 697,1846 744,1844 791,1842 838,1839 885,1839 932,1838 979,1838 1026,1838 1073,1836 1120,1836 1167,1836 1214,1836 1261,1836 1308,1835 1355,1834 1402,1833 1449,1832 1496,1830 1544,1827"/>
                <TextEquiv>
                    <Unicode>nicht auch das geheimmiß versprochen?</Unicode>
                </TextEquiv>
            </TextLine>
            <TextLine id="r3l16" custom="readingOrder {index:15;}">
                <Coords points="459,2056 1056,2058 1096,2090 1181,2047 1415,2077 1562,2048 1533,1974 1449,2013 1327,1945 1279,1976 1107,1941 802,1976 712,1919 459,1889"/>
                <Baseline points="467,2034 521,2036 575,2036 630,2036 684,2036 738,2037 793,2037 847,2037 901,2037 956,2037 1010,2037 1064,2037 1119,2036 1173,2036 1227,2036 1282,2036 1336,2036 1390,2034 1445,2034 1499,2034 1554,2034"/>
                <TextEquiv>
                    <Unicode>Antler Jar er habe ihne seld. gehenmuß in die</Unicode>
                </TextEquiv>
            </TextLine>
            <TextLine id="r3l17" custom="readingOrder {index:16;}">
                <Coords points="557,2191 658,2154 722,2188 775,2139 1046,2178 1140,2150 1269,2189 1338,2147 1494,2186 1583,2146 1584,2074 1407,2091 1363,2056 1212,2056 1090,2090 936,2054 793,2098 750,2063 558,2059"/>
                <Baseline points="566,2127 616,2129 666,2129 717,2129 767,2130 818,2132 868,2132 919,2133 969,2133 1020,2135 1070,2135 1120,2135 1171,2136 1221,2136 1272,2136 1322,2136 1373,2136 1423,2136 1474,2135 1524,2135 1575,2133"/>
                <TextEquiv>
                    <Unicode>Hand angelobt, und versprochen, In der erste</Unicode>
                </TextEquiv>
            </TextLine>
            <TextLine id="r3l18" custom="readingOrder {index:17;}">
                <Coords points="541,2283 672,2252 754,2292 914,2250 1047,2278 1306,2236 1576,2258 1576,2173 1451,2193 1334,2148 1201,2187 1126,2149 846,2182 792,2146 723,2187 659,2153 541,2196"/>
                <Baseline points="549,2226 602,2226 656,2226 709,2226 763,2226 817,2228 870,2228 924,2228 978,2229 1031,2229 1085,2231 1138,2231 1192,2232 1246,2232 1299,2232 1353,2232 1407,2234 1460,2234 1514,2232 1568,2232"/>
                <TextEquiv>
                    <Unicode>Versammlung stich einzufinden, und allen</Unicode>
                </TextEquiv>
            </TextLine>
            <TextLine id="r3l19" custom="readingOrder {index:18;}">
                <Coords points="577,2334 665,2351 739,2328 814,2379 872,2377 925,2402 1010,2339 1067,2352 1069,2300 931,2250 889,2269 842,2257 755,2293 672,2252 578,2287"/>
                <Baseline points="585,2328 610,2326 635,2324 660,2322 685,2322 710,2322 735,2322 760,2323 785,2324 810,2325 835,2327 860,2328 885,2328 910,2330 935,2331 960,2331 985,2333 1010,2331 1035,2331 1061,2330"/>
                <TextEquiv>
                    <Unicode>mesuren beyzustehen</Unicode>
                </TextEquiv>
            </TextLine>
            <TextLine id="r3l20" custom="readingOrder {index:19;} person {offset:4; length:5;} person {offset:23; length:7;}">
                <Coords points="443,2556 584,2521 684,2566 1076,2543 1156,2601 1327,2542 1576,2545 1577,2449 1537,2442 1386,2484 1210,2434 842,2452 532,2413 445,2447"/>
                <Baseline points="452,2516 507,2517 563,2517 619,2519 675,2520 731,2520 786,2523 842,2525 898,2526 954,2527 1010,2528 1065,2529 1121,2531 1177,2531 1233,2531 1289,2531 1344,2530 1400,2529 1456,2526 1512,2524 1568,2520"/>
                <TextEquiv>
                    <Unicode>Hr. Wasre dem Haubtman Kupffer noch beites</Unicode>
                </TextEquiv>
            </TextLine>
            <TextLine id="r3l21" custom="readingOrder {index:20;}">
                <Coords points="558,2657 726,2629 962,2691 1337,2641 1466,2671 1500,2638 1579,2659 1580,2558 1334,2549 1206,2606 1072,2543 559,2564"/>
                <Baseline points="566,2615 616,2616 666,2617 716,2619 767,2621 817,2622 867,2625 918,2627 968,2628 1018,2630 1069,2631 1119,2633 1169,2633 1219,2634 1270,2633 1320,2633 1370,2631 1421,2630 1471,2627 1521,2623 1572,2619"/>
                <TextEquiv>
                    <Unicode>Von denen zu Außfuhrung diesters Project</Unicode>
                </TextEquiv>
            </TextLine>
            <TextLine id="r3l22" custom="readingOrder {index:21;}">
                <Coords points="555,2722 719,2771 849,2732 944,2793 1053,2739 1200,2787 1341,2740 1512,2778 1557,2762 1559,2646 1203,2709 1093,2660 958,2688 714,2636 556,2656"/>
                <Baseline points="563,2714 612,2715 661,2717 711,2718 760,2720 809,2722 859,2724 908,2726 957,2727 1007,2730 1056,2732 1105,2733 1155,2735 1204,2735 1253,2735 1303,2735 1352,2733 1401,2732 1451,2728 1500,2724 1550,2720"/>
                <TextEquiv>
                    <Unicode>vorzubehrenden Anstalten geredet habe?</Unicode>
                </TextEquiv>
            </TextLine>
            <TextLine id="r3l23" custom="readingOrder {index:22;}">
                <Coords points="435,2936 459,2925 485,2935 496,2925 519,2922 528,2914 537,2920 551,2908 570,2912 569,2819 522,2835 496,2860 463,2838 434,2852"/>
                <Baseline points="443,2909 473,2906 503,2905 533,2906 563,2906"/>
                <TextEquiv>
                    <Unicode>Antb.</Unicode>
                </TextEquiv>
            </TextLine>
            <TextLine id="r3l24" custom="readingOrder {index:23;}">
                <Coords points="569,2986 668,2947 720,2973 944,2938 1011,2973 1095,2935 1307,2957 1569,2923 1569,2894 1484,2900 1401,2845 1229,2864 1105,2795 866,2880 748,2829 700,2857 667,2825 573,2829"/>
                <Baseline points="578,2909 627,2910 676,2913 725,2915 774,2918 824,2921 873,2925 922,2927 971,2931 1020,2934 1070,2936 1119,2937 1168,2939 1217,2940 1266,2939 1316,2939 1365,2936 1414,2933 1463,2930 1512,2924 1562,2916"/>
                <TextEquiv>
                    <Unicode>Er gestehe, daß er ihme Verdeutet mann</Unicode>
                </TextEquiv>
            </TextLine>
            <TextLine id="r3l25" custom="readingOrder {index:24;}">
                <Coords points="537,3013 872,3074 1036,3042 1247,3096 1342,3063 1390,3102 1477,3044 1570,3044 1571,2982 1522,2959 1431,3004 1125,2963 987,3001 854,2946 817,2977 667,2947 538,2988"/>
                <Baseline points="545,3012 595,3014 646,3017 697,3020 748,3023 799,3027 850,3030 900,3033 951,3036 1002,3040 1053,3042 1104,3044 1155,3045 1206,3047 1256,3047 1307,3045 1358,3044 1409,3040 1460,3036 1511,3030 1562,3023"/>
                <TextEquiv>
                    <Unicode>werde hand Mörster mit Cartetschen gelade,</Unicode>
                </TextEquiv>
            </TextLine>
            <TextLine id="r3l26" custom="readingOrder {index:25;} place {offset:34; length:9; continued:true;}">
                <Coords points="531,3155 634,3129 822,3194 927,3145 977,3176 1590,3168 1593,3057 1389,3102 1328,3067 1248,3095 906,3050 782,3104 608,3026 534,3050"/>
                <Baseline points="539,3111 591,3114 643,3117 695,3121 747,3125 800,3130 852,3134 904,3139 956,3143 1008,3147 1061,3149 1113,3152 1165,3155 1217,3155 1269,3155 1322,3155 1374,3152 1426,3148 1478,3144 1530,3137 1583,3129"/>
                <TextEquiv>
                    <Unicode>haben, auch geredet, es berde von Sollsche¬</Unicode>
                </TextEquiv>
            </TextLine>
            <TextLine id="r3l27" custom="readingOrder {index:26;} place {offset:0; length:3; continued:true;} place {offset:4; length:10;} place {offset:29; length:4;}">
                <Coords points="526,3221 790,3247 860,3320 915,3277 993,3322 1158,3275 1381,3294 1560,3248 1561,3208 1501,3223 1429,3165 1194,3202 1129,3157 1016,3198 949,3156 822,3194 645,3131 528,3160"/>
                <Baseline points="534,3207 587,3213 641,3220 694,3225 748,3231 802,3237 855,3242 909,3247 963,3251 1016,3254 1070,3257 1123,3259 1177,3260 1231,3260 1284,3260 1338,3257 1392,3254 1445,3250 1499,3244 1553,3237"/>
                <TextEquiv>
                    <Unicode>und Reubenburg Manschafft zu Gueß und</Unicode>
                </TextEquiv>
            </TextLine>
            <TextLine id="r3l28" custom="readingOrder {index:27;}">
                <Coords points="527,3357 596,3325 993,3388 1204,3369 1245,3403 1359,3372 1402,3406 1572,3351 1576,3250 1499,3290 1153,3283 1003,3330 930,3280 860,3321 790,3251 639,3268 533,3219"/>
                <Baseline points="537,3300 588,3308 639,3315 691,3322 742,3328 794,3335 845,3340 897,3346 948,3350 1000,3354 1051,3357 1102,3360 1154,3362 1205,3362 1257,3362 1308,3360 1360,3358 1411,3354 1463,3349 1514,3342 1566,3335"/>
                <TextEquiv>
                    <Unicode>Pfadt ankommen; und allenfahls auß der</Unicode>
                </TextEquiv>
            </TextLine>
            <TextLine id="r3l29" custom="readingOrder {index:28;} place {offset:0; length:7;}">
                <Coords points="543,3414 661,3489 834,3452 997,3525 1404,3540 1538,3501 1542,3434 1463,3382 1400,3406 1358,3372 1199,3425 1170,3393 1020,3398 852,3348 745,3390 689,3349 547,3354"/>
                <Baseline points="552,3404 601,3410 650,3417 699,3423 748,3430 797,3435 846,3441 895,3446 944,3450 993,3456 1042,3459 1091,3462 1140,3465 1189,3467 1238,3468 1287,3468 1336,3468 1385,3467 1434,3464 1483,3461 1533,3456"/>
                <TextEquiv>
                    <Unicode>oranien, Beut sich Volt einfinden,</Unicode>
                </TextEquiv>
            </TextLine>
            <TextEquiv>
                <Unicode>26
Rilend Mrni.
habe auch gesagt, Er seye ohnlängsten an
einem Ohrt gsen, da er Vernomen, Es seyn
30. oder mehr Babere Bürger, die ihre
alte Freyheiten schuzen und schiemen Bolle¬
und das habe ihne gefreubt; Er haubtumn
Küpfter habe es etbelchen Sairen gesagt
belche auch geloßt; item habe er Kupffen
auch bedeutet, der damahls gegenbährtig
gebesene Leuth. Weyerman Berde allen¬
fahlt auch beystehen.
Ob der Haubtman Kupfter ihne Inquisten
ri
nicht auch das geheimmiß versprochen?
Antler Jar er habe ihne seld. gehenmuß in die
Hand angelobt, und versprochen, In der erste
Versammlung stich einzufinden, und allen
mesuren beyzustehen
Hr. Wasre dem Haubtman Kupffer noch beites
Von denen zu Außfuhrung diesters Project
vorzubehrenden Anstalten geredet habe?
Antb.
Er gestehe, daß er ihme Verdeutet mann
werde hand Mörster mit Cartetschen gelade,
haben, auch geredet, es berde von Sollsche¬
und Reubenburg Manschafft zu Gueß und
Pfadt ankommen; und allenfahls auß der
oranien, Beut sich Volt einfinden,</Unicode>
            </TextEquiv>
        </TextRegion>
        <TextRegion orientation="0.0" id="r4" custom="readingOrder {index:3;}">
            <Coords points="1613,2914 1613,3431 1721,3431 1721,2914"/>
            <TextLine id="r4l1" custom="readingOrder {index:0;}">
                <Coords points="1622,3028 1635,3027 1642,3034 1657,3031 1663,3038 1673,3039 1684,2942 1669,2941 1666,2937 1652,2942 1648,2937 1633,2935"/>
                <Baseline points="1631,3014 1668,3018"/>
                <TextEquiv>
                    <Unicode>he</Unicode>
                </TextEquiv>
            </TextLine>
            <TextLine id="r4l2" custom="readingOrder {index:1;}">
                <Coords points="1599,3380 1624,3394 1637,3413 1677,3414 1697,3429 1719,3424 1750,3292 1739,3293 1723,3278 1691,3285 1679,3274 1658,3285 1622,3282"/>
                <Baseline points="1613,3357 1640,3361 1667,3367 1694,3375 1721,3381"/>
                <TextEquiv>
                    <Unicode>Antz.</Unicode>
                </TextEquiv>
            </TextLine>
            <TextEquiv>
                <Unicode>he
Antz.</Unicode>
            </TextEquiv>
        </TextRegion>
        <TextRegion orientation="0.0" id="r5" custom="readingOrder {index:4;}">
            <Coords points="1692,388 1692,3792 2928,3792 2928,388"/>
            <TextLine id="r5l1" custom="readingOrder {index:0;}">
                <Coords points="2659,485 2697,488 2737,503 2752,492 2769,495 2782,482 2822,483 2822,366 2802,372 2782,358 2761,375 2723,366 2685,399 2659,405"/>
                <Baseline points="2667,437 2696,438 2725,438 2755,438 2784,438 2814,437"/>
                <TextEquiv>
                    <Unicode>27</Unicode>
                </TextEquiv>
            </TextLine>
            <TextLine id="r5l2" custom="readingOrder {index:1;} person {offset:0; length:15;}">
                <Coords points="1861,598 2485,576 2557,554 2553,476 2522,487 2393,408 2092,463 2034,433 1967,458 1853,450"/>
                <Baseline points="1868,581 1902,579 1936,576 1970,573 2004,572 2038,570 2072,568 2106,567 2140,566 2174,564 2208,563 2242,561 2276,560 2310,558 2344,557 2378,554 2412,552 2446,551 2480,549 2514,546 2549,543"/>
                <TextEquiv>
                    <Unicode>Reidaus Werninr</Unicode>
                </TextEquiv>
            </TextLine>
            <TextLine id="r5l3" custom="readingOrder {index:2;} place {offset:18; length:6;}">
                <Coords points="1685,718 1863,732 1925,697 1974,737 2065,690 2120,721 2472,673 2558,721 2642,659 2794,678 2841,647 2838,583 2642,540 2550,595 2435,578 2365,634 2256,585 2035,626 1680,604"/>
                <Baseline points="1692,704 1749,699 1806,696 1863,693 1920,691 1977,689 2034,687 2091,684 2148,683 2205,681 2263,680 2320,678 2377,675 2434,672 2491,670 2548,667 2605,663 2662,659 2719,653 2776,647 2834,641"/>
                <TextEquiv>
                    <Unicode>bie auch glaß von Sanden berde Hilffkomen</Unicode>
                </TextEquiv>
            </TextLine>
            <TextLine id="r5l4" custom="readingOrder {index:3;} person {offset:19; length:8;}">
                <Coords points="1721,812 2068,791 2254,840 2426,770 2806,773 2801,679 2756,660 2551,721 2487,684 2175,734 2014,705 1972,736 1925,696 1875,745 1770,713 1719,759"/>
                <Baseline points="1728,789 1781,786 1834,782 1888,779 1941,777 1994,774 2048,773 2101,771 2154,770 2208,768 2261,767 2314,765 2368,762 2421,759 2474,756 2528,753 2581,749 2634,744 2688,738 2741,730 2795,722"/>
                <TextEquiv>
                    <Unicode>welche Umnständ er Inquisit von Leutt.</Unicode>
                </TextEquiv>
            </TextLine>
            <TextLine id="r5l5" custom="readingOrder {index:4;} person {offset:28; length:11; continued:true;}">
                <Coords points="1711,898 2216,874 2404,924 2468,867 2845,854 2841,747 2753,804 2641,776 2507,827 2368,781 2244,847 2026,842 1940,792 1708,821"/>
                <Baseline points="1718,882 1776,878 1835,875 1894,872 1953,870 2012,869 2071,868 2130,867 2189,866 2248,864 2306,863 2365,861 2424,860 2483,857 2542,854 2601,851 2660,845 2719,840 2778,833 2837,825"/>
                <TextEquiv>
                    <Unicode>Gueter vernomen, und Jbahr, Tatione des</Unicode>
                </TextEquiv>
            </TextLine>
            <TextLine id="r5l6" custom="readingOrder {index:5;} person {offset:0; length:9; continued:true;} place {offset:27; length:6; continued:true;}">
                <Coords points="1705,1012 2486,983 2569,942 2806,967 2828,873 2525,862 2379,930 2122,876 1790,889 1702,948"/>
                <Baseline points="1712,980 1767,977 1823,975 1878,974 1934,972 1989,969 2045,968 2100,966 2156,963 2211,962 2267,960 2322,957 2378,954 2433,952 2489,949 2544,947 2600,943 2655,939 2711,935 2766,930 2822,926"/>
                <TextEquiv>
                    <Unicode>Succurdes der 400 Mann von Reuben</Unicode>
                </TextEquiv>
            </TextLine>
            <TextLine id="r5l7" custom="readingOrder {index:6;} place {offset:0; length:4; continued:true;} person {offset:15; length:6;} person {offset:23; length:6;}">
                <Coords points="1711,1141 1823,1089 2304,1098 2506,1052 2691,1085 2825,1047 2795,941 2610,995 2533,959 2275,979 2195,1026 2111,996 1915,1043 1795,990 1704,1012"/>
                <Baseline points="1715,1079 1770,1079 1825,1077 1880,1077 1935,1076 1990,1074 2045,1071 2100,1068 2155,1065 2210,1062 2265,1058 2320,1055 2375,1051 2430,1049 2485,1044 2540,1041 2595,1038 2650,1035 2705,1032 2760,1030 2816,1028"/>
                <TextEquiv>
                    <Unicode>burg, habe der Lieutz. Bueter gesagt,</Unicode>
                </TextEquiv>
            </TextLine>
            <TextLine id="r5l8" custom="readingOrder {index:7;}">
                <Coords points="1727,1186 1940,1215 2005,1163 2336,1201 2474,1143 2836,1158 2841,1061 1915,1120 1854,1092 1725,1136"/>
                <Baseline points="1734,1170 1789,1170 1844,1169 1899,1167 1954,1166 2009,1164 2064,1161 2120,1158 2175,1157 2230,1154 2285,1151 2340,1148 2395,1145 2450,1142 2506,1140 2561,1137 2616,1136 2671,1133 2726,1131 2781,1130 2837,1130"/>
                <TextEquiv>
                    <Unicode>er büße solches vom Advocat Lambelet¬</Unicode>
                </TextEquiv>
            </TextLine>
            <TextLine id="r5l9" custom="readingOrder {index:8;}">
                <Coords points="1721,1291 1838,1333 1934,1271 2090,1262 2175,1308 2231,1263 2290,1286 2337,1252 2827,1223 2823,1149 2642,1134 2405,1215 2217,1171 2087,1231 1841,1183 1718,1229"/>
                <Baseline points="1727,1271 1781,1271 1836,1268 1890,1266 1945,1265 2000,1262 2054,1260 2109,1257 2163,1254 2218,1251 2273,1248 2327,1245 2382,1242 2436,1239 2491,1236 2546,1233 2600,1230 2655,1226 2709,1223 2764,1220 2819,1218"/>
                <TextEquiv>
                    <Unicode>mit fehrnerein beyfuegen, die Bauren</Unicode>
                </TextEquiv>
            </TextLine>
            <TextLine id="r5l10" custom="readingOrder {index:9;} place {offset:31; length:4;}">
                <Coords points="1711,1389 1823,1370 2035,1417 2111,1361 2394,1376 2522,1338 2633,1377 2841,1333 2879,1270 2456,1240 2176,1314 2092,1263 1962,1273 1837,1333 1706,1290"/>
                <Baseline points="1718,1365 1775,1364 1833,1363 1891,1361 1949,1358 2006,1356 2064,1353 2122,1350 2180,1346 2237,1343 2295,1340 2353,1336 2411,1333 2468,1330 2526,1326 2584,1323 2642,1318 2699,1316 2757,1313 2815,1309 2873,1307"/>
                <TextEquiv>
                    <Unicode>haben Sechst Egsterne Stuck zu Biel gießen</Unicode>
                </TextEquiv>
            </TextLine>
            <TextLine id="r5l11" custom="readingOrder {index:10;} person {offset:22; length:14;}">
                <Coords points="1724,1510 2164,1457 2326,1494 2638,1434 2715,1482 2767,1430 2885,1429 2881,1353 2825,1338 2576,1382 2279,1371 2200,1416 2128,1366 2036,1417 1911,1426 1825,1384 1720,1411"/>
                <Baseline points="1730,1469 1787,1467 1844,1466 1902,1464 1959,1461 2016,1459 2074,1457 2131,1453 2188,1450 2246,1446 2303,1443 2360,1440 2418,1436 2475,1433 2532,1430 2590,1427 2647,1425 2704,1422 2762,1421 2819,1419 2877,1419"/>
                <TextEquiv>
                    <Unicode>laßen, welches er von Gabriel Gueter Ver¬</Unicode>
                </TextEquiv>
            </TextLine>
            <TextLine id="r5l12" custom="readingOrder {index:11;} place {offset:11; length:9;}">
                <Coords points="1719,1565 1890,1590 2388,1553 2453,1593 2577,1540 2841,1538 2837,1446 2700,1484 2440,1446 2259,1500 2201,1466 2125,1506 1831,1470 1717,1523"/>
                <Baseline points="1727,1559 1782,1559 1837,1558 1892,1557 1948,1556 2003,1554 2058,1553 2113,1551 2169,1548 2224,1545 2279,1542 2334,1539 2390,1537 2445,1533 2500,1530 2555,1528 2611,1525 2666,1522 2721,1518 2776,1516 2832,1514"/>
                <TextEquiv>
                    <Unicode>nomen, von Vornemnen officiers habe</Unicode>
                </TextEquiv>
            </TextLine>
            <TextLine id="r5l13" custom="readingOrder {index:12;}">
                <Coords points="1719,1709 2081,1650 2270,1651 2341,1697 2454,1634 2707,1662 2867,1615 2852,1526 2768,1591 2632,1551 2454,1594 2396,1560 2088,1560 1714,1595"/>
                <Baseline points="1725,1664 1781,1659 1838,1656 1894,1652 1951,1649 2008,1647 2064,1644 2121,1643 2178,1640 2234,1638 2291,1636 2348,1634 2404,1632 2461,1629 2518,1628 2574,1625 2631,1622 2688,1618 2744,1614 2801,1611 2858,1605"/>
                <TextEquiv>
                    <Unicode>er dem Haubtman Kepster anders nichts</Unicode>
                </TextEquiv>
            </TextLine>
            <TextLine id="r5l14" custom="readingOrder {index:13;} person {offset:35; length:6; continued:true;}">
                <Coords points="1703,1799 1960,1749 2141,1800 2204,1747 2637,1780 2900,1722 2896,1631 2703,1663 2453,1634 2338,1697 2258,1655 2132,1691 1858,1674 1700,1717"/>
                <Baseline points="1709,1758 1768,1755 1827,1752 1886,1749 1945,1747 2004,1745 2063,1743 2123,1741 2182,1739 2241,1737 2300,1734 2359,1733 2418,1731 2477,1729 2537,1727 2596,1724 2655,1721 2714,1718 2773,1715 2832,1712 2892,1707"/>
                <TextEquiv>
                    <Unicode>geredet, Als er glaube, der Kantl. Bueter</Unicode>
                </TextEquiv>
            </TextLine>
            <TextLine id="r5l15" custom="readingOrder {index:14;} person {offset:0; length:5; continued:true;} person {offset:13; length:16;}">
                <Coords points="1726,1866 1969,1852 2074,1891 2429,1842 2623,1898 2920,1827 2918,1756 2811,1749 2684,1810 2401,1756 2295,1794 1724,1788"/>
                <Baseline points="1733,1851 1795,1850 1857,1848 1919,1847 1981,1846 2043,1845 2105,1844 2167,1842 2229,1841 2291,1841 2353,1839 2415,1838 2477,1836 2539,1835 2601,1832 2663,1830 2725,1827 2787,1825 2849,1821 2912,1818"/>
                <TextEquiv>
                    <Unicode>Bende mit H. Major Rienberger gesprochen</Unicode>
                </TextEquiv>
            </TextLine>
            <TextLine id="r5l16" custom="readingOrder {index:15;}">
                <Coords points="1708,1981 1896,1956 1963,1993 2010,1953 2087,1998 2327,1957 2435,1984 2574,1944 2630,1974 2851,1958 2869,1904 2749,1865 2530,1899 2450,1845 1707,1887"/>
                <Baseline points="1715,1944 1772,1943 1829,1941 1887,1940 1944,1940 2001,1940 2059,1938 2116,1938 2173,1938 2231,1937 2288,1937 2345,1937 2403,1937 2460,1935 2517,1935 2575,1934 2632,1932 2689,1931 2747,1930 2804,1928 2862,1926"/>
                <TextEquiv>
                    <Unicode>haben, In ansehen der Thoren habe er</Unicode>
                </TextEquiv>
            </TextLine>
            <TextLine id="r5l17" custom="readingOrder {index:16;} person {offset:17; length:6;} person {offset:25; length:6;}">
                <Coords points="1717,2083 1843,2037 1918,2081 2252,2040 2368,2095 2528,2042 2630,2074 2919,2052 2919,1988 2715,1952 2197,1969 2102,2008 2028,1955 1965,1992 1717,1965"/>
                <Baseline points="1724,2037 1783,2037 1842,2037 1902,2037 1961,2037 2021,2037 2080,2036 2139,2036 2199,2036 2258,2036 2318,2034 2377,2034 2436,2034 2496,2034 2555,2034 2615,2034 2674,2034 2733,2034 2793,2034 2852,2036 2912,2036"/>
                <TextEquiv>
                    <Unicode>ihme gesagt, der Lieutl. Bueter seye von</Unicode>
                </TextEquiv>
            </TextLine>
            <TextLine id="r5l18" custom="readingOrder {index:17;}">
                <Coords points="1701,2151 2827,2157 2921,2139 2921,2070 2765,2049 2653,2091 2590,2052 2505,2102 2134,2071 2068,2114 1772,2058 1700,2101"/>
                <Baseline points="1709,2135 1769,2135 1829,2135 1889,2135 1949,2133 2010,2133 2070,2133 2130,2132 2190,2132 2250,2130 2311,2130 2371,2129 2431,2129 2491,2127 2551,2127 2612,2127 2672,2126 2732,2126 2792,2126 2852,2124 2913,2124"/>
                <TextEquiv>
                    <Unicode>der Wacht, und habe allbereits mit vielen</Unicode>
                </TextEquiv>
            </TextLine>
            <TextLine id="r5l19" custom="readingOrder {index:18;}">
                <Coords points="1714,2267 1880,2234 2017,2287 2066,2252 2892,2275 2892,2193 2705,2142 2392,2204 2268,2152 2106,2179 2034,2136 1714,2176"/>
                <Baseline points="1722,2228 1780,2229 1838,2229 1896,2229 1954,2231 2012,2231 2070,2231 2129,2232 2187,2232 2245,2232 2303,2232 2361,2232 2419,2232 2477,2232 2536,2232 2594,2232 2652,2232 2710,2232 2768,2232 2826,2232 2885,2232"/>
                <TextEquiv>
                    <Unicode>geredet, auch die vornembsten und be¬</Unicode>
                </TextEquiv>
            </TextLine>
            <TextLine id="r5l20" custom="readingOrder {index:19;}">
                <Coords points="1705,2360 2035,2334 2133,2384 2225,2354 2314,2389 2474,2347 2683,2403 2763,2348 2936,2335 2937,2253 2860,2291 2725,2248 2490,2308 2307,2271 2162,2304 1845,2236 1707,2290"/>
                <Baseline points="1713,2318 1773,2320 1834,2322 1895,2324 1956,2325 2016,2327 2077,2328 2138,2330 2199,2331 2259,2332 2320,2333 2381,2334 2442,2334 2502,2336 2563,2336 2624,2337 2685,2337 2745,2337 2806,2339 2867,2339 2928,2339"/>
                <TextEquiv>
                    <Unicode>herztesten von ihnen gemacht anzugeloben</Unicode>
                </TextEquiv>
            </TextLine>
            <TextLine id="r5l21" custom="readingOrder {index:20;}">
                <Coords points="1718,2439 1980,2465 2173,2428 2309,2501 2352,2464 2442,2501 2506,2452 2692,2508 2856,2479 2859,2406 2806,2380 2616,2403 2461,2356 2390,2411 2340,2374 2259,2415 2084,2359 1721,2372"/>
                <Baseline points="1727,2417 1783,2418 1839,2420 1895,2421 1951,2423 2007,2426 2063,2427 2119,2430 2175,2433 2231,2435 2288,2437 2344,2441 2400,2443 2456,2445 2512,2448 2568,2450 2624,2451 2680,2454 2736,2454 2792,2456 2849,2456"/>
                <TextEquiv>
                    <Unicode>aber, das habe er nicht gesagt, daß sie</Unicode>
                </TextEquiv>
            </TextLine>
            <TextLine id="r5l22" custom="readingOrder {index:21;}">
                <Coords points="1698,2542 1952,2545 2062,2604 2152,2561 2395,2610 2483,2570 2931,2603 2934,2481 2617,2531 2503,2466 2335,2508 2057,2446 1703,2448"/>
                <Baseline points="1707,2519 1767,2521 1828,2523 1889,2526 1950,2529 2011,2532 2072,2536 2133,2539 2194,2543 2255,2547 2316,2550 2376,2553 2437,2556 2498,2559 2559,2562 2620,2564 2681,2567 2742,2568 2803,2568 2864,2570 2925,2568"/>
                <TextEquiv>
                    <Unicode>600 Mann in der Statt haben; wohl das</Unicode>
                </TextEquiv>
            </TextLine>
            <TextLine id="r5l23" custom="readingOrder {index:22;}">
                <Coords points="1702,2673 1947,2636 2039,2680 2083,2653 2259,2702 2474,2676 2728,2715 2849,2710 2853,2643 2591,2579 2285,2616 2140,2567 2066,2607 1827,2547 1707,2586"/>
                <Baseline points="1713,2618 1769,2621 1826,2624 1882,2627 1939,2630 1995,2633 2052,2637 2108,2640 2165,2643 2221,2646 2278,2649 2334,2653 2391,2655 2447,2659 2504,2663 2560,2666 2617,2670 2673,2673 2730,2676 2786,2679 2843,2682"/>
                <TextEquiv>
                    <Unicode>gestehe er, Ihme nachgesagt zu haben,</Unicode>
                </TextEquiv>
            </TextLine>
            <TextLine id="r5l24" custom="readingOrder {index:23;} person {offset:10; length:9;}">
                <Coords points="1710,2746 2035,2755 2099,2802 2200,2767 2343,2810 2444,2781 2560,2833 2876,2804 2900,2721 2790,2698 2561,2743 2459,2693 2284,2710 1911,2644 1715,2676"/>
                <Baseline points="1719,2718 1777,2722 1835,2724 1894,2729 1952,2732 2011,2736 2069,2739 2128,2743 2186,2745 2245,2750 2303,2753 2361,2757 2420,2761 2478,2765 2537,2768 2595,2774 2654,2777 2712,2781 2771,2784 2829,2789 2888,2793"/>
                <TextEquiv>
                    <Unicode>daß diese Sachschon in circa 7. biß 8.</Unicode>
                </TextEquiv>
            </TextLine>
            <TextLine id="r5l25" custom="readingOrder {index:24;}">
                <Coords points="1715,2837 1738,2831 1849,2888 1951,2859 2006,2878 2101,2874 2127,2867 2132,2813 2079,2797 2033,2754 1940,2786 1891,2752 1819,2770 1774,2755 1722,2761"/>
                <Baseline points="1724,2820 1750,2820 1776,2822 1803,2823 1829,2825 1856,2827 1882,2829 1909,2833 1935,2836 1962,2839 1988,2842 2015,2845 2041,2847 2068,2848 2094,2850 2121,2852"/>
                <TextEquiv>
                    <Unicode>Monath, daure</Unicode>
                </TextEquiv>
            </TextLine>
            <TextLine id="r5l26" custom="readingOrder {index:25;}">
                <Coords points="1708,3030 1833,3081 1903,3056 1970,3113 2046,3073 2332,3142 2603,3127 2744,3183 2869,3145 2930,3176 2938,3103 2749,3047 2579,3062 2484,3012 2335,3026 2190,2927 1723,2882"/>
                <Baseline points="1716,3020 1776,3028 1836,3036 1897,3045 1957,3051 2018,3059 2078,3066 2139,3072 2199,3079 2260,3086 2320,3091 2380,3097 2441,3103 2501,3109 2562,3114 2622,3119 2683,3125 2743,3130 2804,3136 2864,3140 2925,3146"/>
                <TextEquiv>
                    <Unicode>Welchen Versohnen er daß Ruderst Wyßen</Unicode>
                </TextEquiv>
            </TextLine>
            <TextLine id="r5l27" custom="readingOrder {index:26;}">
                <Coords points="1710,3148 1964,3217 2222,3188 2276,3253 2355,3221 2452,3281 2512,3245 2881,3277 2927,3179 2432,3187 2286,3120 2045,3074 1967,3113 1723,3032"/>
                <Baseline points="1722,3114 1781,3124 1841,3132 1900,3141 1960,3149 2019,3157 2079,3165 2138,3173 2198,3180 2257,3187 2317,3194 2376,3200 2436,3207 2495,3212 2555,3218 2614,3223 2674,3229 2733,3233 2793,3238 2852,3242 2912,3246"/>
                <TextEquiv>
                    <Unicode>Project, ansehend die Regierung, comunuirt</Unicode>
                </TextEquiv>
            </TextLine>
            <TextLine id="r5l28" custom="readingOrder {index:27;}">
                <Coords points="1701,3265 1730,3258 1770,3263 1807,3250 1822,3252 1834,3266 1860,3247 1870,3255 1903,3254 1913,3169 1897,3164 1879,3173 1868,3165 1850,3173 1827,3161 1788,3181 1746,3146 1715,3146"/>
                <Baseline points="1713,3224 1739,3226 1765,3229 1791,3231 1817,3233 1843,3236 1869,3241 1896,3248"/>
                <TextEquiv>
                    <Unicode>habe?</Unicode>
                </TextEquiv>
            </TextLine>
            <TextLine id="r5l29" custom="readingOrder {index:28;}">
                <Coords points="1736,3456 1865,3408 1917,3458 2041,3442 2170,3520 2392,3479 2605,3507 2656,3555 2904,3564 2927,3384 2805,3401 2706,3356 2605,3415 2474,3347 2255,3367 2129,3295 2064,3320 1897,3253 1760,3270"/>
                <Baseline points="1752,3390 1809,3399 1866,3406 1924,3415 1981,3423 2039,3433 2096,3442 2154,3450 2211,3459 2269,3468 2326,3475 2383,3484 2441,3492 2498,3498 2556,3506 2613,3511 2671,3517 2728,3521 2786,3524 2843,3527 2901,3528"/>
                <TextEquiv>
                    <Unicode>Est anden lagter dem außeuch habe</Unicode>
                </TextEquiv>
            </TextLine>
            <TextLine id="r5l30" custom="readingOrder {index:29;}">
                <Coords points="1719,3537 1771,3561 1838,3540 1883,3571 1961,3544 1988,3568 2063,3543 2114,3572 2237,3553 2346,3608 2496,3624 2525,3613 2539,3524 2391,3479 2352,3506 2275,3477 2138,3514 2041,3442 1982,3477 1862,3431 1730,3464"/>
                <Baseline points="1733,3489 1772,3493 1811,3496 1850,3501 1890,3507 1929,3511 1968,3518 2008,3523 2047,3529 2086,3535 2126,3542 2165,3548 2204,3555 2243,3560 2283,3567 2322,3573 2361,3579 2401,3584 2440,3590 2479,3596 2519,3602"/>
                <TextEquiv>
                    <Unicode>erselbigen seinem Bruder,</Unicode>
                </TextEquiv>
            </TextLine>
            <TextLine id="r5l31" custom="readingOrder {index:30;}">
                <Coords points="2535,3644 2573,3656 2588,3647 2614,3649 2651,3630 2684,3632 2708,3617 2723,3628 2745,3624 2752,3549 2735,3548 2717,3563 2693,3550 2641,3556 2631,3544 2609,3548 2583,3521 2546,3519"/>
                <Baseline points="2547,3599 2574,3601 2601,3604 2628,3607 2656,3610 2683,3612 2710,3615 2738,3615"/>
                <TextEquiv>
                    <Unicode>dem</Unicode>
                </TextEquiv>
            </TextLine>
            <TextLine id="r5l32" custom="readingOrder {index:31;}">
                <Coords points="2562,3756 2613,3764 2639,3744 2665,3758 2714,3751 2738,3780 2785,3776 2806,3801 2871,3820 2900,3803 2928,3812 2941,3728 2905,3702 2863,3710 2837,3682 2765,3659 2711,3618 2642,3656 2576,3665"/>
                <Baseline points="2574,3723 2599,3721 2624,3720 2649,3722 2674,3724 2700,3727 2725,3731 2750,3735 2775,3741 2800,3745 2826,3751 2851,3756 2876,3761 2901,3766 2927,3768"/>
                <TextEquiv>
                    <Unicode>Wittahl</Unicode>
                </TextEquiv>
            </TextLine>
            <TextEquiv>
                <Unicode>27
Reidaus Werninr
bie auch glaß von Sanden berde Hilffkomen
welche Umnständ er Inquisit von Leutt.
Gueter vernomen, und Jbahr, Tatione des
Succurdes der 400 Mann von Reuben
burg, habe der Lieutz. Bueter gesagt,
er büße solches vom Advocat Lambelet¬
mit fehrnerein beyfuegen, die Bauren
haben Sechst Egsterne Stuck zu Biel gießen
laßen, welches er von Gabriel Gueter Ver¬
nomen, von Vornemnen officiers habe
er dem Haubtman Kepster anders nichts
geredet, Als er glaube, der Kantl. Bueter
Bende mit H. Major Rienberger gesprochen
haben, In ansehen der Thoren habe er
ihme gesagt, der Lieutl. Bueter seye von
der Wacht, und habe allbereits mit vielen
geredet, auch die vornembsten und be¬
herztesten von ihnen gemacht anzugeloben
aber, das habe er nicht gesagt, daß sie
600 Mann in der Statt haben; wohl das
gestehe er, Ihme nachgesagt zu haben,
daß diese Sachschon in circa 7. biß 8.
Monath, daure
Welchen Versohnen er daß Ruderst Wyßen
Project, ansehend die Regierung, comunuirt
habe?
Est anden lagter dem außeuch habe
erselbigen seinem Bruder,
dem
Wittahl</Unicode>
            </TextEquiv>
        </TextRegion>
    </Page>
</PcGts>
