3024 4032
335 237 465 367 398.
334 314 533 489 1163
304 556 524 696 Declaui
552 305 1322 509 Decob Roht, der Kunßer.
569 546 1448 739 Er könne in Aufrichtigkeit und mit gute
535 651 1453 813 Gelißer Bezeugen, daß er von dießen¬
533 756 1433 906 Pranrigen Sachen gantz und gar nichts
521 849 1445 996 gebußt, noch vernommen, biß ebenden
534 952 1460 1117 Kreytag, als diese Sache rechtJahr borden
536 1067 1365 1207 Und da selbigen Tages er auf seinen
524 1166 1454 1321 Posten, nämlich in das Zeug Kauß Coman¬
536 1261 1462 1409 adirt worden, habe er dorten zu seinem¬
537 1360 1452 1491 grösen Verdruß verneinen müßen,
546 1464 1458 1597 daß er auch auf der Liste der Complotisten
536 1556 1428 1714 Vehezeichnet sich befinde, seyn aber völlig¬
543 1662 1446 1806 enschuldig darauf gekommen, und forght
540 1736 1411 1877 er sich gantz uut gegen alle und Jede¬
532 1826 1452 1977 Confrontirt zu werden, zumahlen köm¬
545 1930 1443 2066 einziger Mensch ihme jehmahls von der¬
539 2010 1412 2153 gleichen leydligen und zur Aufruhr¬
543 2097 1424 2254 witzenden Sachen ein eintziges Wort¬
541 2226 749 2320 gerecket.
533 2281 1410 2441 Abgelesen, bestätiget, und gleichfals¬
538 2394 1441 2529 unter dem geböhnlichen gelöbet, vonvon
527 2501 1113 2647 an deß Arrests Liberut¬
540 2579 1331 2758 Actum d. 24t Julÿ. 1749.
2536 302 2674 437 399.
1681 351 2603 512 Johannes Ziegler, Pastetin,
1553 382 1652 535 17.
1725 466 2411 604 beib, an der Keßler Gaß.
1733 565 2579 698 Ohngefehrd auß gehendts Aprellen
1488 543 1691 729 Relanit.
1661 668 2502 797 der Anfangs Megen, seyn Babriel
1635 758 2556 896 Hunter sein Vecdter zu ihme gekommen, und
1638 859 2592 996 da er selbigen in eine Aparte Kammer ge¬
1636 962 2576 1100 führt, habe er angefangen ihme zusagen
1636 1059 2567 1192 Ob Er nit leße, was sein Deponenten
1635 1148 2564 1280 Schlöäher, der Schloßer Walther, zu der
1622 1241 2575 1380 heutigen Beschafenheit der Bürgerschafft
1618 1340 2547 1470 sage, und wie er diese Sachen ansehe¬
1626 1439 2546 1585 darauf er ihme geantwortet: Er
1638 1528 2540 1649 liße nicht, was sein Schläher darzu¬
1612 1629 2545 1757 sage. Darnach habe er auch ihne selbsten
1614 1708 2549 1845 gefragt, las seine Gekancken darüber¬
1614 1820 2501 1934 seyen, Er habe ihme aber erländeret:
1614 1905 2465 2034 Er habe nichts darzuzurecen, Er für¬
1606 2001 2489 2119 seine Persohn habe einmahl nichts zu¬
1620 2077 2507 2195 klagen, zu deme seyn er nicht einmahl¬
1601 2153 2520 2297 Regiments, fähiger Bürger. Hierauf
1593 2260 2505 2383 habe er ihme proponirt, Er solle ein
1609 2344 2531 2463 Thieren Eydt zu Stedt schwohren, Nie¬
1612 2432 2526 2546 "mandem etwas zu eröffnen, so wolle¬
1614 2518 2525 2627 er ihme dann olles entkeiten, worumb es
1609 2614 2558 2734 zuthun seyn, Über welcher er Deponent
1593 2705 2529 2825 Ihme Gueter zum Bescheid gegeben, Er¬
1614 2796 2530 2940 thüe Absolute keinen Eyd, und von er¬
1607 2885 2496 3001 Sachen seyen wieder die Hohe Oberbeit
1611 2976 2532 3112 Bieder Devo Regierung, oder bieder die¬
1593 3064 2544 3200 heutige Verfaßsung deß Staats, so gehr er
1604 3153 2567 3298 ihne nichts an, und bewahre ihne Godt, daß
