3024 4032
333 272 461 416 8.
522 258 1363 498 Freuttnant Fieten.
442 471 1500 667 nd aufgenomen, dieser Bloch habe ihme di¬
458 596 1489 753 . Ald er ihme deßthalber Comission gegeben
473 695 1487 866 Verstrachen, mit Verschiedenen jungen Pursc
464 789 1490 940 deß begen zu reden, von Belchen der Nloch ih¬
451 877 1487 1042 hoffnung gemacht, der Mloch habe ihme auch
440 990 1483 1160 sollen auff der nächsten Wacht Antvort being
439 1082 1486 1236 ruschen welcher Zeit er aber arrestirt worden
458 1191 1497 1340 Betreffend den Tambous Marchthaler, so habe
461 1302 1484 1445 derselbe den Eyd nicht schwöhren wollen, Allein
467 1389 1489 1535 noch die letzte Nacht, Als er Inquisit die Wad
455 1491 1472 1639 gehalten, habe er ihme im lachen Gesagt
441 1593 1491 1742 Es thäte ihne freuben, wann er einsten Braß
449 1691 1493 1845 hörcte brießlen; Anbey habe er auch Verste¬
457 1792 1476 1949 chen, Hann es fermen Gebe, so wolle er den
428 1887 883 2049 Tambowr schlagen
335 2079 1471 2224 2. In bas Abstehen er dieses alles Gethan?
431 2271 1462 2423 Er gestehe, daß er es in einem sehe bosten
421 2387 889 2519 Abstehen gethan
387 2526 1483 2719 Als nun hierauf der Delinquent Eonstloi
409 2682 1475 2834 und begen seines Renitirens mit Bedeohing
402 2785 1480 2927 der Marter ermahnet worden, in sich stelle
395 2890 1462 3034 zu gehen, sein Gebüßen zu entladen, und
399 2996 1450 3146 eine Völlige Bekandtnuß seines Ganzen
383 3102 1213 3245 Verbrechens von sich zu stellen.
376 3215 1045 3384 Bebenete er Endtlich:
1217 3426 1430 3544 Das 4.
1470 3055 1622 3162 Nol13.
1467 3138 1629 3207 revdcirt.
1536 560 1599 652 B6
2622 280 2725 419 65.
1710 283 2518 507 Lieutenant Gueter.
1636 486 2673 675 daß der Complot dahin Abgezoebet, welchen
1633 592 2682 728 ee in Herber Kuhns hauß, ihme dem Ruhn
1627 687 2664 843 uach dem Gerber Knecht vorgetragen, und
1606 797 2664 938 Proponiet, und welche Abred er auch schon
1617 896 2674 1045 Tags vorher mit dem Haubtman Händz ge¬
1639 994 2676 1137 nomen, so den 13 kauffenden Heubmonaths
1615 1086 2390 1227 habe sollen Exequiert werden.
1947 1205 2352 1329 Samblichen
1560 1290 2665 1429 OSie haben mit Bebagtneter hand, auf ein
1620 1396 2689 1541 gegebenes Signal, außziehen, und sich Allsbald
1621 1493 2704 1624 deß Racht, nnd Zeughauses bemächtigen vollen,
1630 1588 2688 1711 vnd zwar, so jemand sich ihnen hätte bidersehet,
1608 1691 2677 1850 s steyen sie Vest entschloßen gewesen, Alles¬
1617 1796 2635 1921 zu massacriren, auch seye geredt borden,
1612 1893 2679 2031 Eint und andere magistrats Persohnen, Ohne
1629 1983 2711 2130 anders, in ihren eigenen Häusern zu massairi
1639 2085 2637 2208 ren; So dan ban ihr bostes vorhaben ihnen
1621 2180 2630 2312 vonstatten gegangen wäre, habend sie so
1615 2290 2707 2419 gleichsRuht und Bürger Abstehen wollen, und
1624 2375 2684 2538 deß MMorgens in einer zu haltenden Gemeind
1628 2472 2727 2604 hätten sie Rähl und Bürger Neul bestehet:
1625 2565 2719 2719 diejenigen von Mighl. Räht und Bürgern
1618 2675 2720 2822 welche der Bürgerschafft am beliebtesten, haben
1594 2767 2722 2906 sie dann bider einsehen wollen, Andere aber
1597 2858 2743 2996 welche stie in Bahrender deß weinens Masjairirt
1618 2968 2739 3112 hätten, denen haben sie ihre Gueter Confisuren
1630 3074 2683 3210 und unter sich vertheilen wollen. Wie
1639 3160 2725 3308 nun Sie ihres Endhoebs noch nicht einig gebe¬
1609 3269 2686 3427 sen, habe er Inquisit in vorgemelter in
2514 3391 2740 3497 Herber
