3024 4032
332 355 410 454 90.
468 927 555 1082 2
668 330 1377 534 Lientenant Gueter.
561 501 1426 659 Caas binter zu Gubtiel Gueter gegang
565 605 1447 752 und habe gedeuten Blan verbreuen laß¬
557 711 1405 863 Worauf er auf dem Complot gestanden
593 896 1420 1045 Ob alles das, bas er nun außgesagt
566 1000 1416 1140 würe Wahrheit in sich halte, und ob er
570 1108 1411 1233 über diese Sachem nichts mehr zu¬
561 1203 1006 1324 entdeben habe?
484 1316 1413 1518 Rhr Sechenge bey Abeng vnd sterben, und
559 1446 1408 1604 vor Gottes angesicht, daß er nunmehre
555 1554 1400 1706 sein gebüßen völlig entladen, und
566 1646 1404 1799 seine Bebandtnuß außrichtig von
561 1743 842 1891 sich gestelt.
527 1867 1427 2018 Auff dliß hin, und nachdeme hievorige
545 1985 1426 2100 deß Lentl. Hueter Ecamen Absolvirt,
532 2076 1364 2211 Bare so gleich der Haubtman Handz
530 2166 1367 2312 mit dem Lientl Zuber über obige
522 2270 1403 2394 Declarationen Confiontirt borden,
527 2364 1401 2503 Da dann der Haubtman Händzi in
523 2457 1425 2596 Mahr und minderem seine Bebautniß
522 2560 1406 2709 und Erläuterung gegeben, Wie sol¬
529 2662 979 2789 ches hievor paga
1271 2693 1369 2790 bey
501 2752 1407 2921 jedem Interogato in margine stehet
519 2866 1403 3056 Ward beyden Delinquenten Abge¬
512 2989 1358 3177 lesten, und von ihnen bestähtiget
507 3100 1367 3335 Aitum den 2. Julÿ 1749
817 3360 914 3512 E
2614 197 2729 315 91.
1784 251 2482 481 Copfrontation
1948 413 2241 535 zwuschen
1567 504 2740 713 Leutenart Gueter und Marchandz
1904 636 2256 739 Wermer
1532 754 2712 938 Da durch das heutigen Tags mit Andl. kein
1567 867 2696 1029 handt verführte Eocamen heraußkommen,
1570 975 2681 1134 daß Lieutl Hueter dem Marchand Wermer
1586 1078 2707 1222 eint und anders geredet, so er ratione dieser
1583 1177 2702 1332 Sachen, mit Micheli gesprochen, und Bohm der
1578 1277 2712 1420 Micheli stich darüber außgelaßen: Vind auf diß
1555 1377 2726 1528 hin beyde der Lieutl. Bueter und Marchand Ver¬
1588 1493 2706 1648 mer gegen einander alßobals Confrontirt vor¬
1584 1587 2713 1717 den, da dan über deß Wermers Deposition
1548 1686 2707 1833 Namlichen, daß er von Lieutl Bueter gehört,
1563 1804 2689 1943 Erstege mit dem Michel; über diese Sachen
1582 1903 2729 2044 zu Raht gegangen:) der dann ihme gerahten,
1580 2004 2446 2140 bie die Sachen anzugreiffen iso
1571 2130 2636 2296 Worüber aber der Lieutl. Bueter sich
1589 2231 2089 2390 nicht Erläutheret;
1565 2383 2728 2563 darüber hat der Lieutl. Hueter sich Declarirt.
1550 2520 2631 2694 Er gestehe, daß er dem Müheli von
1574 2646 2661 2810 dem Vorhaben der Bürgeren geredet,
1582 2727 2673 2909 und in der That avis von ihme begehrt¬
1567 2809 2563 2991 Welcher ihme damahlen geantbortet:
1545 2943 2739 3112 aa Bourgevisie est petita, et il faut faire
1573 3041 2689 3219 cela parun Coup de main, doch könte
1564 3147 2741 3324 er diese nehmlichen expressionen positive
1570 3234 2723 3425 nicht versuchern, Aber das seye der Ver¬
2506 3415 2728 3573 stand etc.
