3024 4032
749 346 1214 458 Drittes Examen.
388 366 506 500 188.
485 411 1449 634 Johann Friserich Küpster.
422 576 1493 794 2. Ob er nicht übersich genommen, Bebeh¬
523 685 895 832 Anzuschaffen?
384 767 526 936 2.
537 790 1512 987 Rein. Wohl habe er einsten gesagt wann
533 903 1516 1082 es dazu käme, daß man Gewehe sonohten hin
513 995 1531 1188 könte er allenfahls auch noch dem eint obn
520 1099 1504 1262 Anderen etwas geben. Aber das habe er
517 1202 1515 1361 nicht in der Versamlung, sondern disiour¬
509 1300 1255 1436 sive und im Sachen gesagt.
396 1381 487 1534 2.
511 1400 1519 1556 Ober nicht ein Ohrt in der Stats habe, worden
521 1499 1521 1653 er ein- und Auß der Stattsich verfuegen
502 1602 1503 1743 köne, Obschon die Porten beschloßen seyen?
491 1707 1487 1886 Brendrigen Jahrt, alß ersich einsten un
496 1819 1503 1976 Ballenhauß bey denen Comaedianten Ver¬
509 1923 1496 2069 weilet, biß nach deme die Thore beschloßen
484 2033 1495 2160 gewesen, seyen ihrer etliche vermittlist
493 2131 1510 2258 einer Leiter, welche der Wäberen Richtt
478 2229 1518 2387 ihme angeschoffet, bey dem Fallenhauß¬
483 2329 1518 2490 hinunter gestiegen, welches aber von ihme
456 2421 1500 2561 sinther nicht mehr, Wohl aber schon ton
470 2523 1510 2696 vielen anderen Persohnen offters praetuior
479 2655 704 2767 worden.
707 2686 1377 2890 Abgelesten und bestähliget
450 2828 1495 2997 Ritte um Verzeichung und Buad; bonnd
437 2933 1480 3124 bezeugen, daß ob allen diesen Sachen, Es
424 3013 1472 3217 Niemahlen Mörderische, oder sonsten biß
421 3184 912 3316 Intention gehabt.
574 3253 1294 3464 Act. den 121 Julÿ 1749.
2654 276 2794 409 189.
1773 392 2501 669 Consiontalion
2023 524 2290 638 Zluschen
1669 489 2724 789 Hanhand Hernier und Gris:
1931 700 2213 860 Kupfer.
1597 764 2697 990 Vorbey der Wermer dem Kupster unter¬
1618 864 2775 1095 Augen gesagt, Er solleslich bestimmen, daß an
1619 985 2718 1190 gleichem Tag alß sie arrestirt worden, da er
1607 1063 2716 1268 Weeiner selbigen Morgens auf Kersatz zu
1581 1187 2770 1373 seinem Schrager Reinhardt gewesen und im Vor¬
1617 1285 2766 1494 bey gang bey dem Kupfter zugesprochen, diser
1610 1402 2764 1581 aetstere ihme, Auß Anlaß der Zlouschen ihnen
1604 1509 2755 1669 gewalteten Conversation gesagt: Er habe wohl
1621 1625 2746 1727 etwelche fürige Gewehr, Aber wie wolte man
1601 1711 2731 1850 sie den in die Statt bringen, wan man sie
2197 1811 2701 1927 Welche wort der
1618 1813 2041 1957 Vonöhten hatte,.
1601 1901 2662 2066 Küpfter eingestanden geredt zu haben.
1807 2000 2760 2145 Bleichfahls hat Weriner dem Kup¬
1604 2095 2725 2266 ser vorgehalten: Er Küpfer habe anoch da¬
1609 2209 2730 2342 mahls gesagt, Er köne, oder wolle (wüßte
1600 2304 2696 2428 sich nicht zu erineren, welches von beyden
1604 2380 2756 2522 diesen Worten er gebraucht.) et van 15. Man
1602 2480 2295 2612 von seinen Leuthen geben s.
1670 2587 2766 2745 Darüber der Kupfersich allso verantbor¬
1611 2680 2766 2822 stet; daß nicht damahls, sonder ein ander¬
1604 2768 2706 2921 mahl, da Mann von Leuthen geredet, um
1603 2854 2672 3038 zu dieser Sachgebrauchen zu bönen; Er
1591 2973 2769 3117 Gbar gesagt: Er hätte etwan 15. Mann, Aber
1608 3073 2767 3233 nicht, Er könne, oder wolle geben, Sintemahl
1620 3175 2678 3318 er betheuren könne, daß er mit beinem
1609 3260 2734 3444 einzigen von seinen Leuthen hiervon jemahls
1597 3359 2278 3517 gerecket, noch reden wollen.
