3024 4032
197 305 242 376 1
319 305 474 426 86
622 354 1413 531 Seutenant Zueler.
457 522 1481 683 Es Inquisit geantbortet quon nosoit pas
471 624 748 741 e fier.
339 780 1490 958 L. Eb der Michel. nicht auch ihren End geschwoen¬
505 939 1501 1161 Wen vnd sehn auch in seiner Versammlun
311 939 487 1147 B
468 1083 1499 1239 Gsung der Haubtman hänzi, aber habe ihn
466 1202 1061 1362 auff die liste gesteht.
347 1388 1502 1560 (. Ob nicht Alle die so auf der liste verzeichen
469 1509 1139 1652 den Eyd geschworeen2
435 1642 542 1764 ing
307 1677 1513 1853 E. diester Listes seyen etwelche; schon vor ohn¬
439 1802 1522 1945 gefahrd 3e Monathen haben ihme der Gatt
411 1906 1510 2046 el Fueter und die Haubtman Händz ein
423 2004 1500 2133 Liste von in circa deeyhundert Vermei¬
423 2102 1501 2251 sten mal Contenten Bürgern gebiesen
407 2207 1501 2372 und damahlen seye es noch umb keinen
412 2304 1510 2473 Eyd zuthun gebesten; das seÿe auch de
446 2415 1510 2558 erste Demarche, so er mit dem Gabri
412 2523 1496 2658 hueter und Haubtman Handl dieser Sa¬
400 2611 1514 2775 halber gethan, indemne Sie unter einande
403 2699 1518 2886 geredt, man mueße gezunder mit diese
396 2828 1502 2980 leuthen reden und ihre Dispositionen
405 2913 1512 3101 erforschen, von dieser Zeit an habe er de
390 2989 1514 3196 Haubtmann Handzu prequentirt, beld
382 3121 1490 3304 dann ihme auch im ersten mahl, Als
392 3206 1518 3411 denselben besucht, excerpta vonser
377 3375 1175 3555 mann Scripten gewiesen
2622 351 2732 470 57
1718 384 2584 583 Lieutenant Gureter.
1532 528 2719 728 C. Was nachwährts Beiter deßethalben erfolget?
1638 714 2700 894 Man habe mit etwelchen von diesen leuthen
1529 780 1633 904 2.
1636 865 2725 994 geredet; dasie aber denenselben einen Eyd
1632 945 2725 1104 zuschwören angemihtet, habe es bey den eint
1650 1041 2736 1189 und andern ein Grausen erbebet, derohalben
1641 1145 2733 1278 sie, nämblich er Inquisit, der Gabriel Zueter
1647 1239 2724 1375 und Haubtman handz, untersich abgeredet,
1646 1331 2700 1470 von diesem Eyd zu Abstratieren, und im
1642 1430 2716 1570 gegentheil steyen sie übereinkomen, nur¬
1653 1519 2730 1666 machen zu Globen, zu der Bürgerlichen frey¬
1646 1626 2695 1754 heit ein Bachtsames Aug zu haben, und
1647 1712 2689 1854 die liebe unter der Bürgerschafft helften
1637 1817 2713 1969 fort zupflanzen; Im übrigen aber die
1647 1903 2763 2062 jenigen, so sich zum schhoren Verstehen Bollen
1645 1997 2737 2144 habe man zu schwören gemacht, und die¬
1647 2101 2706 2257 selben auf eine aparte liste gebracht.
1565 2261 2782 2439 E. War die jenigen seyen, so den Eyd geschworen?
1659 2423 1975 2582 Holgende:
1549 2423 1666 2609 2
1709 2545 1883 2661 diste
2521 2549 2705 2668 Liste
2134 2548 2302 2671 Aste
1656 2643 2052 2787 derjenigen so ihme
2085 2663 2450 2791 derzeingen, so er von
2487 2662 2771 2791 derjenigen s er
2484 2737 2785 2831 nicht beiß ob sie
1660 2725 2050 2854 oder in seiner gegen
2080 2755 2443 2854 forenstagen hat, daß
2491 2818 2779 2948 geschworen haben
2079 2826 2459 2931 Sie geschloren haben
1655 2812 2057 2934 bahrt geschworgn habe
1968 2917 2470 3048 Gueter der Marchand¬
1661 2967 2042 3145 der Lieut. Gab.
1657 3093 2040 3208 viel und daviel
1654 3187 2025 3325 der Boldschind
1975 3255 2188 3431 Shehte
2109 3340 2466 3503 Hierongmuß
1626 3355 2064 3518 der im Sulgenbach¬
