3024 4032
388 425 527 534 2 20.
805 378 1084 479 1t exc:
659 444 1227 616 Resolß Reinhart
524 592 1470 758 Dann habend sie einen löucklich besten
551 698 1452 883 ten Kriegs-Raht Auß Herrn Miaen
532 787 1476 978 H. Haubtmann Wurstenberger H. Hanae
568 886 1371 1034 man Hand und H. Küntl. Gueder
559 995 1462 1148 bestehend, samt noch anderen der
549 1117 905 1240 Vornehmsten.
555 1185 1464 1343 Endlichen dann, habe er auch gemer¬
566 1281 1482 1429 hrt, daß die Haubt- Intention dieser
564 1390 1439 1531 Conjurirten dahin gehe, wenn sie sich
557 1463 1476 1637 starb genug befinde zu seyn erachten
569 1554 1477 1706 werden, Mutzhlen mit Belaffneter
562 1662 1465 1815 Hand vorstellungen zu thun, über¬
559 1768 1470 1921 ihre Beschwarden s. habind auch im
555 1871 1489 1999 Vorhaben einen Ductator zu erbehlen
549 1971 1461 2118 welcher über alle übrigen gesezt seyn
544 2062 1457 2225 solle, Noch habe er vernommen, daß
520 2156 1488 2290 Vom Sontag biß zum Mitwochen ihre
532 2257 1461 2417 Anzahl von 60. biß auf 86. gestigen
648 2368 1416 2511 gezeugete bey seinem guten
514 2446 1461 2589 gebüßen, daß dieses die völlige be¬
511 2541 1464 2714 rantschafft seyn, so er hierüber habe.
510 2668 1248 2846 Abgelesten und bestähtiget.
494 2789 1312 2974 Actum den 4. Julÿ 1749.
2528 282 2673 395 227
1728 377 2438 623 gbeytes Examen
1957 537 2079 625 Mit
1616 528 2637 798 Rutolff Remhart, Stud: Beol.
1605 755 2680 997 Nach bräffigster und ernstlicher Ermah¬
1625 866 2663 1046 nung die Wahrheit zu stagen, und Anfrich
1614 968 2626 1175 tig zu bekeunen, bas ihme alle dieser
1623 1069 2696 1261 Sachen halber bekant, Inmaßen am Tag
1618 1183 2688 1362 seye, daß er sein Gelaußen nicht entladen
1623 1274 2671 1466 Vndte noch unterschiedenliches bey ihme be¬
1620 1371 2678 1538 halten habe; Er solle alls in sich selbsten
1618 1472 2661 1656 gehen und die wahrheit reden, damit
1643 1559 2690 1726 man nicht Gezlöuigen seye, mit schärfferen
1633 1672 2707 1801 Witlen, und viellicht mit der Marter, ihne
1628 1780 2440 1920 zue Bebantniß zu bringen.
1639 1876 2404 2017 Auf dieses hin Declarirte er:
1650 1972 2664 2138 Ee löuße von der Sach so viel, als einer,
1641 2046 2701 2240 der nur 2. Stund in beleußter Versamlung
1645 2129 2691 2295 gewesen, zuvor habe ihme von diesen Sache
1643 2239 2659 2412 kein Menschgeredt; In der Versamlung
1641 2329 2684 2509 habe freylich sein Schlager Wermer ihne
1651 2442 2703 2592 Angeredt, und ihme gesagt, er müße einen
1643 2527 2687 2696 Eydt schlören; Sagte beiters: In dieser
1541 2631 2626 2790 henung habe ein jeder seine Beschwarden, wegen
1655 2724 2640 2885 ihren Professionen vorgebracht, und
1648 2823 2652 2980 seye übrigens vorgegangen, was er
1651 2926 2463 3092 schon ehemahls Deponirt.
1664 3065 2711 3233 Sein Schlager, der Marhand Wermer
1662 3185 2657 3332 habe eine Liste producirt, damit
1678 3273 2724 3462 man sehe, daß schon viele dem Complor
