3024 4032
330 242 475 352 368.
659 271 1277 440 Operator Siherer.
527 389 1414 597 Bürger, esathungen abzuandernn,
525 499 1439 688 Worüber Er versehet: Aliß gehe ihm¬
535 616 1439 791 nichts mehr an, und er gedancke nichten
538 702 1451 873 mehr daran, wann sie aber etbas aufz
522 804 1454 979 sehen wollen, so möge er es hohl leiden¬
551 907 1420 1056 daß ihme solches Comunicirt werde,
535 997 1449 1161 in sofehre es in denen aller Submissesten
543 1101 1422 1234 Terminis geschehen werde; da dan
543 1201 1409 1330 der Zunter ein gelendet: Daß die
531 1293 1435 1423 Memorialisten solches A. 1744. ge¬
540 1384 1414 1518 than hätten; hingegen habe Er Be¬
534 1500 1417 1619 ponent Replicirt: dlaß es nicht
537 1606 1443 1750 also geschehen, zumahlen Man domahls¬
540 1699 1425 1809 nicht ungeziemmenden Terminis ge¬
524 1777 1349 1920 recket, als von Unterkruckung der
528 1871 1401 1997 Bürgerschafft p. Auf dießer der Zuter
524 1973 1388 2080 mit verstelltem Gesicht und in der
543 2068 1418 2177 Muht sich herausgelaßen, Man meße
527 2157 1421 2280 Gebalt brauchen so. p. So Er Depos¬
516 2236 1431 2363 inent mit dießen Worten Verborffen
527 2346 1412 2451 Dießes seye eine Narrheit, eine
519 2426 1437 2572 Zuberey, und eine Halsbrechende Arbei,
498 2536 1400 2663 zu dem, stehe ihme Deponent, als in
512 2627 1403 2761 einem Beneficio stehend, nicht an,
514 2701 1410 2828 darein zu Consenticren, darauf habe
502 2800 1404 2954 Er Bueter gesagt: Alle Beneficiali
499 2903 1390 3036 reken allso, und seyn sich von sethen des
488 2983 1410 3161 Bürgerschafft nichts auf Sie zu verlaße,
497 3095 1377 3245 Nachbehrts habe Er Ihme von ver¬
475 3192 1359 3373 hoffender Hulffe, als von dine
1182 3253 1370 3388 Lnt
2482 292 2618 429 369.
1713 309 2344 451 Operator Scherer.
1629 427 2567 549 Land, Brichten, und von denen Unter
1629 520 2537 666 Argöbischen Stätten, als denen sie
1628 621 2540 757 gebuße Privilegia, als das Muntzh¬
1612 705 2474 859 Recht z. bieder zu geben gesinnet,
1632 830 2510 942 geredt. Dahero Er Deponent den
1624 929 2520 1069 Hueter als einen Narren schalte, mit
1613 1028 2462 1147 bitt, er solle ihne in Nuhbe laßen,
1621 1122 2542 1259 auch unter Vorband seiner Geschafften
1614 1224 2511 1347 getrachtet, sich loß zu büklen; Da¬
1616 1319 2498 1439 dan der Hueter, ehe er bieder die Thur
1613 1409 2499 1532 eröffnet, mit einem Pistolct, so er
1613 1498 2508 1624 halb aus dem Sache hervorgezogen, und
1620 1595 2463 1721 ihne Deponenten bedrohet, daß so¬
1614 1692 2494 1815 er sich unterstehen bürde, etwas von
1616 1785 2515 1909 dem ihme Comunicirten Beheimbnuß
1622 1883 2493 2013 außzu schlätzen, er samt seiner zu¬
1596 1973 2517 2088 samen geschloohrnen, welche alle der¬
1604 2065 2498 2180 gleichen Geldehr bey sich tragen, ihme
1596 2142 2535 2271 Deponent eine Rügel durch den Kopff¬
1588 2235 2519 2364 schießen burken. Dißem allein aber
1600 2341 2496 2457 habe er kein Glauben beygemeßen,
1613 2426 2427 2535 indem er niemahls erachtet, daß
1593 2509 2516 2637 solcher könne oder Berke außgeführt
1609 2602 2495 2716 werden, dahero er selbiger auch ger¬
1607 2692 2450 2805 sheumb gehalten. Endtlich aber ihme¬
1609 2779 2537 2903 annoch gesagt, Man Berde noch andere
1613 2879 2538 2992 Leuth an ihneschicken, die Ihme sagen¬
1611 2974 2509 3097 werten, bas man projectiert, und ge¬
1601 3048 2562 3193 simnet seÿn vorzutragen, davon aber beder
1605 3164 2373 3290 dlas einte noch andere geschehen.
2279 3241 2544 3359 Hernach¬
