3024 4032
342 237 495 353 370.
634 248 1281 424 Operator Siherer.
1083 407 1134 459 2
531 351 1449 548 Hernach seyn Lieutl. Hueter den 2te
536 471 1443 667 Juli, Abendts nach der Retraite,
537 578 1465 770 ohnangeblopfft und gantz stürwisch
525 664 1452 867 sem Deponenten Zimmer gekommen,
541 787 1458 961 habe ihme gesagt: La Bombe va, ou¬
543 892 1445 1060 a creve s. und gantz Zöring ge¬
536 983 1446 1166 pfragt: Ob Niemand bey ihme gebe¬
543 1087 1449 1271 sen und ferners mit ihme gesprochen,
537 1197 1458 1361 Auch ob ihme keine Pappr zugebracht¬
544 1283 1455 1432 borcen? Worauf er aber geantbortet:
535 1382 1443 1526 Es seÿn deßen alles mit nöthig, und¬
549 1497 1452 1620 er wolle nichts darmit zu thun haben;
934 1573 971 1645 v
535 1582 1453 1720 Hoffe auch, er hueter Berde sich eines¬
539 1682 1445 1807 beßeren besinnen, und dergleichen¬
539 1777 1396 1898 Karrheiten aus dem Kopfschlagen.
1313 1887 1345 1931 2
712 1877 1413 1997 Er bezeuge, daß der dunter¬
535 1953 1434 2088 damahls ein Schaum tor dem Maul¬
523 2065 1386 2205 gehabt, daß er nichts anders habe
537 2165 1393 2280 demken können, Als, Man berde¬
539 2266 1416 2366 selbigen in paar Tagen, als einen
526 2347 1436 2495 Rasenden, einbeschließen müßen
286 2513 1435 2696 Auf befragen: Ober dem Zunter nicht an¬
501 2595 1443 2811 Eyd zur Verschloigenheit abgeschloesen
332 2774 1442 2950 Antbortete Er: kein. Wohl habe der Zun
528 2884 1428 3037 ter ihme gesagt: Sie habens unter¬
524 2995 1089 3164 sich im Cellischer Eyd.
1172 3147 1411 3341 dis
2521 294 2628 396 371.
1735 293 2395 465 Operator Siherer.
1637 415 2568 558 Das seyn seine gebußenhaffte Decla¬
1633 520 2590 656 ration über die gantze Bekantschafft
1637 620 2581 756 so er von dießen leydigen Sachen habe;
1627 737 2583 856 Er gestehe seinen Sechler, und berenbe
1632 841 2577 951 selbigen ungeman, daß er er nicht
1637 915 2577 1053 alsobald angezeigt. Allein Einerseits
1630 1021 2587 1151 habe er niemahlen geglaubt, daß dieße
1631 1107 2536 1261 deß Lieutl. Hueters ohnbesonnene¬
1612 1203 2560 1339 Reden von einacher folge, indem er¬
1625 1303 2579 1437 selbigen, seiner Physionomie nach, so¬
1636 1404 2547 1531 Wohl als übrigen Geböhrden, vor einen
1610 1495 2534 1624 thalb verbirrten Menschen angesehen;
1614 1579 2536 1717 Anderseits dann die angedrohete Raach
1615 1672 2532 1796 der Pistollten ihme emnache Burcht¬
1607 1765 2517 1905 serursachet, Dridteng den, Zeilen
1622 1870 2532 1993 der Hueter ihme solcher Separatim¬
1607 1948 2548 2107 gesagt, hädte er geforchtet, er burde
1617 2061 2231 2203 ihme alles erlaugnen.
1614 2173 2539 2342 Gätte eine hohe Oberkeit umb Ver¬
1627 2311 1887 2462 zeihung.
1732 2366 2469 2520 Abgelesten und bestätiget.
1635 2539 2515 2732 Actum d. 29ten Jalyj 1749.
