3024 4032
356 232 494 350 392.
454 339 539 477 11
340 577 572 689 Declariit
610 322 1420 571 Oamuel Dartman
548 481 812 620 Marhig.
595 599 1411 754 Er seyn ungemein bestürzt zu ver¬
551 696 1472 867 nemmen, daß er unglücklicher Weise auf
566 786 1462 961 die Liste der Complotisten gesetzt bor¬
556 880 1458 1049 oden, Indkeme er mit gutem gebüßen¬
560 992 1463 1151 bezeugen könne, daß er von allen diesen
557 1085 1456 1245 leydigen Sachen gar nicht die geringste¬
558 1203 1454 1329 bekantschafft habe, Allermaßen kein¬
554 1296 1459 1422 Mensch jehmahls ihme ein Mort dason¬
551 1399 1469 1547 geredet, noch sonsten biß zum Außbrug
561 1485 1450 1641 der Sach hievon nichts gehört noch ver¬
545 1607 774 1741 gesommen.
564 1670 1452 1810 Auf öffteres Ermahnen, nichts zu ver¬
562 1773 1460 1891 halen, maßen nicht natürlich, daß er¬
541 1864 1454 1992 sich auf der Liste befinde, und denog¬
541 1949 1463 2077 gantz und gar nichts von diesen Sachen¬
558 2049 1460 2185 biße; Beharrete Er unsteränderlich¬
554 2140 1462 2276 dabey, daß er dieser Sachen halben nich¬
556 2228 1458 2371 die lenigste Müßenschafft habe, und¬
557 2329 1458 2469 einmahl hierüber Vollkommen unschul¬
540 2397 1460 2575 dig seÿn, Hoffe auch, Niemans berdes
550 2463 1468 2654 etwas anders deßehrte über ihne rnden
544 2604 1453 2757 können. Von deßtbegen habe er auf
540 2683 1442 2872 die Ehre gehabt, Muchghprn Venerf
528 2763 1445 2971 Gooff zuzuschreiben, umb zu behug
528 2861 1450 3059 seiner Unschuld gegen die Caeguite
536 2958 1439 3142 vor ihrer Execution, Confrontu s
546 3064 1445 3244 berden. Actum den 245 July 179
541 3160 1423 3356 von nur an deß Artests unter gebhrliche
529 3321 961 3462 gelubdt demittirt
1501 387 1644 578 112.
1490 582 1643 685 Declasi
2525 306 2646 410 393.
1672 361 2535 560 Damner Bitzilis, der Sigeiste
1662 540 2589 672 te. Er habe ohnmöglich begreifften können,
1635 622 2596 777 Auß was Ursachen ihme der Haußrauest
1639 721 2572 852 angelegt worden, biß er Endtlichen mit
1629 814 2583 948 groster Bestürtzhung vernommen, daß
1643 922 2595 1044 er sich auf der Bodklosen Conspirirten
1632 1025 2553 1151 riste aufgezeichnet befinde, Bezeuge¬
1637 1110 2580 1260 aber bey seinem guten gebußen, daß
1630 1220 2587 1341 er von allen diesen unglücbseeligen Sachen
1634 1298 2582 1442 nichts gelaußt oder vernommen, biß selbige
1628 1405 2560 1525 belonßten Freytags ruchtbahr Borden
1628 1502 2553 1622 Numand habe auch jehmahls darvon mit
1631 1585 2549 1715 ihme geredet, bidte derohalten umb
1623 1684 2235 1802 Liberation deß Quests
1718 1705 2543 1906 Melcher auch unter dem geböhnlichen
1614 1856 2235 1987 Blubd aufgehabt borden.
1631 1955 2413 2101 Actum den 24. Julÿ 1749.
