3024 4032
436 279 584 375 276.
774 325 1380 579 Den Ri
598 447 1517 766 Verstatelste nd esehe nen
617 633 1494 881 aus dieser Versammlung gekommen seÿn.
671 736 762 876 B
610 851 1528 1055 Jingte annoch hinzu, er wolle in die Goße¬n
615 925 1537 1151 Mord- Klopft aurtheillen, Man main sellige¬
588 1039 1506 1221 höre, so solle man alert seyn, und seyn ein¬
600 1124 1268 1294 Zeichen, daß es kärmen seÿn.
630 1304 1378 1515 Vorgelesen und bestätiget¬
599 1464 1383 1703 Faum d.16. dy 789.
1578 1295 1654 1445 8.
1593 848 1685 976 9.
1610 1031 1652 1113 1.
1817 373 2265 517 ztr Caamen
1940 475 2075 596 Mit
1781 562 2344 722 Schloßer Meyer.
1709 728 2577 910 Obernicht, ehe und bevor Er bey dem¬
1699 852 2676 1017 Marchand Wermer in der Versamblung ge¬
1702 953 2684 1125 besen, dem Kürffer Roder den Eydt praestirt
1678 1099 1824 1220 habe?
1690 1242 2653 1411 Nein. Er habe mit dem Küister Roder nichts
1678 1369 2684 1484 Zuthun gehabt, noch dieser Sachen halber Atbas¬
1679 1469 2687 1597 mit ihme geredet, sonder seyn, bie er in Er¬
1672 1554 2670 1700 sterem Examine gesagt, von Lieutl. Bucter¬
1664 1654 2676 1810 dieser Sachen halber angeredt und in die Ver¬
1674 1758 2658 1895 samblung geführt worden. Es seyn wahr,
1668 1862 2622 1980 dose Lieut. Zueter ihme gesagt, er bolle ihme
1662 1960 2535 2090 einen Mordklapst geben, bie auch etloglh
1656 2047 2272 2173 Anderen, die er vernamfet.
1655 2146 2549 2262 daß Er aber gesagt habe, Er solle ihme nur
1657 2241 2639 2377 einen geben, er wolle ihne dan schon gebrauchen,
1648 2318 2584 2462 seye nicht, sondern er habe darauf gesagt:
1648 2447 2641 2560 Erläuße nicht, wo Er denselben hiethun könnte.
1829 2554 2397 2751 Confrontation So
1699 2708 2421 2850 Gegen Lieutenant Jueter.
1621 2883 2546 3078 Aald hierüber der Schloßer Meÿer mit¬
1635 2997 2621 3176 Licutl. Bueter Confrontirt borden, ist Licutl.
1649 3098 2506 3244 Kucter darauf beharret, der Küeffer¬
1637 3181 2619 3360 Roder haben ihme gesagt, er habe dem Mager
1648 3278 2641 3470 des Gelubet der Verschloingenheit abgenommn
2494 3460 2603 3568 zue
2630 284 2748 404 274.
