3024 4032
630 298 730 414 128.
2839 255 2996 386 129.
1854 334 2634 581 Erster Bramen
2240 506 2312 575 eit
2192 522 2232 579 ee
1741 519 2980 756 Haubtmann Hierongmuß Küpster
1841 720 2929 915 Nach vorheriger Ernstlichen Ermahnung, die
1847 831 2933 1006 Wahrheit aufrichtig an den Tagzulegen
1843 950 2593 1123 Declarirte er bas folget.
1830 1093 2948 1272 Verbeichenen Mittwochen Abendt vor dem
1833 1232 2942 1377 Außbruch steye der Marchand Wernier zu
1832 1329 2940 1456 ihme gekommen, mit verdeuten Ersteye
1817 1418 2978 1574 Ein guter Officier, ober auch zu harstellung
1805 1524 2988 1654 der Bürgerlichen Breyheiten und deß Rhirm
1809 1627 2928 1786 Sriefs helffen wolle? Morndrigen Tags
1791 1734 2952 1861 steye er bider zu ihme gekommen, und habe
1805 1845 2941 1971 den Schwin brieff zusambt einer liste bey
1786 1938 2933 2074 sich gehabt, und damahls gesagt. Es seyen
1798 2020 2907 2166 Ihrer schon Gunst biß Rechst hundert, und
1784 2119 2959 2264 auch bey Viertausend Bauren in den Land¬
1785 2225 2898 2350 Geichten, darzu werden sie Sechse Stuck¬
1778 2304 2935 2475 haben, Es werde auch von Breyburg 500
1770 2409 2919 2557 Mann Infanterie, und 400 Reuter vvon.
1760 2492 2948 2673 Vollothuen, und etvan 400 Man von Neu¬
1771 2596 2951 2802 Benburg zu ihnen schlagen, Worauf er Inqet¬
1775 2672 2916 2899 Verseht, er könne solches nicht glauben, Er
1760 2782 2936 2988 solle Sorg haben, daß sie nicht betrogen ver¬
1777 2885 2948 3092 den, Er wermer habe anoch gesagt. Es seyen
1754 2977 2940 3184 Viel vornehme Leuth Frrunder, Welches er aber
1756 3084 2939 3291 eigentlicher bußen wollen, Indem er nur
1759 3198 2945 3384 eine lista von deß Weriners hand, und keine
1758 3282 2918 3500 Unterschrifft gesehen, mit fernerem beyfüge
2724 3480 2901 3597 sie ptc.
