3024 4032
358 473 481 571 174
545 454 1336 656 Lorsted Examen mit
480 616 1429 833 Johan (Friderich Kupter, Indicne,
482 758 1440 916 Kabicant im Sulgenbach atatis 40 Jahr
489 850 1382 997 Verheurahtet, und habe 4. Kinder.
469 978 1457 1167 Nahdum er zum Vorauß enstbärtig er¬
517 1103 1444 1245 mahnet worden, die Wahrheit über aller
515 1198 1474 1363 vnnd an tag zu geben; Erzehlete er folgen,
511 1295 1438 1448 der, Alß die Gebentschafft, so er von diesem
514 1420 1059 1545 leydigen Complot habe.
510 1499 804 1606 Nämblichen.
503 1581 1432 1760 Ohngesahre nicht lange Zit vor Osteren
512 1719 1457 1868 Eetsthin seye H. Babriel Guter der Marihan
491 1808 1469 1958 zu ihme in Sulgenbach gekommen; Als er ihme
480 1924 1458 2069 gesehen, und geglaubt, Er kome ihme Gelt
485 2022 1463 2156 Abzuforderen, habe er so gleich, nach deme er
479 2119 1469 2247 ihne gegrüßt, gesagt, Er kome ihm diß¬
490 2213 1468 2330 mahlen nicht recht, zumahlen er nicht Gelt
479 2295 1464 2427 habe, Darauf ihme der Hr Buter erbe¬
490 2385 1449 2524 deret Er kome demahlen nicht deßent,
473 2470 1460 2622 wegen, sonderen, da er ihne Arreslanten
463 2573 1440 2717 für einen Baberen und brahen Mann
468 2655 1469 2814 kenne, so habe er sich vorgesetzt, ihme mite
452 2751 1462 2919 der Verschwiegenheit, ein heilsamer Wert¬
452 2859 1460 3019 welches Obhanden, und zum Nutzen der
445 2943 1475 3136 Bürgerschaft projectirt werde, zu commniur,
446 3059 1449 3233 darauf er ihme verdeutet: Es steye, darund
446 3164 1470 3346 zu thun, daß die Burgerlichen Breyhid
456 3270 1475 3446 Bieder hergestellt verdind. Und beite
2578 258 2716 359 173.
1827 327 2108 459 1t Ex:
1595 364 2486 668 G Grderis st.
1550 502 2720 799 Mann ihne vor einen Beliebten Mann beue¬
1546 648 2658 903 sowolte man sich bey ihme an, damit er von
1568 751 2698 988 sinen Fründen und bekanten dazu Anberbe¬
1555 851 2684 1107 Inquirit habe hierauf geantbortet: Er
1579 972 2710 1191 volle schauwen, Aber er habe doch mit keiner
1564 1068 2706 1252 Vielen darüber geredet, Alß einzig und al¬
1578 1179 2704 1376 vnd mit seinem Bruder, wie er solches hienach
1550 1289 2705 1478 segen werde. Beym Abscheiden, Alß hierauch
1573 1406 2730 1554 de Guter wieder von ihme hinbeyg gegangen
1567 1503 2715 1647 habe er ihme Ing. die Hand gegeben, und dabey
1559 1618 2689 1772 gesagt, Gebzst habe ich mein Leben in eutere
1573 1710 2694 1863 land vertraubt; Als hernach seyen eben
1572 1811 2628 1972 gedachter Babriel Guter noch samt dem
1563 1910 2699 2046 Kintl. Buter wieder zu ihme hinauß gekommen
1573 2011 2699 2173 und habend ihne gefragt, Ob er seinther Nie¬
1577 2112 2707 2260 mand angelorben. Er habe aber geantwor¬
1571 2212 2687 2332 tet kein. Er habe mit Niemandem ge¬
1562 2304 2711 2452 redet; worauf hin Sie wieder beygegangen;
1563 2389 2658 2568 Wiedrrum etwelche Tage hernach seye der
1554 2479 2693 2650 H. Babriel Guter einzig zu ihme gekommen.
1577 2595 2682 2774 und damahlen habe er ihm gesagt, Es seye
1568 2688 2676 2870 nun alles mit: Darauf er Jng gedienet:
1568 2777 2606 2932 daß seye er froh, werde jebst auch wieder
1563 2912 2701 3059 ruhig schloffen. Etfann 14 Tag hernach,
1542 2961 2680 3166 Seyen der Leutl. und Babriel Guter beyde
1563 3094 2660 3247 mit einander wieder zu ihme gekommen
1568 3136 2725 3351 und damahlen habe der Lieut. zu ihme ge¬
1538 3219 2718 3462 sagt; daß was der Babriel ihme das letztere
