3024 4032
431 478 561 554 182.
481 2195 567 2333 G
764 477 1128 668 Damen
910 624 1019 727 mit
647 643 1482 907 Dadis Rug, dem Belhgend
653 835 1484 1023 Atatis 33. Jahr, ohnvorheurathet
607 979 1502 1196 Murde bräfftig ermahnet, in Auf¬
605 1128 1508 1280 prichtigkeit zu bekennen, in bie Heiter¬
608 1222 1507 1391 sich in den Belaußten leydigen Complit¬
589 1330 1489 1469 so sich unter einer gelißen Anzahl¬
604 1424 1499 1569 Bürger angesponnen, eingelaßen end¬
593 1520 1495 1655 Implicieit. Man verhoffe, daß, büden
599 1598 1469 1769 nach anfänglich genommener Wasion,
590 1716 1465 1863 Er nunmahlen sich freywillig gestellet,
587 1819 1470 1948 so werde er, zu völliger Bezeigung
603 1902 1482 2040 einer Wahren Reube über seinen Sihe
582 2008 1467 2153 eine runde offenherzige Bekantnuß
588 2088 733 2206 hun.
598 2185 1478 2321 Er wolle die pern lautern Wahrheit der
571 2291 1469 2413 "kennen über alles ohne Außnahm,
561 2363 1475 2516 bas Ihme Liser leydigen Sachenhalbe
558 2455 1475 2611 in Wißen, und das Verhalte sich alß
667 2567 1459 2692 Zbey Tage vor der Versankung
566 2639 1462 2801 bezm Kupster imn Solgenbach, Alrechtg
544 2717 1462 2889 Abendes den Boldscheind Buter ohngefehl
553 2829 1456 3001 auf dem Platz angetroffen, habeschch
549 2903 1464 3082 ihnn ob dem Ppahieren verkeutet, n
553 3001 1451 3188 Licutenant Puter und Gaubtman he
538 3091 1445 3299 habind eine Schrifft aufgesetzt, dur
541 3157 1466 3386 die Bürgerlihen dergheiten, bi duch
532 3296 1444 3505 derselben Vermeinte Beschlörden s
530 3384 1449 3588 halten, und eoberade, deß halber un
1287 3472 1431 3647 19
2588 499 2728 585 183.
1771 549 2304 768 Dasis Gug.
1633 694 2693 880 Zeits eine Versammlung von Bürgeren¬
1638 816 2700 967 gehalten werden, zu welcher er ihne In¬¬
1647 921 2681 1077 quisiten vorläuffig Inertirt, mit ver¬
1644 1013 2649 1148 deuten, Er wolle ihne dann aderticen,
1644 1104 2654 1276 bon selbige vor sich gehen solle; Er dn¬
1637 1211 2676 1370 quisit habe darauf geantwortet: Er
1646 1318 2681 1476 wolle schaulen, und jetz nachdeme er
1637 1416 2641 1564 Zeit habe, werde er sich hierzu ent¬
1630 1516 1923 1643 schließen.
1631 1590 2641 1736 Nach zbeyen Tagen Abentts nach dem
1614 1693 2631 1844 NachtEßen, seÿn der Boldpchmied Kunter,
1619 1791 2670 1936 samt dem Boldschmied Christen, nochmahlen
1604 1901 2651 2030 zu ihme ins Hauß komen, und nachkeme
1602 1984 2637 2109 er ihne berichtet, Obige Versamblung berde
1606 2077 2628 2218 sich diese Nacht bey Kupfter im Sulgenr
1613 2161 2621 2340 bach halten, habe er ihne sogleich mit sich
1598 2264 2622 2391 zur Statt hinauß geführt. Worzu er¬
1602 2349 2569 2478 deponent sich umb so ehender Belegen¬
1598 2433 2620 2593 laßen, beilen der Holdschmied Tueter
1591 2522 2618 2676 ihme die Sache gantz nicht auf eine ge¬
1587 2607 2620 2772 fährliche Weis vorgemahlet, sondern
1604 2714 2534 2843 Er habe lediger dingen geglaubet, es
1607 2794 2630 2962 Berde umb die Abfaßung eines Memori¬
1591 2894 2621 3060 ralis zu thun seyn. Dahabe der Gueter
1582 2980 2620 3163 Ihne erstlich auf das Bruge Geld geführt,
1591 3071 2649 3254 Alleo sie den ueutenant Bunter und den
1593 3168 2618 3378 Notarium Rudelst Moß angetreffen,
1612 3248 2612 3471 Dorten habend sie sich noch einiche Zeitt¬
1589 3329 2543 3567 verleibet, und in Cuica gegen 10. Uhr
2407 3536 2587 3656 seyen
