3024 4032
315 517 443 616 198.
848 504 955 586 63c
669 511 846 597 2
540 557 1260 722 Joh. Rus Küpfer.
477 676 1413 805 darauf ihme der Haubtman Kupster
481 774 1414 909 von Eiseenen Stüblenen geredet, so
484 852 1457 989 eine Gemeind verfertigen laße, glau¬
475 946 1448 1089 be aber, er habe solches nir im Scherz
479 1041 1466 1165 geredlet: daß er aber dem haubte
466 1130 1463 1273 Kupfer von Conspiration geredet, sol¬
466 1221 1225 1373 ches verneine er gänzlich.
671 1399 1138 1549 Confrontation
783 1494 987 1619 gluschen
466 1548 1476 1739 Joh. Rud- und haubten: Kupster
559 1684 1455 1862 In welcher der Haubtman dem Joh¬
504 1783 1466 1948 Kudolf soutenirte, er habe ihne vor
501 1898 1466 2028 seinem Laden in Gegenwarth Marchan
482 1980 1446 2146 Weeiner gefragt, Ob er nicht Auch ein
480 2065 1479 2230 Man steye, der die Bürgerlichen Preyhei¬
472 2164 1477 2342 sten wolle helfen schüzen, und er wolle
496 2238 1477 2443 in par tagen ihme ein mehrers stagen s
486 2351 1489 2521 dieses Aber negirte der Joh: Rudolf
470 2445 1479 2681 Küpfer beblich, mit Bethenrung, daß
478 2598 1119 2776 te dieses nicht geredet.
467 2640 1503 2867 Dieses aber Gestuhnde der Haubtman, daß
468 2759 1477 3027 ihme der Joh. Audolß Küpfer gesaht,
479 2838 1488 3125 te habe an einem Ohrt von ihme gehört
661 2977 1493 3276 Biglte Ahlhe ud r 1
486 3077 681 3225 eden.
449 3146 1375 3393 Vaten um Verzeihung und nd
445 3270 1325 3573 At. de Al p9, 129
2510 386 2664 518 199.
1746 500 2315 679 Cramen mit
1543 580 2678 796 Abraham Marchtaller dem Pfeiffer
1596 701 2678 920 in der Statt Hacht, 35. Jahr alt, Verheu¬
1604 838 2319 983 rachtet und habe 5. Kinder.
1587 927 2655 1103 Nachdeme er beforderst ernstlich vermahnt
1600 1024 2696 1199 worden, Aufrichtig zu bekeuen, was Zlonschen
1600 1127 2683 1298 ihme und dem Lientl. Fueter vorgegangen,
1607 1221 2653 1379 Sie weith er sich gegen ihme Verpflichtet,
1608 1330 2666 1508 und sonst alles das Jenige an Tag zu geben,
1607 1422 2677 1594 was ihme deßhalber bebant seyn möchte,
1602 1551 1791 1654 hat er
1524 1609 2652 1746 Declarirt: Ohngefährs vor 4 Wochen habe
1600 1710 2628 1839 der Lientl. Pueter ihne gefragt, wie es
1599 1790 2652 1939 gehe mit dem Wegen, und was er dazu¬
1599 1879 2663 2043 sagen werde, Bann Meyhlen, Jede Gemeind¬
1611 1994 2673 2157 nach einem Clan machen Jhegen, darauf
1606 2092 2654 2250 er ihme geantwortet, das wurde wegen
1609 2190 2664 2342 der Theuren Zeit schwär fallen, wan sie
1595 2284 2665 2414 Indeßen nichts wurden Arbeiten konen.
1606 2369 2667 2535 Da dann auch das Holz schlär zu bekommen
1607 2479 1762 2593 seyn.
1619 2552 2677 2714 Die Andere Racht darauf habe er ihne
1602 2654 2691 2816 gefragt, Ob Haubtman Marchtaller sein
1613 2754 2686 2930 Verbandter seye, und auf bejahen ihme
1615 2849 2646 3030 Aufgetragen, Er solle machen, daß er zu
1605 2976 2690 3127 ihme kome, mit ihme zu reden, belches
1619 3066 2307 3221 ee aber nicht ausgerichtet.
1633 3190 2682 3331 Die darauf folgende Wacht, habe
1619 3265 2715 3433 se ihne wiedermahlen gefragt, Ob er mit
1615 3361 2731 3540 dem Haubtman Marchtaller geredet habe?
