3024 4032
515 293 655 397 126.
812 274 1499 525 HaubtmannHändz.
497 370 711 495 Qular
634 480 1623 656 Wolz. Glaube, der Weiner oder Zueter haben
645 598 1021 739 ihne angelorben.
585 693 1623 867 Wdiegsam, sey von Gebriebhueter angeworben
600 800 1585 989 Giegler, beyde, büße nicht, Wer sie an¬
645 943 862 1067 geworben
601 1026 1575 1196 Lutz, Wüße nicht, von Wein er ange¬
639 1161 1020 1252 worben worden
598 1203 1592 1394 Ittb, Berde Gabr. Zueter angeborben haben
595 1346 1565 1498 Lauster, Wüße nicht, Ob, und von lsem
647 1467 1237 1592 er angeworben worden.
604 1573 1571 1744 Grutig, Wüße nicht veon Wein er ange¬
622 1666 1034 1778 Borben borden
589 1759 1590 1900 Jaggi Wüße auch nicht von bein sie angewor¬
550 1844 1553 1982 Eggl ben worden, und habe nichts mit
723 1952 1092 2067 Ihnen geredet.
505 1987 1569 2178 Wurstenberger, Wir neben dem Haubtmann
595 2129 1549 2281 die andern zwey Wurstenberger seyen, so
589 2196 1483 2378 aucf seiner liste ind, büße er nicht.
539 2323 1524 2484 Rastenhoßer, Vatter und Sohn, Wüße er
586 2444 1537 2617 nichts, maßen er auch nicht mit ihnen geredt¬
506 2548 1453 2745 Dugsfürger, büße nichts von ihnen
520 2699 1555 2908 Hord Wuße nicht sten Wein er angeborben
700 2824 905 2905 borden.
494 2887 1501 3062 Stecke, Wüße er nicht, glaube, es seyn der
697 2995 886 3103 Kerben.
483 3063 1252 3257 Scherer, Wüße er auch nicht
484 3157 613 3270 2
670 3194 1500 3416 Ssteyen von Reinhardt angeborben
439 3233 704 3378 Fillman
2831 114 3018 288 11
1644 226 2674 526 d. Hr. Haubtmann Handh.
1713 389 2923 672 Diehi, Wüße er nicht, daß noch er, noch je¬
1766 518 2663 765 mand anders mit ihme geredt habe
1690 654 2882 884 6 Pier, Mit Jacob, habe er steutl deme er
1755 765 2880 977 duß dem Exilio steye, kein Wortgeredt¬
1752 916 2572 1098 Vielbehinger ihne angeworben.
1736 1054 2900 1242 Er habe keine partiullar lista gehabt,
1755 1136 2900 1311 Niemanden angeworben, auch Niemand in
1743 1276 2674 1439 dieses geschafft zu Ziehen begehrt.
1729 1581 2852 1752 Sndtlich ist er handti mit dem Lerber
1732 1697 2894 1827 Confrontirt worden, auß anlaß, daß er
1719 1801 2917 1946 händzi in seinem. Examine außgestagt:
1708 1898 2939 2062 Er habe steine schriffen off in deß Lirbers hauß
1713 2010 1909 2109 gehabt
1728 2093 2805 2262 Hatsich hierüber der Haubtmann Handzu
1729 2192 2925 2366 dahin Erlautheret: Er habe niemahlen seine
1695 2275 2820 2507 schrifften bey dem Leber in Verwahrung
1699 2391 2814 2574 gehabt, oder gelaßen, sondern sie nur
1717 2466 2918 2715 Bau er zu ihme Lerber gegangen, dahin¬
1710 2567 2737 2814 und wider mit sich nach Hauß getragen.
1773 2706 2624 2958 Algelsten vnd Besfahtiget.
1709 2887 2653 3128 Actum den 15 Julÿ 1749.
