3024 4032
339 256 491 365 320.
426 493 499 627 9
441 797 546 947 2.
585 252 1384 489 Briderich. Küpfter GrGa
539 460 1415 681 Ob nicht auch abgeredet worden, sich zu E
557 583 770 723 bestern ?
569 798 1421 972 Licutenant Bunter habe ihme gesagt, Man
525 905 1425 1072 solle sich mit gebahr versehen, damit men¬
531 1013 1425 1156 die Sache mit gebalt könne außfuhren:
527 1096 1420 1253 dießes seyn auch in der Versamblung ge¬
528 1198 1429 1343 wridet berden, viele ihrer, als die Beyde
532 1293 1443 1445 gebründere Kupster, der Rudolst Myß¬
536 1400 1412 1534 und er Inquisit p. habend aber solches
539 1489 1037 1632 gäntzlich desappiobit.
546 1675 1428 1811 Ob nicht auch von Zeichen an den Häusern
421 1688 518 1837 4
539 1775 1420 1941 indn anderen Zeichen daran mansich e
516 1860 1362 1978 zu ehrennen biße, geredet worden.
445 2050 1097 2195 R. Daton luße Er nichts
526 2148 1427 2275 Bekennete, daß Er dem Licuterant Bucher,
537 2233 1434 2365 als selbiger ihne zur Versamblung eingeladen
523 2323 1417 2456 mit aufgehabenen Biegeren angelabet, die
507 2417 1100 2554 dach verschliegen zu halten.
526 2499 1422 2654 Auch daß er den in der Versamklungten¬
519 2605 1426 2759 Haubtman Händtzi abgelestenen Eyd, di¬
505 2690 1435 2852 thum deßen Iunhalt dato abgelesen berdige
507 2815 913 2962 geschloehren habe.
532 2970 1409 3152 Ob Er selbsten Niemand angeborben
397 3004 533 3159 G.
410 3145 1431 3354 H. Mein, und mit Nimanden dator gede¬
1515 564 1599 699 9
1529 818 1591 988 9
1524 1468 1594 1664 2.
1523 1762 1601 1896 2
1623 277 2499 490 Briederich Küpffer, Grodberk.
1630 477 2508 635 Obman damahls nicht von Anderen
1623 601 2276 760 Versamblungen geredet?
1626 791 2545 949 Es seye etbas von Versamblungen an
1621 901 2531 1039 einem Anderen Ohrt zu halten geredet
1610 1007 2521 1143 worden, beilen dießer allzunahr bey¬
1606 1092 2542 1227 den Leuthen gelegen: Ob aber eine gehalten
1614 1206 2508 1328 booden, und loo, seyn ihme unbekant, und
1621 1295 2259 1426 Beiters nichts gesagt borden.
1624 1461 2487 1616 Ob in dieser Versamblung nicht etbas ger¬
1625 1579 2485 1716 schrieben worden, und Wer er geschrieben?
1641 1752 2438 1888 Ja der Haubtmann Handth. habe die¬
1605 1859 2491 1981 Nahmen der gegenbärtigen und die ange¬
1596 1946 2508 2103 Borbenen, so sich damahlen auf 40. sollen
1607 2049 2493 2175 beloßen haben, aufgeschrieben, sonsten
1601 2118 2502 2260 aber seye, seines Müßens, da nichts geschoid
1612 2234 2459 2378 ben, auch keine Liste abgelesen borden.
1607 2387 2509 2537 Dar seye nun seine föllige und bohrhaffts¬
1616 2481 2514 2626 Bekandtnuß, habe ein mehrers dabiy nicht
1613 2587 2485 2712 Verübt noch erfahren, Seine Schbester aber
1612 2672 2498 2810 habe etbas dergleichen vermercket, und
1619 2767 2521 2909 deßtbegen seinen Bruder den Cxÿrurgum
1616 2874 2544 3006 beschickt, welcher ihne dan auch von dergleichen
1619 2960 2224 3090 Sachen abzustehen vermahnt.
1628 3054 2506 3188 Pitte dehemichtig umb Verzüchung und Grad¬
1683 3156 2231 3281 Abgelesen und bestätiget
1643 3253 2273 3396 Actus. 21. July. 1749
2498 263 2610 374 321.
