3024 4032
350 458 476 590 176.
767 414 960 521 1v 6x.
599 469 1410 660 Joh. Ghriberich Kupfer
517 639 1435 798 Mahl gesagt, seye ihme nicht Eonst 9sun
515 762 1486 914 dann freylich steye etwas, und die Sach so¬
524 849 1499 1015 ihren Fortgung haben. Er habe ihnen dar
520 948 1489 1090 gesagt, er forchte sich darhinter; Alle beye
520 1040 1472 1181 haben ihme aber verdeutet, Sie habend sinh¬
515 1144 1456 1286 har Mil Leuth angeworben, Es solle sich
536 1235 1472 1391 nicht föechten, Sie habind ihme Aber danich¬
532 1337 1489 1481 den Niemand vernauhet; Nach diesem kom¬
511 1434 1478 1568 der Lentl. Guter eintzig an ihme, und zug
524 1525 1454 1678 se ihme eine französische Schreift, mit stee¬
532 1627 1473 1756 melden, wan er einsten derweil habe, wolle
531 1718 1458 1862 er ihm selbige zu lesen geben Es seyen da¬
519 1815 1467 1944 einen Sachen enthalten, von Abänderung
502 1909 1468 2054 Verschiedener Regierungen; so bald alß er
507 2016 1462 2149 aber gesehen, daß diese Schrift Franzoisch
503 2106 1475 2247 habe erselbe zueuk geben, mit Verdenten,
504 2207 1465 2344 es seyn nicht gar fertig in der Granzischen
493 2288 1458 2429 Sprach, und habe nicht wohl derboyl solches
502 2380 1477 2521 zu lesen. Nachbörts seyen der Haubtnun
492 2480 1475 2615 hantzi und der Lintl. Guter auch wieder
488 2576 1477 2712 zu ihme gekommen, habind ihne bieder ge¬
470 2654 1468 2833 fragt, Ob er sinthar Niemand angeworben.
465 2764 1458 2910 odersonsten nichts Neutes buße? Belcheste
473 2862 1449 2994 mit kein beantlortet. Sie aber ihme Ver¬
466 2962 1464 3140 deutet, daß die wieder ein paar angeworben
540 3058 1452 3219 Ein ander mahl seyer Baubtinan häch
463 3143 1472 3325 Kieder zu ihme gekommen, er könte nicht
440 3251 1472 3446 sagen, Obauch damahlen der Lüntl. Gutt
2617 272 2745 411 117.
1917 327 2138 457 1 t. 6x.
1666 369 2438 624 Gh. Giberis Kpter
1532 482 2726 806 dabey gewesen, und habe ihme verdeutet, daß
1601 611 2631 849 vo an dem Verb der Einrichtung Aebeite
1593 695 2723 957 vorauf er Jeg. geantwortet, daß, wann es
1602 799 2738 1028 wede verfertiget seyn, Er solches geene sehen
1588 924 2688 1147 Wolle; Einiche Tag darauf seye der Lieutl.
1594 1040 2681 1248 Gutte samt dem Marihand Weriner zu ihme
1601 1153 2684 1332 gekommen, und haben eine Schrift gebracht,
1596 1249 2648 1421 mit bedeuten, sie seye noch nicht völlig
1598 1367 2720 1503 titig, Deß Vereuer habe ihm solche Abge¬
1590 1456 2710 1648 lehen, Diese Schrifft seye mit einem Act¬
1596 1575 2698 1735 Vatterischen ohnleßlichen Caracter gewesen
1580 1674 2650 1827 Er habe sich aber vorbehalten, Mann solle
1588 1782 2713 1928 ihne nicht fragen, ber diese Schrift gescheiben.
1597 1882 2677 2030 In dieser Schrifft seye enthalten gewesten,
1578 1969 2674 2130 die Histor der Stalsdern, wie anfänglich¬
1589 2077 2689 2214 die Regierung gewesen, und wie solche Je¬
1578 2165 2699 2325 Zund steÿe mit Anmerbungen, der von Zeit
1587 2251 2716 2415 zu Zeit darinen vorgegangenen Änderungen.
1594 2368 2690 2506 mit frenerem Verdenten, daß diese Schrift
1581 2456 2716 2617 noch nicht vollendet, sonder noch weiters fort¬
1581 2583 2676 2707 gesebst berden solle; Sie haben solche bieder¬
1588 2660 2547 2797 mit sich genomen und weiters gegangen,
1576 2735 2641 2897 Emniche Zeit darauf seye der Babriel Büter
1577 2807 2659 3015 bey seinem Hauß sorbey gehend zu ihme
1587 2948 2595 3112 gebommen, und Verdeutet, daß nunmehro
1577 3023 2658 3210 Die Schrifftsöllig Außgemacht, und nöchtig
1576 3105 2672 3328 Bäre, daß man sich versamle, um solche
1585 3205 2703 3412 denen sämtlichen Bründen zu comunuiren,
1590 3295 2708 3539 und abzulehen, darüber sie zusammen lange
