3024 4032
315 505 449 598 212.
664 603 1267 733 lamen mit
496 691 1409 829 Emannel Knecht, dem Roht¬
486 782 1407 894 Herber, 24 Jahr alt, Verhenrihtet
490 859 1056 962 und habe ein Kind-.
410 958 1399 1142 Wurde betondeß ernstlich ermahnt,
482 1105 1394 1222 die Vahrheit zu bebeuen, über aller
478 1198 1344 1343 das was ihme diester Sachen halber
492 1293 832 1414 in büßen.
499 1360 1437 1520 Ob er nicht beym Vermer in der
371 1391 466 1533 H
489 1479 1405 1613 Versamlung gewesen, und ber ihn
482 1577 989 1696 dorthin bescheiden?
512 1635 1426 1768 Ane Mittrochen vor obiger Versamlung
381 1659 495 1790 R
493 1740 1432 1883 habe der Herber Ruhn, so deß Morgen
489 1853 1411 1990 expresse zu ihme gebomen, ihme
479 1922 1415 2084 verdeutet, es seyen Bürger, welche
470 2037 1452 2202 zu Erhaltung ihrer alten Freyheitene
484 2109 1422 2287 ein project machen und in Schrifft ver¬
461 2218 1463 2391 Paßen wollen, bie solches durch die baste
471 2336 1441 2455 könte Außgebürtet berden Mann
469 2401 1452 2579 berde dann etwa an einem Ohrt, danin
459 2487 1438 2689 ber zusamen bommen um sich darüber
450 2570 1450 2790 zu berahten. Und damahls habe
461 2647 1429 2929 er Inquisit dem Ruhn auf sein Be¬
463 2766 1443 3000 gehren hierüber das Glübt der Verschlore¬
464 2860 1432 3115 genheit Mundlich abgestaltet; Sontag
464 2946 1445 3254 dauh sie de ate et
475 3047 1456 3341 echesi hugeten dt
462 3135 1460 3438 ensht vntsched nh
448 3270 1461 3626 Send Eden Venlig e
2524 342 2649 427 213
1718 439 2499 696 Gnaunel Krecht
1572 607 2670 808 begen denen vorigen mahls ihme eröffnen
1600 701 2664 914 ten Sachen halten; hierauf habe er Jngst.
1571 805 2643 1029 sich nach 1. Uhren in gedachten Verners
1577 910 2655 1137 Hhauß verfuegt, woselbst nach und nach
1587 1010 2648 1186 in allem Eils eingetroffen; In dieser
1589 1097 2680 1318 Versamling steye Anfänglich von Haubt¬
1585 1207 2657 1394 man Hauzi Auß einer Schrifts verschiedene
1580 1284 2669 1496 Ehrt abgelesen worden Betreffend die
1584 1394 2674 1565 pnititutionen der Stats und der Bürger¬
1579 1492 2674 1658 schafft von deren Uestrung her; so dann,
1595 1590 2674 1756 daß nun mehro die Preyheiten der Bur¬
1581 1700 2679 1851 Herschafft in gäntzlichen verfahl gekomen
1581 1798 2676 1943 Nach diesem habe der Lientl. Händig Jue¬
1587 1907 2658 2042 Ver gestagt, Mann werde diesem Ubel
1584 1993 2658 2140 wieder aufzuhelfen büßen; und da
1591 2097 2679 2220 er Inquirit über eint und andere Gefal¬
1585 2185 2680 2326 lene Reden Einwürffe gemacht, auch ge¬
1582 2273 2678 2424 sagt, man müße berichtet seyn, deßen
1585 2382 2643 2533 so man sich entschließen solle, seye ihme
1582 2485 2608 2612 von Cieutl. Pueter erliederet worden,
1584 2580 2679 2743 Mann werde dann nachbärt einem Jeden
1576 2662 2692 2841 sagen was zu machen, und wie die Sach vor¬
1585 2752 2619 2923 zunehmens. Da habe der Haubtmann
1580 2858 2730 3069 hunden einen schriftlichen Eyd abgelesen, deßen
1578 2952 2732 3173 Zuhalt so viel er sich ermere, die Verschlie¬
1576 3067 2687 3278 genheit und traub Auferlegt, Auch daß¬
1600 3158 2719 3387 man sich den Eydkt von Niemand wolle auf¬
1580 3229 2721 3485 losen laßen. Diesen Eydt nun habend alle
1590 3370 2658 3632 Anbestende beschworen, und hernach¬
