3024 4032
447 339 566 470 113
626 304 1306 530 Ghitter Examen.
832 476 959 565 mit
548 503 1247 726 HaultmannHandzi.
466 713 1490 895 Obb er nicht, oder andere, so ihme bekandt,
566 820 1519 985 Munition an etwa einem Ohrt Verborgen
544 960 721 1072 haben
570 1015 1557 1193 Er habe außert dem Tulfer in seiner Gibi¬
442 1048 556 1258 E
567 1154 1511 1286 rin ciere und 6. Patronen, so ihme der
546 1250 1538 1385 Lentl. Gueter gegeben, gar keine Munition
553 1339 1490 1467 gehabt, und büße außert denen,so in
556 1429 1506 1558 Leutl. Hanters hauß gefunden worden,
543 1521 1486 1658 von beiner munition etwas; Sagte
574 1618 1525 1760 aubey Er habe in seinen vorgehenden De¬
562 1701 1491 1834 positionen gesagt, Es werden alle die¬
535 1789 1536 1941 somn dem Complot seyen, bohl gelaußt haben
541 1895 1509 2032 daß man die Sach mit Gebalt der Wafsen
545 1990 1472 2120 außführen wollen; dieses erläutere er
542 2087 1523 2229 dahin, daß, weilen er keine angeworben
531 2171 1515 2319 so lüße er nicht, bie viele gelaußt, daß
543 2269 1524 2412 mann mit gebalt der Waßen procediren
531 2346 1503 2531 solle, so glaube er, nur diejenigen, so in
438 2451 1500 2614 denzwegen Versamlungen sich eingefunden,
529 2554 1271 2684 möchten solches gebußt haben.
516 2646 1451 2792 Mit Damel Eueter dem Marchand¬
498 2724 1478 2900 habe er dieser Sachen halber gar nichts
509 2834 727 2981 geredet.
506 2986 1344 3196 Aitum den 9t Julÿ 1749.
2804 54 2931 206 197.
1867 246 2500 483 Inpontation
1980 399 2326 552 sonschen
1700 378 2915 712 Haustinan Handti und Lieutz. Gueter.
1643 530 2940 854 Da dem haubtmann handl. von dem Lieubl.
1671 693 2886 984 Hänter unter Augen gesagt worden; bin
1718 809 2947 1041 daß der Handz dem Hueter Verdeutet, man
1703 900 2929 1141 könne mit den Bürgeren nichts außrichten,
1714 1026 2847 1243 Wan müße mit den Bauren anbinden.
1681 1251 2846 1486 Corvenirte der haubtman handte solches.
1709 1373 2769 1558 dem Keute Bueter gestagt zu haben;
1710 1484 2921 1673 Er könne aber zugleich vor Bott bezeugen,
1701 1587 2918 1752 daß er mit keinem einzigen Bauren gere¬
1707 1693 2921 1823 det, auch mit Niemandem zu reden Comis¬
1713 1793 2869 1951 sion gegeben habe; Sondern allet, das
1719 1913 2878 2042 er davon buße, seye, daß der Herber
1698 2001 2933 2159 Ruhn begen den Reißgelteren, und daß
1714 2104 2823 2250 selbige nit mehr vorhanden, mit den
1731 2188 2792 2362 Bauren habe bollen reden laßen.
1687 2304 2885 2568 Lientl. Hueter sagte hierauß, dieses
1713 2499 2881 2696 letstere steye von HerberRuhn auch zu
1717 2577 2865 2801 ihnen geredt worden, und habe darauf
1692 2687 2915 2918 versehet: Er fueter habe auch deß enthalber
1718 2759 2876 3029 mit zweyen Statt Wächteren Geeedet.
1700 2899 2937 3302 Seheten Rchstgl. e ne
1679 3078 2890 3369 ser gehabt zustagen, Man könne mit den
1689 3173 2905 3493 Bürgeren nichtsschaffen, dahero müße
1709 3304 2804 3580 man mit den Kauren Anbinden-
2669 3564 2906 3674 keye
