3024 4032
388 435 507 552 251.
562 462 1256 708 Brdold N1.
551 679 1504 876 vom Haubtman Handti confirmit berdn
557 785 1474 949 dahin, Man berde Trachten solches zu ter¬
556 897 793 1020 shueten.
552 1009 1274 1215 Wieder an sein Ohrt geführt.
572 1194 1448 1419 Aaum 8 July 1749.
2532 332 2680 478 252.
1853 473 2295 621 sgamen
1933 619 2098 724 Mit
1636 654 2596 935 Danus Boctin, den
1734 844 2213 1004 Buchdrucker.
1622 1006 2653 1199 Moch beschehener Vermahnung aller¬
1663 1118 2688 1313 offenherzig und Bahrhafft an Tag zugeben
1658 1191 2681 1376 was ihme von diesem leydigen Complot¬
1669 1328 2678 1467 Bebant, und bie Beith er sich eingelaßen,
1668 1434 2310 1591 hat er folgendes declarirt:
1652 1571 2679 1767 Erhege incice 6. oder 8. Monath, daß
1664 1712 2662 1840 Der Lieutl. Gunter gegen Midtagd- Zeith zu
1676 1808 2690 1954 ihme gekommen, dene er als einen ohnbe¬¬
1682 1901 2664 2055 kanten in seiner Officin empfangen, und
1671 1994 2697 2153 Hhernoch auf sein Begehren in die Stuben ge¬
1671 2084 2640 2253 führt, boraufhin der Lieutl. Bueter ihme
1674 2182 2697 2326 eröffnet, er möchte ihme etwar anvertrauben,
1675 2276 2630 2401 Allein er müße ihme zuvor ein Eyd thun,
1677 2387 2583 2526 Vorauff er Inquisit ihme geantlortet:
1672 2471 2693 2615 dießes mueßen also etbas Serioses seyn
1666 2577 2681 2690 Solchemnach habe ihme der Licutl. Gunter¬
1674 2665 2680 2818 den Eyd gestrochen, ohngefehrs dieses Jnn¬
1684 2763 2716 2916 halts: Daß er vor dem Alllaißenden¬
1684 2859 2691 3008 Godt ihme hiemitschwohre, von dem, so er¬
1687 2967 2733 3099 ihme antertrauben werde, nichts zu entdecken,
1684 3070 2710 3195 auch sich an denen Ohrten, so Man ihme vero¬
1702 3181 2738 3310 deuten werde, einzufinden; Er Inquisit-
1688 3271 2745 3427 habe nicht beiter als zu der Verschlegenhit
2554 3401 2640 3480 ge
