3024 4032
386 250 519 355 372.
480 309 559 402 6
353 495 588 610 declarirte
609 270 1435 483 Brantz Niclaus Wiegsam
774 387 1117 507 der Sadkler.
643 501 1444 684 Ihngefahrskurth vor Osteren¬
565 607 1458 784 lechthin seye Gabriel Bucter zu ihm¬
566 713 1446 881 vor den Laden kommen, und nach et¬
557 811 1434 979 "belchen Discurten, als, Bohar er¬
556 925 1467 1098 seine Kägel beschicke, und dergleiche
551 1019 1434 1164 habe er ihme proponiert auf den¬
548 1104 1449 1254 Kirch Hroff stathieren zugehen, Albe¬
553 1211 1450 1356 er ihne befragt: Wie er mit seinem
563 1314 1451 1449 Handberck gehe, und Ob sie nicht
559 1419 1454 1566 auch ihre Freyheiten hhaben. Darauf
558 1526 1441 1645 er Deponent gedienet: Sie Pabend¬
546 1609 1378 1736 ihre Freyheiten, und er solle zbey
558 1703 1452 1813 Stund umb die Statt Hherums Nieman
567 1788 1447 1917 Die Statt arbeiten; Auf diß hin¬
942 1897 982 1946 X
532 1888 1437 2033 habe ihme der Gueter eröffnet, Män
553 1980 1440 2112 Berde Meghen ein Vortrag pra¬
540 2066 1404 2204 Senticren, mit begehren, daß so¬
538 2177 1430 2304 wohl denen Handberckeren als der
540 2257 1443 2413 Handlung leider aufgeholften berd
533 2357 1353 2507 Anbey ihne gefragt: Ob sie bey¬
526 2470 1412 2586 ihren Handbercks= Kreyheiten ger
508 2544 1424 2705 schuhzt berdind? Darauß er grante¬
517 2646 1415 2783 "bortet: Er seyn bald kein Lehen
505 2721 1415 2886 Ruscheer, der nicht seine Arbeit¬
517 2837 1407 2984 durch frembdle verfertigen laßen.
505 2905 1432 3070 Darbey aber habe der Bueter Gelege¬
508 3025 1410 3179 heit genommen, ihne bey seinem Gui¬
498 3123 1379 3271 "bußen zu vermahnen, zu seiner
1240 3175 1414 3342 Nu
2501 289 2640 380 379.
1659 286 2326 479 Pattler Miegsam
1625 428 2572 586 Weit und Kinderen Sorg zutragen,
1650 549 2471 676 mit fernerem Verdeuten, Man
1647 639 2609 768 berde Mitghn nicht ein Memoriale
1631 746 2585 894 sonderen ein vollständigen Vortrag¬
1634 844 2556 980 machen, und das nachtrücklich: Er¬
1628 949 2556 1085 seyen auch viel Leuth darhinter, welche
1634 1050 2557 1165 er nicht glauben Burde, Als vom
1624 1135 2545 1268 Acel und Militarische p. Under¬
1629 1228 2459 1365 könne nicht fehlen, Man berde
1628 1345 2462 1460 reussieren, Als er nun hierüber¬
1628 1430 2487 1554 eingebencet: Er bolle nichts mit
1631 1521 2484 1643 dießen Sachen zu thun haben, habe¬
1638 1611 2451 1751 der Hueter ihme verseht: Er seye.
1638 1713 2521 1827 ein Schreibenberger, zugleich ihne
1626 1793 2508 1925 vermahnet, er solle auf die Bürger¬
1611 1869 2532 2011 lichen Freyheiten ein Bachtsames
1617 1978 2469 2106 Aug halten. Nach etwelchen Tagen
1615 2061 2499 2186 seyn er Bieder zu ihme in seinen Laden
1617 2162 2492 2279 gekommen, da er ihme gesagt: Es sey¬
1619 2260 2483 2370 nunmehro alles nichts, Man habe die
1613 2340 2503 2456 Sach wieder fallen laßen, und berde¬
1623 2431 2160 2537 nichts daraus birden.
1616 2504 2540 2649 Erbau vor Bünff Wochen seyn er bieder
1616 2608 2496 2721 mahlen zu ihme gekommen, und habe
1622 2692 2519 2808 ihme eröffnet, Man arbeite dermahlen
1612 2797 2523 2921 an einer Schrifft, einer hierlichen Pece¬
1602 2889 2490 3013 habe ihme zugleich auch proponirt mit
1632 2964 2535 3110 ihm vor das Chor hinauß zu spathiern,
1614 3079 2555 3218 welches Er Deponent aber außgeschlagen.
2324 3146 2562 3335 hnnhc
