3024 4032
351 248 471 372 412.
572 259 1216 456 Pastires hrutig.
497 409 1451 603 zuthun seyn, so werde er gantz anderr¬
517 522 1458 711 reden, Es seyn aber nichts bieder das¬
512 609 1473 817 Besatz Bottes, und Berike die Sache auf¬
515 709 1373 864 bein Blutvergießen loß gehen.
501 812 1436 991 Nach diesem aber habe er den Wermier¬
506 916 1444 1084 sinthar nicht mehr gesehen, und von diesen
500 1010 1340 1153 Sachen auch nichts weiters geredet.
464 1137 1447 1290 V. Ob er damahlen dem Wereier nicht ein¬
579 1221 924 1344 geschlohren.
426 1285 511 1440 d
536 1319 1420 1458 Nein! Seyn ihme auch von demselben.
509 1409 1421 1538 keiner angemuthet worden, Wohl habe.
509 1504 1443 1623 er ihme Versprochen, Niemandem etbas¬
521 1590 937 1728 darüber zu sagen.
538 1672 1463 1839 So nicht auch der Lerber von Thorberg dessen
512 1802 1428 1930 halber mit ihme geredet, und lases ge¬
518 1879 703 1989 Besen?
424 1967 504 2118 B.
531 1959 1424 2100 Schon vergangenen Winter seye einsten
506 2072 1458 2214 der Lerber, welcher ihn sinth langem schon¬
514 2173 1442 2323 wegen der Mahlerey, frequentiere, zu¬
513 2262 1446 2372 ihme gekommen, und habe angefangen ihm
497 2345 1439 2510 ven Haubtman Haudt zu reken, daß¬
508 2429 1455 2605 nämblich er ein sehr kluger und geschuder¬
495 2515 1444 2684 Man seye, der habe Projecten aufgescht,¬
492 2646 1446 2792 Er deponent solle mit ihmen Lerber zu ihmen
483 2728 1443 2882 gehen, und solche lesen; Auch habe der
479 2805 1452 2977 Händkzi viel Aldit an Franzisischen Gesche
497 2883 1451 3088 mit verdeuten, ban er Deponent ihreland
485 2979 1445 3179 über einen Eyd schboren werde, so bale
487 3107 1377 3295 er ihm deßthalber ein Secret eröffen,
1363 3224 1434 3315 1
2524 298 2664 419 413
1674 284 2231 467 Gastier Prulig
1644 427 2634 578 se eponent nun, nicht glaubend, daß diß
1640 527 2610 663 secict da hinauß gehe, sonder in der Mei¬
1613 640 2615 786 gnung gestanden, er sehe vielmehr seinen
1624 741 2585 873 beruft an, habe in dieser Meinung den
1626 827 2597 1006 Eyd der Verschbiegenheit abgelegt, son¬
1614 926 2591 1070 derlich, beilen er derKerber vorhin ge¬
1613 1025 2579 1162 sagthadte, der König in Brambrech bolle
1629 1121 2560 1247 Vielleicht einen geschickten Haffeer be¬
1613 1206 2575 1367 scheiden, der i. Jaris die ofen nach hie¬
1597 1314 2564 1470 esiger Art lehre machen, und dahero ge¬
1613 1406 2569 1534 muthmaßet, daß durch deß Handther
1619 1497 2582 1628 Credit er Deponent hierzu könte Compbio
1616 1586 2541 1709 bekomen. Worauf ihme der Kerber ger¬
1607 1678 2532 1814 sagt, Es seyn von gelaßen Bürgeren
1601 1766 2547 1900 ein Project obhanden, mittest belcheßen
1601 1859 2569 1984 die Alten Familles und gute Geschlechter
1601 1935 2519 2071 so nicht im Stand sind, bieder darein
1602 2030 2564 2190 komen sollen, mit verdeuten, Er de¬
1586 2131 2577 2262 ponent seyn von einem Alten und guten
1595 2215 2553 2343 geschlecht, darüber er dem Kerber ge¬
1597 2306 2572 2433 antwortet: Er seinerseits verlange dar¬
1613 2392 2550 2539 nicht, und seÿe vernugt in seinem Stand¬
1591 2492 2538 2629 Anbey ihme Lerber auch vorgehalten, daß
1606 2573 2536 2716 er sich deßohrts zur Ruhe begeben solle, er
1596 2664 2536 2805 laße sich dergleichen nicht thun gegen Megsprn¬
1596 2767 2584 2882 da dann der Lerber versetzt: Die Bürger ollen
1591 2856 2556 2985 das gewehr ergreiffen, umb Megsr zu be¬
2423 2948 2548 3081 bey
1607 2949 2412 3067 legen, einen Mediator zu erbehlen
2398 3037 2571 3146 Alber
1602 3040 2299 3180 Eobl ohrten Zurich und Kasel
2389 3138 2522 3231 das
