3024 4032
384 415 508 512 22.
720 425 1279 619 Kustes Crramen.
874 587 977 673 Mit
508 616 1435 825 Andolft Reinhart, Aud. Beol.
818 746 1092 896 Verfühet
518 800 1471 983 durch Michghlen heinlicher Freudenren
533 920 1470 1067 Melohlen Großbeibel Willading
539 1012 1492 1161 Brichtschreiber Botchet, und veielen
537 1108 1298 1260 Meyhlen deß Großen Rahts¬
410 1224 745 1358 Declarirt
562 1294 1474 1446 Letzt verbichen, Sontag den 30. Junÿ
538 1412 1478 1552 Als er von ohngefahrt bey seinem Schwa¬
538 1503 1494 1652 ger dem Marihand Wermer zu Morgen
545 1607 1474 1738 geshiesen, und von gar keinem Complot
545 1707 1469 1836 gantz und gar nichts gelaußt, seyen Grod
555 1798 1452 1922 nach dem MorgenEßen, in wührend der
504 1874 1497 2018 Kinderlehr, dohar zu gedeut seinem Schwe¬
541 1978 1491 2109 ger Weriner gekommen H. Lientl. Guter
542 2079 1449 2207 von der Statthacht, He Haubtin: handt
512 2176 1465 2301 samt steinem Bruder dem Lients, hr
528 2260 1455 2400 Marchand Herman Junior, H. Tüch¬
524 2351 1471 2498 Marchand Cheisten, H. Herber Knecht,
517 2444 1449 2593 H. Stittahl Chirurgus Wermier, H Mar¬
524 2543 1471 2680 chund Funter, glaube, noch einer oder
491 2623 1481 2802 Zbey seyen da gelesen, könte sich aber
492 2744 1480 2901 jezt ohnmöglich anselbige erieren .
490 2833 1464 3024 Er Inquirt seyn zleuschen dem Morgen¬
480 2931 1501 3121 Eßen und der Kinder Lehr Außgegangen
497 3041 1488 3236 in Bahrend der Kinderhehe aber, alß er
488 3127 1477 3324 wieder nach Hauß zu seinem Schwager
471 3220 1471 3433 gekomen, und sich über diese Johl
483 3321 1498 3577 reiche Gesellschaft (: deren Endzloehe
1528 684 1593 789 11
2557 322 2687 445 223.
1779 360 2072 474 1d Cx
1637 409 2310 617 Ausolß Reinhart
1602 556 2680 775 in geringsten nicht vermuhtet:) Verbundert
1599 684 2615 885 habe stein Schlager grad anfänglich ihme
1611 786 2640 957 verdeutet, Er müße nun, weilen er sich
1603 877 2589 1075 jestela befinde, einen Eydt schlören
1607 989 2632 1177 daß nämlich er von allen denen Sachen,
1616 1082 2660 1245 stie ihme entweben werden, ein völliges
1613 1192 2610 1380 Stillschweigen halten, und sie in ihren
1613 1291 2639 1447 prosecten nicht verrihten solle; hierauf
1609 1389 2649 1567 seye ihme von Haubtmann händz gedachter
1622 1473 2668 1669 Eyd intimirt worden, welchen er ihme Auch
1621 1578 2655 1749 abgelegt; Darnach habe er dieser Ver¬
1623 1676 2634 1825 samlung von 2. biß ohngefähr um 4.
1633 1768 2672 1931 Uhe beygebohnet, bährend belcher Zeit er¬
1625 1865 2659 2027 dann gehöret, daß diese Bürger sich¬
1619 1970 2659 2137 Eydlich mit einander verbunden, Einan
2573 2043 2621 2149 1
1632 2063 2582 2201 der in ihrem vorhaben Äußerst Auf
1619 2151 2677 2296 Leib und Leben zu unterstühen, Nachbärts
1602 2254 2674 2412 habe ein Jeder seine Beschbarden, deren
1641 2335 2660 2516 er sich meistens geteubet befunden, er¬
1622 2434 2645 2586 zehlet, und Jbahr haubtsächlich habend sie
1630 2530 2620 2681 sich beklagt, daß sie gehöret, daß ein
1635 2632 2623 2785 Junger Herr Auß ohnvorsichtigbeit An
1648 2731 2616 2867 einem öffentlichen Ohrtn gesprochen:
1625 2809 2655 2968 Maÿhlen wollens eine Statt Garde ctab
1635 2925 2689 3066 liren, untlest deren man die Gemei¬
1647 2994 2700 3171 ven Burger - in Ansehen der Bürgers¬
1634 3119 2643 3296 Bestahung schon werde im respect be¬
1636 3185 2689 3376 halten s. E. So habe er auch gehört, daß
1649 3297 2703 3482 sie gestagt: Sie haben 8. Mord. Klöpff
