3024 4032
238 392 273 475 1.
360 365 457 481 80
532 313 1330 514 Zieutenant Gueter
473 488 1415 672 diesen gegebenen Antworten verharret, und
497 597 1463 752 nicht ein mehrers gestehen wollen, Burde er auf
488 697 1442 871 den Holterbaut geführt, und gebunden; da
475 790 1451 988 Man dan folgende fragen, unter träfftiger V¬
485 922 1422 1066 mahnung zur Wahrheit, an ihne gedemkt¬
363 1033 1421 1237 2. Ob nicht ein Olan errichtet worden, umb ihr
483 1142 1442 1308 Bottlostes Vorhaben auf den 13. diß außzu¬
1126 1234 1248 1341 8
486 1246 1139 1423 Juhrend, vnd beselliger seye
368 1387 1427 1569 R. Seye darüber bein Clan gemacht borden.
487 1530 1445 1689 Ob Sie sich zu außführung der Sach nicht eine
380 1562 486 1739 2
464 1643 1448 1784 Platz in etwa einem Hauß außerlesten, umd
455 1737 1129 1877 sich darten zu versammlen
354 1869 1427 2034 R. Rein. Wohl steye von ihme und Gabriel
435 1966 1452 2094 fueter geredt worden; Wann Man bey Schiff
453 2050 1447 2200 leuthen zu Nacht stieste, könte man die Gebeh
447 2154 1451 2308 bey dem Ruchtenschund Eren nemen; Bezeuge
441 2269 1442 2415 Aber, daß der Egen so behing als der Schifflen
433 2346 1388 2524 then Wihrt Scherrer davon nichts gebußt.
315 2509 1417 2673 IOb dann dem schisfleuthen bihrt von diesen
423 2643 1113 2787 Sachen nichts bekandt seyn?
281 2765 1429 2945 E Erbäiße, daß man zu erhaltung der Burg
416 2883 1434 3036 lichen Breyheiten das gebehr ergreiffen boll
406 2976 1422 3131 Worzu er ihme Inquisiten, als er ihme dahe
404 3104 1355 3283 grredet, das geheimnuß versprochen.
267 3280 1438 3458 2Oberdein Miheli sein Groject nicht ent¬
1323 3407 1443 3538 cbch
2667 157 2762 290 81.
1670 239 2532 448 Lieutenant Buetter
1574 407 2749 637 Entdebet, und ob stelbiger ihme den Eyd nicht
1592 570 1988 741 geschworen
1574 678 2741 883 Nein. Er betheure, daß er anders nichts
1508 738 1559 950 G
1601 779 2762 981 mit ihme dason gereilet, Alß bas er Albereits
1593 861 2597 1066 deßthalber bekenet und außgestagt.
1485 1011 2728 1293 Ih. Ob er dann auch nicht büße, daß jemand
1607 1172 2693 1333 anders mit dem Micheli diß ohrts geredet,
1590 1276 2759 1452 und stelbigem Bebußtes prozect großfenbahret?
1599 1370 2697 1594 Rein. Er lüße nicht, daß jemand mit
1497 1502 1565 1612 R
1610 1552 2183 1690 ihme davon gereilet.
1494 1601 1597 1701 Eus
1506 1645 2721 1861 E Worzu die Beschwornen Eyden, einen jeden
1597 1799 2760 1960 der in den Complot getretten, oder deme sie
1568 1892 2662 2059 von denen Sachen geredet, verbunden?
1610 2051 2752 2211 Er habe schon in seinen hievorigen Examiribu
1479 2027 1605 2224 E
1609 2160 2664 2298 bekenet, Was diese Eyden ingehalten,
1581 2262 2773 2424 wiße darüber nichts mehrers, Er wolle darauf
1589 2347 2739 2534 leben und sterben, es möge ihm gehen, wie
1599 2442 1875 2606 as wolle.
1511 2527 2708 2753 E Ob, und bas für Correspondentzen, in und
1589 2716 2648 2868 Äußert Landt, mit bein und in Bas
1600 2805 2118 2972 abstehen, er gehabt
1506 2918 2770 3131 von keinen andern Correspondenzen biße er¬
1593 3051 2723 3235 Als daß Gabrieb Gueter nach S Etiene
1592 3166 2732 3337 umb Sach Pistolet gescheiben, und daß
1582 3261 2740 3445 der Lumbelet ihme, Obbohlen nur Mund¬
2554 3395 2745 3574 l
