3024 4032
359 219 491 310 358.
347 337 525 492 Artl:
673 220 1348 411 Meister Banting.
566 349 1435 574 Er habe ihmen das darumb gesagt,
566 455 1427 639 beilen er gesehen, daß mann offt err¬
551 540 1441 764 Megshr behalliget, und ihme gen
534 642 1426 837 graufet ab dem, bas A 1744. vor¬
548 749 1456 952 "gegangen, derobigen er sich gar¬
555 859 1410 1020 nicht einlaßen wollen. Und der
562 967 1444 1144 Er ihme Hueter alleZeit protestirt,
557 1066 1440 1215 er wolle mit solchen Händlen nichts
545 1155 1444 1316 zu thun haben, und daß er in seinem
538 1257 1449 1398 Zustand wohl zu frieden seyn, habe
554 1372 1441 1512 selbiger ihme endtlich gesagt: Er
557 1477 1446 1592 möge dißmahlen machen bas er
551 1562 1425 1692 wolle, Er seyn doch auf der Liste,
549 1643 1385 1771 Also daß der Deponent bieder¬
542 1746 1449 1869 seinen Willen darauf gekomen.
671 1837 1437 1972 Diß seÿe sein Vollkommener¬
557 1942 1419 2066 und gelißenhaffter Bericht über¬
545 2024 1423 2157 alle dieße Sachen, Behänge, daß
544 2135 1422 2257 wan er geglaubt und vermuthet
547 2231 1434 2372 hätte, daß dieße Sachen von einiher
539 2321 1431 2452 Consequenz waren, Er solches der
535 2405 1436 2549 Oberbeit ohnfehlbarlich bürde anger¬
535 2530 929 2632 "zeiget haben.
632 2590 1423 2731 Bitte derohalben umb Verzecheng
663 2694 1400 2829 Abgelesen und bestähtiget
536 2792 1408 2934 Actum auf dem Rahthauß der
577 2915 1115 3052 23te July. 1749.
1534 353 1633 465 18.
2505 281 2643 388 359.
1669 314 2493 497 fmanuel Bausard. der
1868 433 2127 580 Forftner.
1632 525 2559 670 Declarirte: Damial Hueter der¬
1637 631 2513 758 Marchand seyn der erste gewesen,
1637 725 2577 861 welcher schon vor dem Ostermordet zu
1628 833 2542 948 ihme gekommen und eröffnet, es¬
1626 930 2587 1046 seyn eine Anzahl. Bürger, die Begen
1628 1021 2568 1151 ihren Freyheiten eine Supplication,
1622 1115 2484 1244 so man ihme Deponenten zeigen
1625 1220 2587 1344 Wollen zumachen gesinnet. Er habe
1622 1313 2571 1444 erwiederet: Er habe nichts zu klagen,
1617 1400 2559 1533 und bar Sie damit Wollen. Darauf
1775 1490 1814 1547 e
1623 1502 2567 1632 der Zunter geantbortet: Dießere
1610 1605 2528 1744 Supplication werde mit all möglichster
1606 1698 2556 1832 Bescheidenheit verfaßet berden; darauf¬
1619 1802 2545 1932 hir er Bieder fortgegangen, darbey er
1620 1886 2532 2052 ihme die Hand gerecht und gebätten,
1611 1980 2509 2107 Niemandem etbas davon zu sagen;
1634 2062 2555 2191 Noch damahlen habe Er ihme auch pro¬
1607 2162 2547 2285 ponert, mit dem Statt Schloßer Malther
1601 2247 2552 2371 zurecken, welches er aber nicht gethan.
1603 2412 2495 2551 Es belche Zeit hernach seye auch der¬
1610 2515 2551 2635 Licutl. Hueter zu ihme gekommen, und
1584 2603 2551 2724 habe ihne gefragt: Ob Er mit dem Statt,
1592 2687 2524 2803 Schloser Wolther gereket? Wie er
1604 2785 2569 2912 hme aber mit Nein geantbortet, habe¬
1597 2892 2569 3018 der Lietl. Pueter bald darauf Abscheid¬
1585 2958 1871 3090 genommen.
1594 3074 2524 3212 Ohngefahrd drey Wochen hernach seyn
2442 3194 2499 3288 E.
