3024 4032
364 501 508 610 432.
380 587 515 747 29.
329 778 561 899 Declauuti
545 518 1390 743 Johan Camuel Musculus,
680 658 1069 806 Studiosus.
632 771 1452 964 Sie traurig, und schmächlichste Ar¬
531 867 1456 1044 beit, die ihme jehmahls aufgelegt berden
528 968 1445 1141 könte, seyn eine Verantwortung bie¬
527 1077 1453 1240 der die Anklagen eines Rebellen,
527 1178 1431 1321 so ihne Deponent zu seinem Verbündeten
536 1280 1433 1412 Anlerben wolte, und nun zu seinem
533 1362 1454 1509 unglüicbseeligen Mitschuldigen angeben¬
580 1465 1455 1611 Allein die Redtung seiner Ehre berde¬
524 1559 1451 1706 seine Unschuld seÿn, die er in folgender¬
529 1666 1451 1812 aufsichtigen und wahrhafften Erzehlung
537 1748 1404 1896 ihmer Handlungen mit den Rebellen¬
534 1861 1026 1982 erbeisten wolle so.
551 1950 1454 2103 Es bare der Erste Peulsmonath, als der
525 2046 1445 2175 zinstag vor dem Außbruch, da ihne der
509 2127 1434 2276 Student Reinharde vor H. Buchführer
533 2231 1442 2350 Baudard Laden in seinen Geschäfften
516 2292 1443 2458 anhielte und sagte: Er habe ihme Pepor¬
514 2422 1426 2546 nent eine höchstleichtige Sache zu sagen,
500 2500 1439 2642 Als er ihme aber nach zloeymahligem
513 2605 1427 2755 Ersuchen, in der Lauben und in dem
503 2656 1441 2842 Kirchgaßli, nichts sagen bolte, so
504 2755 1440 2944 bolte Er Deponent ihne verlaßen, und
490 2867 1425 3025 seinen vergehabten Besuch bey H.
492 2952 1431 3131 Pfarrer Sigfried machen; alaer
481 3007 1422 3224 Reinhardt ihne aber nochmahls besugtli
463 3132 1442 3325 dlaß ihrer an diester Sach sehr viel gelos
488 3208 1425 3421 und er ihme selbe in geheimb sagen nih
472 3315 1421 3506 Antbortete er Deponent: Er hab ud
1276 3417 1408 3528 1
2535 579 2673 679 434.
1697 576 2512 774 Mlusculus, Studiosus.
1668 726 2632 870 solche geheime Sachin, die man ihme nicht
1661 828 2622 974 offentlich sagen dörffe; So betheureten
1654 930 2595 1070 er ihme Bey seinem Glück und Wohlseyn
1657 1010 2597 1161 diese Sache zu bißen, und nur mit
1645 1118 2597 1271 ihme auf din Kirchhoft zugehen. Eine¬
1647 1216 2601 1355 glückliche Anbeistung für ihne Depo¬
1644 1296 2578 1449 nent zu vernemnen, folgete Er dem
1616 1394 2585 1564 Reihordt zu Sein Deponenten Unglech
1636 1503 2593 1636 nach. Da fan ohne Umbstand, der An¬
1629 1600 2560 1743 pfang seines Biscourses dieser Bare¬
1680 1693 2523 1826 bist du auch ein Ehrlicher Man, und
1627 1778 2526 1936 liebest deine Mitbürger. Nach seiner
1625 1883 2536 2008 Besahung führe er fort zu sagen: Die
1622 1959 2553 2076 Ehrlichsten und Brätesten Bürger haben
1613 2054 2551 2180 sic unit Eranter Verbunden, ihon alten
1620 2134 2467 2257 Freyheiten Bieder zu Erhalten, sein
1620 2209 2556 2336 bruner seyn Einer Von den Brätsten und
1607 2305 2480 2472 Er müße auch von der Parthey seÿn¬
1640 2437 2502 2568 Er sahn ihne Keinhardt damahls mit
1609 2506 2543 2618 dem Schaum vor dem Mund und in den
1611 2586 2543 2727 läutendesten begierden, die er mit imer
1606 2670 2568 2818 Vermengten Bluchen großenbahret, daher
1613 2766 2551 2899 glaubete er ihne aller Vorstellungen aus
1607 2856 2558 3007 der Religion und Vternunffs unfähig,
1605 2950 2575 3109 und bemührte sich allein mit Betrachtungen
1598 3052 2587 3187 von seiner eigenen großen Gefahr, wegen
1596 3140 2549 3285 seinem höchst ohnversichtigen und ungestä¬
1592 3231 2568 3367 einen Anlerben, und begen den Exemp
1596 3327 2464 3487 len der imer unter sich enEinigen¬
2255 3412 2566 3558 Burgerschafft
