3024 4032
441 280 573 420 278.
811 389 1246 523 Confrontation
924 476 1153 622 Flaischen
626 617 1505 848 Schloßer Meyer und Licutl. Bueter¬
557 759 1517 1038 Der Möger hingegen Beharrete auf der¬
608 909 1518 1134 Negatio mit Begehren, gegen den Küester
605 1038 1315 1189 Roder Confrontirt zu werden.
784 1317 1246 1498 CInfrontation
940 1450 1163 1564 Zluschen
610 1510 1485 1679 Schloßer Meyer, Lieutl. Gueter und
716 1615 1181 1756 Rucfter Roder.
542 1762 1496 1947 Da den Kuester Roder Bekennte, den
575 1912 1492 2042 Lieut. Gueter obiger gesagt zu haben, be¬
561 2012 1509 2137 gkennete aber zu gleich, es seye nicht wahr ger
566 2113 1491 2250 wesen, indeme er dem Meyer von dießen¬
566 2209 1041 2313 Sachen nichts geredt.
533 2379 1475 2527 Lieutl. Beiter sagte: Ja es seyn bahr, daß¬
544 2499 1482 2627 Er dem Meyer gesagt, Er wolle ihme einen¬
525 2586 1479 2740 Mordklapst geben, lat ihme aber der Megee¬
522 2697 1440 2841 geantwortet, deßen könne er sich gar nicht¬
536 2828 963 2927 mehr erriniren.
499 2851 1469 3020 Denne sagte er legen denen Zeichen an den Pfeilen
509 2969 1471 3126 die Versamblungen anzuzeigen, haben solche an den¬
493 3068 1454 3250 Pfeileren deß Großen Korn Hauses gemacht¬
507 3170 1452 3353 werden sollen, seyn derselben aber noch beiner ge¬
483 3329 838 3478 emacht worden.
617 3376 1223 3546 Abgelesen und bestätiget.
639 3463 1310 3617 Actum. 15.t Juli. 1749.
1596 1486 1668 1613 .
1620 931 1698 1098 9.
1905 422 2222 583 Framen
1978 496 2104 616 Mit
1732 563 2645 801 Hon Johann Richolft Stech dem
1903 706 2160 819 Einzieher.
1731 860 2690 1040 Sirde ernstbörtige rommeret, in Auf¬
1721 992 2663 1143 richtigkeit zu declariren, as ihme von begen
1703 1089 2618 1214 belußten Sachen in Müßen, und bie er¬
1681 1190 2564 1326 zugegangen, daß Er sich auch harein in
1701 1285 2630 1418 mehr oder minderem Implicieren laßen.
1686 1415 2595 1608 Hierauf bezingete H. Steck, daß alles
1680 1574 2634 1680 was Ihne deßohrts berühren könne, darinen
1682 1661 2567 1796 bestehe. Mitbochend. d. 2tenliß
1664 1757 2606 1897 seyn er zum Kupster im Sulgenbach gebe¬
1674 1850 2604 1982 sen, welchen Er öffers besucht, auf sein¬
1670 1936 2530 2087 Wiederheym kommen habe der Spittahl.
1667 2037 2612 2180 Ehyrurgus Mermier Ihne nach dem Nacht¬
1662 2139 2604 2270 Eßen, als Sie noch einlanig außgegangen
1649 2226 2618 2364 bey dem Hirthen Graben gefragt, Ob Ihme
1648 2301 2598 2489 der Küpster nichts gesagt; Dieste Frag¬
1649 2432 2607 2557 auch etwelche mahl wiederhohlet, dahin, Ob¬
1642 2528 2601 2692 Er ihme nicht etwan von einem Karmen, so
1654 2613 2550 2772 entstehen konde, geredet; Endlich dan sich
1631 2723 2589 2881 Geraus gelaßen: Es seyen gebuße Zurger¬
1633 2793 2601 2967 belche ein Prioject zu errichten verhabens,
1646 2915 2507 3073 umb die alten Bürgerlichen Freyheiten
1637 2988 2605 3172 Bieder zu erhalten; Als Er darüber ge¬
1627 3112 2513 3274 Antbortet, kein, der Küpfer habe ihme
1642 3210 2622 3411 nicht daren geredt, zugleich aber auch gefragt:
1620 3298 2582 3491 Ob Sie etban ein Memorial machen wollen,
2425 3466 2531 3553 und
2620 351 2758 495 279.
