3024 4032
318 442 458 533 229
835 411 1104 495 1t6 Ex.
644 455 1288 634 Rudolsf Reinhart
509 641 1447 802 parat, mit welchen sie das Signar
503 726 1414 877 geben können, wau der oder andere
508 837 1464 991 angegriffen oder verrahten burdee
596 932 1481 1101 Nach habe er gehört, daß der Zusahmen
511 1034 1475 1207 Verschloorenen 60. oder 70. steyen; die
509 1136 1484 1266 eint und Anderen habind Liste daton
498 1220 1456 1389 gehabt; die Jennge von denen er in
509 1310 1455 1478 specie reden gehöret, und belche Abge¬
523 1419 1300 1554 lesten worden, seyen folgende;
524 1510 1480 1646 3. oder 4. Gueter; Herber Kuhn, Rohl¬
511 1604 1453 1752 gießer Mäußli; Kupfferdchund Juh
522 1701 1492 1846 Chorbeibel Scheurer, und deßen Brnder¬
512 1793 1474 1933 H. Marchand Luz: Schloßer Valther:
509 1893 1474 2017 4. oder 5. Mezger, deren Geschlecht aber
519 2001 1454 2122 nicht benamstet worden; 3. oder 4.
495 2074 1431 2194 Küeffer, unter welchen der Meister
507 2182 1482 2333 Rohe genamset; buchtruber hortin;
518 2276 1424 2424 wey oder 4. Kupfer, unter welchen
512 2369 1488 2511 einer im Sulgenbach; Hr Ochts auch im
493 2485 1448 2620 Sulgenbach; Steb, wüße nicht welcher¬
490 2552 1499 2714 2. Hrn Ougstürger von Muri; 2. oder 3.
486 2634 1507 2823 Schmiden; Auch steye von Gbreyen Tish¬
492 2732 1503 2940 macheren geredet worden, so aber auch
489 2838 1487 3015 nicht beym geschlecht vermeldet; Item
488 2923 1474 3138 Hr Paul Braaff: Hr Jaque Siner; W.
468 3027 1497 3223 Herren Vyttenbach; 2. Pfister Sondel
465 3116 1510 3328 V. Keller; 2. Rüber; da habe er aich
463 3212 1474 3437 Obsenvirt, daß diese Liste Also einge¬
482 3277 1495 3569 richtet, Er hiße. Purter dadts
2518 284 2654 417 225.
1805 342 2077 443 1te Ec:
1689 405 2326 597 Ausolf Krinsart
1527 531 2690 813 dder etwas anderen Geltsortes, damit, bau
2392 641 2682 758 Man nichts
1616 664 2393 848 em Liste solte verlahren gehen,
1605 749 2682 965 dergleichen, sondern vielmehr etwas Rech¬
1609 848 2657 1046 nungs darauß schließen könte, Allein der
1608 946 2436 1167 Mumerus der seye alleZeit jurt.
1610 1058 2628 1244 festeye auß der Versämlung gegangen,
1620 1171 2663 1333 Alldieteil sie noch alle bey einander Ge¬
1608 1254 2676 1449 besten, und seinth dieser Versamlung habe
1621 1366 2682 1523 er beiters deßhalben nichts erfahren, alß
1618 1471 2686 1641 daß der Roht Gerber Kuhn am Mitbochen
1623 1557 2659 1759 ehme gesagt, Als er ihne von ohngeführd
1637 1643 2689 1836 Auf seinem heimbey angetroffen, Es steye
1635 1761 2637 1917 dinstags bey herr Ochs eine Große Ver¬
1638 1834 2652 2026 Namlung gehalten worden: Er Kuhn
1642 1963 2690 2126 habe ihme auch gesagt, ihre Sachen seyen nun
1642 2023 2677 2224 bald richtig maßen sie auch etwelche Offe
1656 2133 2672 2286 uers von der Stattwacht auf ihre seithen
1641 2227 2639 2401 gebracht: Er für seine Persohn aber¬
1647 2309 2661 2487 steyn seinth dem Sontag sonsten bey Nie
1668 2420 2671 2582 mand von ihnen gewesen, Auch von Nie¬
1669 2534 2632 2683 mand Jegend wohin bescheiden borden;
1660 2598 2607 2791 Seye auch stemnth dem Sontag biß zum
1669 2715 2599 2858 Mitbochen nicht in der Stattgewesen
1670 2789 2656 2966 Allwan auf seinem rnkleg, er, wie
1676 2906 2713 3047 Obgedacht den Kerber Kuhn angetrof¬
1673 3022 2738 3176 fen; Im übrigen dann habind sie auch
1675 3099 2728 3264 noch gesagt, daß in den 4. Land Geichten
1683 3208 2734 3350 sie von denen Land Leuthen sich allen¬
1670 3312 2566 3468 fahls hilffe zu versprechen haben;
