3024 4032
362 471 473 554 166.
652 497 1369 661 Draut Herrman
502 677 1455 853 auch dahin gehen wolle, und da er seinen
506 783 1451 955 Schlager byß nicht bey hause angetroßen,
518 885 1474 1040 habe er gedacht, er mochte ihne viellichti
518 977 1458 1133 deß Marchand Werier hauß finden, seye
531 1081 1462 1241 also unglickhaftiger Beiste auch dahin ge¬
521 1174 1469 1328 gangen, Goselbst man geschmahlt, und ihme
519 1273 1480 1412 von den 30. thlen uß geredet, so er habe be¬
524 1372 1468 1517 zahlen müßen, heenach steye auf einmahl
525 1483 1479 1626 proponirt worden, mann wolle minnchi
521 1552 1463 1721 den Eyd schwohren, so wohl zum Stillschweigen
526 1666 1468 1795 als sich an demjenigen zu rachen, der et¬
526 1752 1472 1904 bad auteben werde; welchen er Inquisis
525 1832 1486 1980 neben und mit übrigen Angestanden prodtir
517 1945 1482 2074 deraufhin der Haubtmann händti von seinen
513 2046 1479 2215 Schrften producirt, auß denenstelbegen geleten
514 2147 1462 2281 und habe mann gesagt, man wolle noch
518 2220 1473 2349 mehr zusamen komen; Seint hero habe er
511 2314 1463 2445 mit keinem Mentschen, von diesen Sachen
506 2407 1480 2549 aerdet, die Sachpiotolete, so auf den 1s
504 2491 1483 2647 gelegen, und die übrigen anbestenden f
498 2616 1443 2779 oden Eyd geschwohren, haben ihne bwrogen
495 2692 1399 2855 denselben auch zuschwöhren, Gorfür
504 2799 924 2954 ihme Keyd seyn.
464 2936 1484 3092 Sie haben gesucht, einen Jeden nach sind
460 3040 1474 3189 Stand und Umständen mit allerhand Vor¬
472 3154 1444 3300 stellungen einzuführen, doch dabey
477 3232 1468 3401 gesagt, es solle kein Rlut vergoßen bi
464 3303 1479 3494 zu der Caeuction deß Projects habe der
1525 1030 1607 1177 9
2619 142 2787 290 107.
1890 314 2711 571 Bans Brsllan
1618 425 2787 814 geeret serti i
1623 577 2774 915 en sen erst
1615 702 2735 1015 so in dieser Verfandung producirt worden.
1595 815 2783 1131 Ob ihme etwas von ihrem Vorhaben anschend
1602 927 2786 1260 die Abänderung des Regiments und außfüh¬
1604 1114 2556 1357 rung deß projects bekaut gewesen.
1620 1257 2716 1503 Nein. Er köne es bey seinem gelaußen
1607 1467 1897 1605 bezeugen.
1600 1539 2756 1760 Ob er nicht auch eine Liste bey seinem Schwa¬
1598 1665 2605 1837 ger, dem Pfister byß gestehen habe?
1620 1846 2772 1992 Mein er habe keine bey ihme gestehen, wohl
1595 1943 2724 2104 Büße er, daß sein Schwager böß etwelche
1600 2059 2501 2193 von diesem vorhaben abgemahnt.
1642 2209 2604 2337 Er bitte um ein gnadige Urtheil,
1614 2262 2729 2444 Bode solches durch aufrichtige Treug und
1578 2375 2716 2536 hochAchtung gegen seine hoche Oberbeit
1600 2483 2741 2655 Lebenslang Erkennen, Bereulde von
1596 2578 2776 2785 Herten, daß er in diesen fehler gefallen.
1588 2672 2417 2853 Actum den 8t Gutij 1749.
