3024 4032
408 500 526 599 154.
643 504 1346 679 Musculus, Studiosus.
574 610 1476 816 Bürgerschafft, und der daher allemahl¬
574 719 1491 910 von ihnen selbst entleibten Verbindung
574 816 1474 991 Und endlich führete er ihme die Worke¬
574 916 1479 1074 deß Licrus an: Vanam Sine Viribus¬
560 1006 1488 1172 Tram esse, und bate ihn entlieder sich in¬
570 1110 1480 1261 Ruhe und aus seiner Parthey zu setzen,
578 1203 1454 1383 oder doch durch ferneres Werbinsich¬
569 1309 1457 1456 nicht in die groste Gefahr zu stürthen,
566 1404 1478 1562 Er verfluchte aber, daß diß mahl die
577 1498 1465 1663 Bürger alle einig seyen, und sich mit ein¬
548 1624 1463 1753 ander Verschloren hätten, und alle be¬¬
519 1701 1485 1860 Ibaßfnet seyen, für ihre Verräther inder¬
565 1807 1461 1936 zuschießen, und hernach ihrem Begehein
557 1901 1468 2040 destomehr Krafft zu geben; Sie seyen¬
575 1994 1460 2133 auch alle Angeebliche fertig zum Auf¬
539 2090 1476 2232 bruch, ban sie Jemand verrathen oder
558 2180 1478 2328 angreiffen solte pu. Wie Beig kaumen
530 2286 1475 2423 hiemit auf die Außagen seiner Dampls¬
542 2365 1466 2497 geführten Reden zehlen, indem er en
545 2472 1456 2614 einer solch leutenden Verbierung ihme¬
544 2566 1456 2709 diese Verschliörung unter den Burren
541 2639 1465 2789 as allgemein vorgestellt? Da Bott¬
519 2723 1443 2904 Lob. Viele, selbst von ihrer Farthey,
529 2816 1461 2996 seiner Außagen nach, für die Bräteste
527 2904 1452 3093 beschrieben, Bürger, nicht verbültet
535 3003 1428 3181 baren; Wie er aber, bin er glaube,
518 3094 1457 3277 seinen Gbeis zu erhalten seinen Beude
515 3157 1462 3370 ihm so dieß verlicblet, Gott lot. Palf
520 3265 1453 3472 vorgestelt, so hat er bernngsters ant lihe
493 3370 1452 3593 prechen Unbahrheiten in sr beit auschee
2584 580 2702 678 l..
1715 587 2452 761 Musculus, Studiosus.
1672 720 2587 883 geburbet, daß die sorgfältige Liebe für¬
1666 826 2637 972 seinn Bruder ihne antriebe, diesten Bürger
1655 928 2602 1059 Project näher zu kennen, für, nach be¬
1653 1026 2616 1165 schaffenheit der Gefahr und Bescheid daß
1663 1124 2613 1265 Verhabens, Ihne durch seinen Vatter, oder
1649 1227 2587 1354 selbsten abzumahnen. Als er ihme daher
1655 1309 2583 1427 geantbortet, daß er diese Sach zu loeit
1653 1407 2600 1568 außehens und gefährlich ansehe, auch nicht
1642 1517 2593 1632 genugsame Erkantnuß davon habe, fer¬
1640 1591 2588 1728 eine Parthey zu ergreiffen, Verauf er¬
1643 1684 2581 1813 ihne Deponent also redens bey dem Rocken
1631 1774 2583 1914 Knopf genomen, und recht zereng sich gegen
1649 1858 2568 2004 ihme gekehrt, sagend: Er seyn damit nicht
1630 1964 2539 2090 richtig, er habe nun schon das gantze Vor¬
1634 2069 2544 2167 " haben überhaubt vernommen, bau er
1643 2147 2552 2265 nicht mit machen wolle, so müße er bing¬
1624 2230 2580 2364 stins den Eyd der Verschlorgenheit leisten
1626 2318 2550 2461 sonst er sich höchst verdächtig als den Ver¬
1626 2412 2511 2530 räther machen wurde, dan ler nicht¬
1631 2497 2559 2644 Freund seye, der seyn Seins, und er bären
1629 2596 2546 2710 seines Lebens nicht mehr sicher Als er¬
1634 2659 2566 2819 mit diesem die Kirchhoßfe Pforte gegen der
1608 2763 2557 2898 Juncker Gaß hart auf sie sahe; So bethun,
1621 2851 2561 2984 rete er ihme theils aus Schreiben, und Ver¬
1620 2946 2570 3088 "lirrung wegen der eingezogenen so ge¬
1613 3031 2567 3163 fährlichken Nachricht, theils aus Forcht, von
1595 3120 2537 3257 Inmand gehört worden zu seyn, daß er¬
1624 3218 2571 3346 von demselben Teidt an nichts mehr aufihren
1625 3311 2585 3455 achten werde, was er ihme sage, welches er¬
1625 3405 2527 3546 auch gethan; Ihme aber in seiner Muth zu
2421 3516 2510 3629 E.
