3024 4032
253 315 392 428 74
2587 348 2714 450 25.
506 354 1285 518 Leutenant Quotek.
1739 389 2483 576 Lieutenant Bueter.
357 515 1443 666 David Wurstenberger, gestehe ee, selbigen
1510 554 2724 719 Wer derjenige Bürgersteye, von welchem er dem
412 624 1467 768 deßen Hauß angeborben zu haben, und daß¬
1544 649 2727 799 Noch gesagt, Er werde denen dauren die bahren
429 735 1470 885 ihme hierbey das pistolet geliesen, mit Verdin
1599 753 2683 876 Kisten auf der Gesellschafft verzeigen, darinen
412 808 1466 979 ban einer ein Verrächter Bure, Buece man ih¬
1621 830 2335 976 Dinleißgelter sich besunden?
417 916 1451 1043 den Gar außmachen, Aber er habe nieman
423 999 1452 1152 das pictolet auß die Brust gehalten, umb sie
1493 975 2732 1214 R. Ver Gerber Kuhm seye es gebesten, Welcher ihne
418 1117 975 1247 zum Eyd zu zwingen
1622 1137 2729 1267 selbsten gesagt, Er habe die Aiste von denjenigen
564 1197 1476 1363 Mit Kupfterschuid Illh habe er auch¬
1615 1229 2686 1354 Especes, so in die Muntz getragen worden.
434 1311 1467 1461 einsten geredet, so ihme geantwortet: Er berde
424 1415 1478 1560 thun, wie ein Eydgenoß, habe ihme Aber kein
1539 1361 2741 1564 Ober bohl versichern dießen daß der March¬
428 1516 1296 1648 gelubt Gethan, oder geschwohren.
1628 1509 2672 1657 thaler das wort Krißlen gebraucht?
602 1611 1475 1753 Die beyden Hh Ougstürger seyen geb¬
440 1708 1480 1876 lich von Niemandem angeborben, sonder auf
1509 1713 2702 1887 R. Ja, das seye gebuß wahr, Er habe das Wort
1632 1814 2700 1945 aber im lachen geredt, und seye darüberhin
425 1791 1470 1982 Verschuß von Haubtman Haudt auß die liseg
1624 1910 2296 2061 Alsobald davon gegangen.
420 1901 1484 2041 sehet borden; die verschiedenheit der listes son
418 1985 1483 2164 dahar. Daß man auch diejenigen darauff¬
1635 2075 2719 2227 Ob ersoasten mit noch mit mehreren leuthen
1530 2073 1628 2224 2
433 2104 1476 2286 lehet, so mann im Project gehabt mit ihm
1608 2196 2804 2354 auß der Statt Wacht von deßentbegen geredek
415 2249 715 2394 zu reclen.
1520 2388 2791 2547 Rkein. Außert dem Bloch und Marchthaler, habe
264 2398 1480 2623 E Wat die E. bedeutet, belche bey eint und¬
1623 2478 2674 2656 ee auß der Stattbacht mit keinem einzigen
420 2516 1485 2704 von auf der liste verzeichnet sich befinden.
1620 2585 2103 2738 Mentschen geredet.
290 2721 1490 2965 E. der haubtman Handt, habe dardurch, ba¬
1533 2730 2795 2925 WWerumb er in der Nacht storseine Verddedtig
399 2841 1482 3083 Glaube, die Gebuß angeborbenen von der
1644 2923 2801 3071 tung die Konde schon umb 10 Uhr gemacht
1622 3011 1762 3099 habe.
386 2947 1322 3194 ohngebußen Unterscheiden bollen.
1621 3107 2701 3306 Er habe offters im Brauch gehabt, die Konde
234 3099 1613 3433 B ent behen, daeß genabet weln, as gelh
1614 3218 2756 3380 schon umb diese Zeit zu verrichten, habe selbige
1617 3327 2470 3491 bald Hauch, bald spaht gemacht.
387 3368 1141 3559 leten sollen sorg haben
356 3419 1326 3721 Müße in Berhshait nicht daser
1510 1564 1556 1655 5
