3024 4032
321 234 473 345 348.
408 583 522 750 gi
455 1083 532 1243 2
693 256 1306 455 zuliytio Caamen.
555 398 1434 603 Mit Daniel Sueter, Marcad.
543 583 1435 799 Ob Er langene dörffe, daß er nicht mit¬
545 710 1444 899 doch Mehreren Leuthen von diesen Sachen¬
533 810 1443 989 geredet, als diejenigen, so er in seinem
530 895 1238 1081 vorigen Examine benamstet:
544 1086 1439 1249 Mit dem Marchand Christen, mit belhen
527 1209 1444 1352 Er Handeschaffts begen gerecdet, dießer¬
530 1299 1433 1430 habe ihme gesagt, die Herren habens ihme
534 1394 1451 1546 diejenigen Schrifften geheischen, so er unter
531 1498 1448 1636 seines Patters sel. Schrifften Berde gere
524 1600 1443 1727 funden haben, Er Bueter habe ihne aber¬
543 1696 1405 1815 nichts darauf geantwortet, auch nichts¬
528 1794 1404 1906 Weiters darüber mit Einander geredet:
535 1886 1440 2018 Herners habe ihne einsten der Pätther Rug¬
530 1970 1424 2130 sacht im Vorbeygehen angeredet und ge¬
518 2076 1415 2227 fragt: Ober auch in der Versamklung¬
530 2174 1417 2293 gewesen? Darauf er ihme mit Neinge¬
520 2257 1421 2387 Antbortet, welches auch alles seyn, so
520 2350 1315 2481 die daß ohrts mit einander gerecket.
512 2426 1410 2587 Auch habe er mit dem Fersteer Bans¬
500 2535 1431 2665 dae geredet, Da nämlich schon Verluhmen
503 2616 1424 2777 Winter der Gabriel sein Bruder und der¬
503 2704 1420 2852 Licutenant Pueter Ihne Inquisiten doc
499 2791 1397 2956 hin geschicket: Woraufhin er dem N
498 2861 1418 3067 Gandard gesagt: Ob er auch wolle silhe
501 2981 1415 3172 die Bürgerlichen Kreyheitenschuffen
489 3081 1411 3257 aler ihme geantbortet: Ja in allen Blich
488 3159 1422 3360 Dingen; Nach diesem aber habeer slch
483 3335 939 3435 nicht mehr gesehen¬
1533 649 1612 755 9
1541 869 1604 1058 B
1513 1193 1610 1333 H.
1519 1515 1593 1681 E
1517 1948 1590 2061 9
1522 2245 1599 2402 2.
2507 306 2628 422 229.
1708 281 2287 469 2te amen
1637 455 2323 603 Mit Daruel Bueter.
1634 548 2574 728 Ob Er dem Hauders nicht ein Eydocer
1638 667 2606 815 Glübdt der Verschlangenheit abgeforderet
1630 864 2540 1047 Nein. Aber er habe ihne ersucht, ver¬
1621 979 2084 1128 schlangen zu seyn.
1632 1142 2568 1330 Ob Er dem Hauders nicht auch Comision
1619 1267 2530 1406 gegeben mit dem Schloßer Wolther hie¬
1612 1359 1983 1521 von zureden?
1629 1526 2547 1695 Man der Gaudard solches rede, so ger¬
1621 1658 2462 1790 stehe er es, Obwohlen er sich praecise¬
1607 1723 2366 1885 nicht daran errinneren möge.
1610 1875 2505 2039 Ob Er dem Hauderd nicht gesagt, Man¬
1608 2002 2532 2151 Wolle eine Supplic vor Megsin machen,
1614 2095 2574 2249 und man wolle selbige ihme Commnicieren.
1609 2212 2547 2407 Er bezeuge, daß er sich ohnmöglich dar¬
1599 2378 2540 2506 "an errinneren könne, Er könne aber
1599 2455 2551 2595 wohl seyn, daß er obiger dun Hauders
1596 2551 2475 2677 gesagt, beruffe sich dißthalten auf¬
1597 2657 2333 2766 deß Haudardr Deposition.
1682 2792 2431 2957 Abgulehen und bestetiget
1614 2892 2475 3081 Actum d. 29. ten July 1749.
