3024 4032
381 504 504 610 136.
583 525 1350 713 Musculus, Studiosus
536 663 1455 837 Erhörmen, doch nicht verlaßen dorffte,
547 765 1454 932 daher er ihne biß Ents der Zunkere
549 863 1464 1019 daß begleitet, und beym Abscheid ob den
533 935 1337 1102 Stalden ihme diese Mort gesagt:
536 1045 1470 1234 Ich sage die noch einmahl, ban du nicht¬
542 1157 1445 1292 in Ungluck komen loilt, so kome noch
551 1249 1449 1387 Tisen Abed zu Schrager Merner,
552 1349 1474 1502 den ich berde ihme sagen, daß ich die
543 1442 1458 1595 dasten geredet, und bau de außtlibes
542 1545 1454 1715 und den End nicht gethan hättest, so barst
533 1659 1424 1783 chem höchst verdächtig; Er Deponent¬
551 1755 1450 1871 entwortete; Er werde sich besinern, und¬
539 1835 1475 1946 erglaube, er berte heute oder morgen
533 1930 1466 2035 zu ihme komen, inzleischen Versicherer¬
527 2027 1437 2161 ihne seiner Verschliegenheit, Lebe Bohl¬
604 2142 1443 2283 In einer solchen von Todtes gefahr¬
527 2217 1451 2355 und härtlichem Kumer für einen Brudes
527 2313 1451 2443 Verlreten und rathloßen Seele, faßten
521 2408 1437 2559 er Deponent den Endtschluß, zbar zu¬
516 2492 1438 2662 allei zu schlongen, Allein nicht zu der
519 2593 1395 2733 Merner zugehen, und bey seinem
514 2658 1432 2856 Bruder das Project zu Erbene und¬
503 2752 1439 2932 ihne abzumahnen; Er blickbe daher mit¬
487 2862 1442 3031 Fleiß biß umb Acht Uhr von Hauß¬
486 2950 1440 3123 für eine Entschuldigung seines Auße¬
498 3003 1448 3204 blibenr bey dem Reinhardt zu hale,
499 3146 1431 3305 Alliin bie erblaßet er bey seine An¬
496 3220 1451 3417 konff von der Magts Vernommen, tah
493 3327 1412 3520 der Reinhar d Bey seinem Hauß iho¬
493 3410 1426 3638 nachgefragt und sagen laßen, daß
2546 586 2662 662 137.
1671 571 2427 735 Musculus, Studiosus.
1655 710 2593 856 daß Er ohne fehlen nach dem NachtEßen
1642 805 2575 953 in deß Merniers Hauß komen solle,
1649 921 2581 1042 maßen er ihme etbas nothlendiges zu¬
1640 998 2595 1142 sagen habe; Wie bestürzt Er dieser Ver¬
1628 1094 2577 1243 gnomen, diß könne das gantze Hauß¬
1624 1200 2592 1341 Zingen, das damahls zum Nacht Eßen¬
1634 1294 2584 1431 versamblet wäre, Er könte aus seinem
1625 1384 2584 1510 Verhergeführten drohenden Discouis leicht
1631 1475 2570 1614 schließen, daß er leenigstens bey deß
1640 1570 2564 1698 Mirnirs Gauße ihme nachfragen, und
1611 1669 2574 1828 ihn mit zloeydeutigen Versprechungen auh¬
1638 1763 2553 1914 ziehen, und nach gefaßtem Rathe ab¬
1622 1852 2545 1980 beisten könne und müße, diesem
1631 1943 2526 2080 Endtschluß gemäß seÿn er ein Vürtel
1626 2043 2553 2175 nach 9. Uhr zu Mermer gegangen, habe
1631 2125 2546 2253 dem Reinhardt hirunder gebloptet, und
1614 2208 2570 2337 ihme unter der Hauß thur gesagt: Ich¬
1622 2312 2546 2442 habe mich einmahl noch nicht entschließen
1613 2392 2549 2530 können. Er solle ihme noch Bedencke Zeit
1614 2484 2528 2598 geben, Ob er noch mehr bißen bolle, und
1616 2548 2538 2710 dan eine Parthey ergreißfen. Er kein¬
1599 2656 2542 2775 "hardt aber wäre in einer gäntzlich un¬
1610 2740 2483 2885 achtsamen Verbirrung und Muth¬
1619 2820 2559 2971 Als er dieser sagte, nahme er ihme bey
1612 2929 2574 3076 dem Ermell, und zoge ihne in den Sauss
1620 3025 2557 3172 gang hinein, Er Deponent suchte doch noch
1619 3117 2577 3261 auf der Stegen eine Außflucht, sagend:
1614 3211 2538 3342 Er wolle gebiß morgens Bieder komen,
1619 3310 2522 3444 er gezieme sich nicht auf die Nacht einen
1610 3401 2489 3528 Menschen, den man niemahle gebent,
2411 3495 2515 3573 bis
