3024 4032
477 2110 549 2217 9
484 2375 540 2515 .
497 330 619 412 288.
527 585 640 714 G.
549 853 621 1000 2
503 1067 609 1209 9.
515 1330 622 1462 R.
733 341 1353 562 Dister Borhel
675 558 1550 800 Ob nicht noch eine Versamblung bey Shh.
652 675 1492 858 Leuthen habe sollen gehalten werden?
653 870 1436 1054 Ja Er habe solches gehört verabreden.
645 1019 1505 1236 Mein und bas für einen Eydt er abge¬¬
631 1173 996 1279 schlorren habe?
621 1368 1519 1542 Er habe nichts anders als die Verschlngen,
619 1441 1527 1635 rheit versprechen, aber leder Eydt noch ge¬
623 1546 1508 1727 lübie gethan, sonder nur dem Licitl.
619 1626 1520 1817 und Goldchmies fueter auf dem Groben¬
610 1745 1511 1899 looselbst, Sie ihme das Erstemahl. doton ge¬
599 1835 1503 1998 redt, die Versprechung gethan, verschlöngen
581 1915 806 2049 zusien.
572 2082 1495 2267 Er werde wohl. von Zeith und eigentlichem Tog¬
564 2197 1360 2334 der Execution gehört haben reden?
589 2391 1480 2543 Beharre bey seiner gegebenen Antwort,
547 2491 1473 2624 daß Er gar nicht gehört, daß Sie von einer¬
512 2571 1405 2711 heit und Tag dir Exceution geredt haben;
513 2684 1461 2817 Wohl habe er gehört, daß Lieutl. Zueter ge¬
524 2779 1439 2906 sagt, die Sach pressiere, und auf einen Tag¬
501 2875 1436 3047 solle Sie vorgehen, da Er die Macht halte¬
473 3056 1436 3213 In Angestelter Confrontation zwischen dendi
495 3158 1462 3315 und Lieuth. Hunter, sagte Letterer: Er habe
468 3277 1414 3433 in Hanlehis Beysiyn von der Stund der
1226 3351 1440 3477 Cxcim
1822 389 2484 615 Vistr Bondel.
1730 526 2691 743 eeution geredt, und der Kondel, hhabe ge¬
1732 635 2659 823 segt, Er glaube, er sege am besten, am¬
1718 768 2133 888 Morgen umb 3. Uhr.
1727 832 2692 1014 Gondels gestuhnde dießes geredt zu habenn
1781 941 2657 1093 Denne sagte der Lieutl. Funter, er
1716 1056 2669 1194 habe beym Kopst nammen ait oder Ande¬
1704 1151 2660 1292 der freylich geredt, lüße aber nicht, ob der
1699 1258 2265 1380 Kondel; solches angehört.
1686 1348 2592 1489 der Sondelj persistirt auf der RNegatio¬
1679 1445 2634 1588 So sagte der funter gleichfalls: Er laße nicht
1669 1546 2633 1693 gebiß, Ob der Kondel, von Rath und Burger
1681 1644 2636 1790 absethin und Guther Confisciren gehört habe.
1757 1735 2620 1887 Der Bondelj behaubtete, auch dießes
1671 1838 2119 1979 nicht gehört zuhaben.
1655 2026 2577 2163 Herners sagte der Hüeter: Er habe den
1654 2124 2583 2264 Gobriel Zuter gefragt, Ob Sondel nicht
1658 2202 2595 2349 gut seye. Darauff er ihme geantwortet:
1649 2298 2617 2446 Warumb wollte er nicht gut seyn, Er hat schond
1626 2376 2453 2539 suth hloeyen Jahren Kuglen gegoßen.
1614 2526 2597 2733 Der Sondel, erläutherte sich, daß Er keine¬
1618 2650 2579 2830 andere als seine nöthige Schutzen Matt Rug¬
1626 2765 1933 2874 alen gegosen.
1623 2849 2521 3025 tem sagte der Lienth. Dunter: Der Dondelj
1623 2952 2624 3121 tige nicht gras von Anfang da gewesen, sonder
1607 3060 2613 3205 eine Viertel Stund vorher, ehr er beygegangen.
1588 3191 2553 3389 Golhandtly hergegen gestuhnde gehert zu¬
1586 3302 2430 3499 haben, daß der Licutl. Hunter gesagt.
2431 3418 2556 3500 Man
2454 3484 2582 3567 solle
2650 335 2784 467 289.
