3024 4032
442 518 539 629 10.
638 461 1305 714 Gbeptes Bramen.
500 592 1531 829 Den 7 ditt durch Mohghl. Herren Veuer
563 727 1572 891 Im Hoff, und herren Rahtsherren von Gro¬
569 783 1579 976 fewird, denne Melohl. Herren Lundkogt
563 899 1574 1107 Steiger von Trachstelbald, Herren Umbgelener
563 986 1496 1159 kombach, herren Groß beibel und vice¬
568 1082 1595 1282 Beichtschreiber von Mühlenen, Krafft heu¬
544 1173 1546 1368 sigen befehlst von Mugthl. den Rähten
587 1273 1597 1447 nochmahls, und in feeneren Examinirt
579 1410 759 1547 Obigar
803 1405 1258 1617 Berner.
452 1658 1561 1838 Frag Ersege Plaheischon subeitor vernommen Borden,
593 1758 1590 1894 Weilen aber die damahlen von sich gestelte De¬
576 1865 1540 2012 caration gantz und gar nicht Bahrhafft seye:
580 1955 1576 2087 Als werde er anjezo erinneret, Eine freye
546 2060 1585 2206 vnd runde Bekandtnuß seines fählers und verber¬
584 2142 1588 2298 chens abzustatten, und hiemit seyn gebüßen
566 2259 865 2370 zu entladen?
593 2364 1597 2563 Als er vorigen mahls obgedeut seine Declara¬
445 2399 574 2540 Aut6.
579 2518 1567 2670 tion gethan, seye er noch in der allergrosten
567 2624 1570 2763 Condlenation gsin, derobegensstee damahlen
576 2723 1597 2861 Mine bekandtnuß nicht vollkomen abgestattt,
574 2838 1349 2992 wille er anjezo gäntzlich, beteuen¬
475 3021 561 3152 e
585 3032 1595 3195 Ob ihme nicht bekant, daß ein Complot ge¬
592 3136 1584 3315 macht borden, unter verschiedenen Persohnen
576 3222 1310 3400 ihre Situation zu verbeßeren
1330 3288 1359 3367 2
1433 3432 1613 3569 Autl.
1617 581 1757 706 Antr¬
2717 407 2834 516 12
1926 443 2653 615 Pilaus Bernier.
1770 564 2823 696 Vor ohngefähr 6. Monathen seye ihme unter Ver¬
1760 677 2765 802 decbten Borten eröffnet worden, daß man
1767 764 2836 913 Trachten welle, die Professionen und handtberke
1746 863 2828 1013 der Bürgern auf einen beßern huß einzu¬
1743 958 2877 1109 fuehren; und diese eröffnung steye ihme allererst
1750 1049 2810 1206 durch H. Gabeiel Zueter gemacht worden;
1741 1157 2868 1288 Wie er aber nachbährts durch eine in der Eugi¬
1766 1254 2863 1404 mit Lieutl. gehaltene Conversation zu mehre
1763 1352 2881 1520 rem eingefuehet worden, das habe er in seiner
1747 1457 2730 1624 hievorigen Declaration bereits gesagt.
1769 1645 2905 1806 Ob damahlen er nicht schon dem Liuth. Fucter
1632 1648 1760 1803 r.
1779 1765 2455 1918 einen Eydt gbgeschworen?
1630 1923 1831 2086 Anto Ja
1840 1942 2867 2104 er habe ihme damahlen schon den Eydt¬
1764 2044 2634 2198 der Verschwigenheit abgeschworen.
1629 2233 1756 2372 Gri
1780 2199 2927 2387 Ob dieser dem Kreutp Fueter damahls in der
1746 2349 2962 2496 Erge geschwoene Eydt anders nichts in sich gehalten,
1766 2462 2926 2601 Alß die Verschleigenheit zu dem geheimmuß,
1772 2531 2702 2703 vnd was diß geheimnuß gewesten?
1645 2728 1773 2828 Aicts.
1804 2726 2956 2927 Ja Es habe der damahls abgeschwohene Eydt
1772 2852 2959 3030 nichts alß die Verschlagenheit deß geheimmußes
1765 2931 2961 3144 angesehen; das gehemmuß abersteye 9fin
1776 3066 2963 3247 eine Absicht der Professionen und handtberke¬
1757 3142 2985 3377 der Buegern in einen beßern stand zu bein¬
1749 3255 2962 3468 gen, und Bürgerliche Erbe zu Erffnen und
1744 3366 2279 3536 Fortzupflanhen,
2352 3431 2981 3580 Der Leutenant
2714 3576 3000 3721 Fueter
