3024 4032
371 228 1387 447 No. 26 Priederics Alrich, S. S. M. Can
604 360 765 456 Datus
1388 396 1457 481 le¬
330 456 533 570 DDeclariiss
564 439 1447 626 Nitwochens, Als zbey Tag vor dem
542 554 1436 717 Außbruch, habe er von ohngefehrd don¬
524 636 1434 805 studiosum keinhardt auf der Gaßen¬
515 745 1444 898 angetroffen, welcher ihne abordirt und
525 849 1451 989 gesagt, er habe ihme etloas nothlendiger
521 972 1449 1115 zu sagen, weilen es sich aber nicht schuben
522 1063 1443 1219 daß er er ihme auf der Gaß sage, so
533 1162 1445 1309 solle er doch nur einlenig mit ihme auf
525 1258 1453 1402 den Kirchhoffkomen, da er ihme dan¬
533 1361 1365 1514 gesagt: Es seyen viel Brave ehrliche
525 1458 1462 1594 Bürser, so zwar nicht im Regiment stehen,
517 1552 1465 1684 absr dennoch darunter von Familles, derer¬
515 1647 1459 1803 sich auch im Stand befinden, welche sich zu¬
510 1744 1446 1868 samen Verbunden, ihre alten Bürger¬
511 1841 1458 1959 lichen Freyheiten Bieder zu erwerben,
527 1929 1454 2069 und den Schirmn, Brieß bieder, boricht¬
517 2029 1448 2149 mit Gute, dennoch mit Relalt hervor¬
523 2116 1449 2268 zubringen, diese habend auch auf ihne
514 2212 1445 2359 Deponent geschaubet, und ihme Comssrn
517 2298 1448 2433 gegeben, mit ihme zureken, darauf Er¬
508 2405 1439 2540 Deponent dem Keinhardt (: welehen er
502 2485 1440 2641 jederZeit für einen Tropften oder Imbecte
494 2577 1440 2760 angesehen :) eingerecket, Er sage ihme da vor
498 2664 1438 2841 lichtigen Sachen, und solle mit Bursichtge
492 2738 1451 2922 keit darvon recen, das seyen Sachen Vor¬
491 2846 1439 3009 vielem Nachdember, Hierauf habe ihmde
476 2928 1435 3112 Reinhardt gesagt: Es seyn deßtbegen und
488 3020 1434 3235 so schoner Project und Pan erristet, das
482 3089 1451 3330 bau man selbigen seche, wd igen un dehe e
1311 3212 1438 3350 Se
2489 345 2615 448 121
1708 322 2407 483 Alrich, Candidatus.
1640 454 2596 604 verberßen könne. Da Er aber die Kung¬
1639 564 2614 714 hordt über mehrere Pacticularitaten diß
1655 650 2591 811 ohrte befragt, habe ihmen selbiger verdeuket
1642 760 2611 902 Man könne ihme das mehrere davon nicht
1643 861 2592 1046 eröffnen, als unter gebußen Bedungnußen
1640 971 2574 1094 der Verschlngenheit, Er solle aber diesen
1643 1058 2594 1215 Abend umb 9. Uhren zu seinem Schlager
1632 1156 2573 1286 Mermier gehen, der ihne erbarte, und
1625 1263 2550 1408 das Beitere deßohrts auzu Berde
1690 1342 2569 1476 Nach diesem, und daer sich wieder vom
1628 1442 2594 1572 Reinhardt verabscheidet, habe er Nachdencken
1627 1530 2565 1668 gehalten über obigen Discuis, und seyn schier
1637 1618 2571 1745 auf die Gedamkengkomen, Man habe et¬
1622 1708 2561 1829 ban dem Reinhardt ein bar angehendet.
1628 1801 2557 1920 dnoch theils aus Curiositat, und theils
1640 1894 2586 2022 aus dorcht, heilen ihme der Reinharch ge¬
1621 1990 2547 2122 sagt, bau er nicht gienge, wurde er in¬
1625 2080 2545 2200 großer Gefahr stehen, zumahlen Man ihne
1639 2160 2549 2265 als einen Delator ansehen thäte, habe Er¬
1619 2240 2508 2382 sich nach dem NachtEßen zum Mermier¬
1637 2332 2562 2461 verfüegt, der ihne gantz höfflich und zbar
1630 2420 2558 2557 also Empfangen, daß er darbey wohl habe
1624 2508 2565 2651 abnemen können, daß selbiger gelaußt,
1634 2596 2552 2743 daß er komen solle; Endtlich, da sie beyde
1633 2684 2602 2828 gebartet, biß der Eint oder Andern anfangen
1614 2776 2591 2907 zurecken, habe endlich der Mermer allern
1619 2869 2589 2998 hand unzufrieden, Reden angefangen zu
1625 2963 2583 3098 führen, und daß heutigen Tages die Merites
1631 3052 2592 3183 schlecht belohnet berden, Auch, damit er¬
1632 3157 2571 3284 ihne Deponent desto Ehender zum Untiller
2409 3232 2581 3354 being
