3024 4032
352 555 488 647 204
697 543 1102 727 Examen
813 725 919 781 mit
479 720 1420 895 Johaues Wyß, dem Pfister an der
445 828 1393 979 Keßler Gaß, etatis 27. Jahr, Ver¬
476 921 1330 1089 henrahtet und habe v. Kinder s
486 1059 1420 1219 Wurche aller forderst ernstbörtig er¬
1279 1169 1457 1284 Bebant
496 1170 1269 1344 mahnt, eine Aufrichtige ründe
1279 1272 1438 1393 thun
484 1261 1285 1420 auß von Allem dem Jenigen zu
487 1359 1435 1530 so ihme deß bewußten leyiligen Com¬
474 1455 1297 1600 ploto halber in laußen seye;
467 1542 1455 1694 Worüberhin er dann seine Declaration
483 1639 1381 1822 folgender maßen von sich gestelt:
479 1768 1455 1956 Ohngefahrd ein Monath vor Ostern, hobe
489 1866 1456 2057 Wein guter seins, Hen Boldschind her¬
472 1986 1405 2119 borths Sohn ihme von dergleichen
468 2074 1444 2241 Sachen geredet, wovon er den Hhen her¬
464 2169 1454 2337 bort aber sgleich abgemahnet, und da
473 2264 1454 2448 te nachetlichen Togen wieder zu ihme ge¬
471 2381 1450 2567 kommen, und davon geredet, habe er¬
466 2455 1459 2645 um selbigen davon Abtrinig zu machen,
452 2555 1467 2790 fingirt, Es seye solches bereits entdehrte,
467 2643 1465 2854 mit verdenten, wann er etwas Geschei
443 2742 1440 3001 ben oder unterschrieben, solle er so
447 2814 1482 3104 Geschländ möglich, trachten solches Zurt
438 2956 1453 3256 Ehehen eenst  teen
419 3053 1469 3344 Kürzlich darauf steye H. Herbort aoch¬
449 3114 1461 3501 ih sehegten, 1
425 3263 1474 3597 rche gese. 6 5 9
2483 344 2648 450 205.
1732 471 2233 725 Pester Ry0
1558 608 2651 861 gewüßen herten gewesen, und habe Ver¬
1580 724 2659 940 deutet, Es seye alles entdelten dabey er¬
1570 849 2600 1041 ihne Ihen herbort, ersucht, die jenigen
1579 917 2666 1143 Scheifften, welche von ihme Meldung thuen
1573 1032 2694 1237 zu verbreuen, welches dann auch in seinem
1581 1172 2018 1331 beiyseyn erfolget.
1577 1245 2555 1403 Etlas Zeits darnach seye er bey dem
1581 1314 2659 1501 Wad gewesen, allwo sich auch der Kold¬
1585 1422 2665 1589 Schund Pueter, der Kupferschuid Itth
1587 1544 2673 1711 und sein Schlager herman eingefun¬
1592 1648 2608 1780 den, da habe der Boldschuid Pueter Ange¬
1581 1754 2631 1880 langen von diesen Sachen zureden und sich
1588 1837 2616 1983 gelautheret, ban er Jngs schwören bolle,
1578 1944 2667 2062 so werde er ihme das mehrere offenbahren;
1576 2037 2688 2169 Reit und fehrne aber, daß er habe schworen
1585 2130 2650 2271 wollen, habe er dem Boldschund Pueter
1595 2224 2311 2343 wiederredt und abgebehret;
2413 2224 2634 2364 Durch
1588 2302 2672 2453 sen herbort habe er vernomen gehabt,
1586 2418 2654 2564 daß er sich auch auf der Liste befinde
1576 2512 2682 2672 habe aber geglaubt, daß lauth hen herborts
1594 2611 2663 2770 Ihme gethanen Versicherung die Litte vor
1586 2709 2694 2858 sein Herborts Augen seye verbröut worden;
1585 2807 2661 2969 Ver aber die Jenige Persohnsteye, so diese
1601 2888 2598 3056 Schrift hinter sich gehabt, und verbrout
1597 3002 2659 3167 das wüße er nicht, und habe den herbort
1606 3112 2332 3254 niemahlen darüber betragt.
1678 3190 2688 3383 Von allem dem, Was die Conjurirten
1603 3268 2691 3499 Sis gewesen zu thun, habe es nichts ge¬
