3024 4032
378 389 521 523 237.
688 477 1328 651 onfrontation
863 592 1104 728 Zischen
526 691 1498 908 Marchand Wermer und Rudol
576 800 979 943 Reinsardt.
495 914 1503 1135 EEer nach tersehend, ueß lichen
563 1084 1485 1224 Depositionen Burde der Wermer alsobals
574 1182 1494 1325 gegen den Reinhard Confrontirt; da¬
574 1280 1489 1431 dan Er Wermer sich erläuteret: Er habe
581 1398 1490 1526 nicht gesagt, daß Micheli ihnen Bürcklich¬
588 1498 1479 1634 seine Bedancken über die Exceution com¬
587 1602 1486 1717 municirt, sondern er habe lediger diegen¬
576 1704 1477 1842 gesagt, daß er von Licutl. Gunter gehört,
585 1811 1482 1949 selbiger seÿn mit dem Michel darüber¬
596 1903 1489 2057 zu Raht gegangen, und der Micheli habe¬
589 2014 1498 2153 ihme angerahten, bie die Sache anzugreißfen
576 2117 1516 2248 seye. Auch ihme damahlen von den Benster
560 2222 1504 2340 Kroublen geredet; Doch habe der Lientl¬
548 2327 1488 2488 Gueter nicht gesagt, bas der Michel hin¬
569 2447 1059 2589 rüber angerahten.
545 2595 1496 2766 Gestehe auch, daß er dem Reinhand ge¬
548 2716 1489 2879 sagt, der Michel solle bey der Execution
551 2859 923 3007 Commandiren.
354 3027 1475 3208 Grag An Wermer: Ob Er nicht in der bey ihm¬
548 3102 1504 3305 gehaltenen Versammlung den Keinhardt¬
558 3210 1503 3410 angeredet, und ihme den Eyd zu schlchen
528 3348 872 3514 proponirt?
1240 3416 1452 3589 Autli
1532 887 1660 1034 1 1.
2550 363 2684 485 238.
1863 449 2280 580 Confrontation
1868 541 2169 649 louschen
1650 611 2663 789 Marchand Wernier und Rudolf Riin.
1716 749 1916 871 8a11t.
1666 819 2595 999 Er habe vor der völligen Versammlung den¬
1650 939 2632 1091 Reinhardt mit diesen Worten angeredet:
1660 1035 2661 1200 Es seyen da Herren, die begen Schützung der
1654 1144 2637 1300 Bürgerlichen Freyheiten zusamen kommen
1655 1247 2657 1400 Da habe der Lieutl. Funter ihme das mehrere
1662 1363 1870 1485 eräßent.
1665 1504 2674 1655 Was dan die Zeichen, davon die Complotioten¬
1673 1633 2637 1778 Einander kennen sollen, anbetreffe, so seyn
1666 1723 2662 1854 solches von Haubtman Päntz proponirt, aber
1668 1828 2439 1953 darüber nichts beschloßen worden.
1669 1999 2338 2152 Abgelesen und bestähliget-
1675 2162 2648 2343 Ectum in der Oberen Gefangerschafft
1690 2309 2157 2451 d. 13. July 1749.
