3024 4032
325 485 453 561 182.
789 444 975 539 12 Ge.
574 472 1273 688 Jchangrit: Kupper
502 665 1417 824 Borden, hat er solches Als der Wahrheit
496 770 1420 922 gemäß durch aus bestähtiget, Aubey
494 857 1423 987 denichtig im Buas und Verziehung
509 950 1444 1107 gebetten, Indeme er bey seinem guten
500 1041 1442 1233 Gewußen eeden dörffe, daß er sich mich¬
515 1154 1444 1275 mahlen zu einem solchen Verbrechen
503 1230 1441 1375 hätte einführen laßen, Wann nicht der
510 1335 1422 1460 H. Babriel Gueter, welchen er vorher
509 1433 1448 1562 alß einen Braf und ehrlichen Mann
503 1525 1436 1669 gebennet, ihme selbiges proponirt
497 1620 1417 1775 Und noch betheure er, daß jederZeit
503 1715 1439 1845 dann Jemand deßhalben bey ihme ge¬
503 1793 1436 1949 besen, oder mit ihme geredet, Er alleZeit
497 1905 1434 2045 vorgestellt, daß dieses ein sehe schadliches
493 1995 1448 2132 Unternemen seye, Die anderen abere
480 2080 1442 2225 haben ihne allezeit aufgemunteret, und
487 2164 1438 2324 angefrischet, Denoch, bann er sich nicht
470 2250 1442 2397 vor der in dem Eydt enthaltenen Tedro¬
476 2365 1431 2498 hung gefarchtet hätte, Burde er, Vor
467 2451 1436 2614 gewuß darauß gestellt haben. Er berste
461 2551 1429 2712 sich aber vor einer hohen Oberbeit alß
442 2640 1428 2764 fehlbat darnieder und bitte um Buad
444 2733 1390 2883 Im übeigen habe er alles geredet und
447 2839 1443 2965 bekennt was ihme hiervon in lußen,
438 2920 1350 3084 Er werde Außerst darauf beharren
837 3075 899 3158 ten
421 3052 1226 3228 Aetum den 6 Julij 1749.
1464 3010 1540 3181 8.
1464 3289 1554 3442 G.
1483 1085 1544 1208 2
2532 106 2696 228 193
1738 249 2271 475 icht Conn
1557 270 2461 654 esbist
1553 379 2678 775 ge, dechele
1541 524 2680 880 ee ern sen e
1549 667 2675 970 Cremine noch nicht alles bebennt. Derowegen
1543 771 2681 1084 gegenwärtig gefragt, anbey er mahnet
1545 873 2672 1177 werde, alles das jenige, so ihme dieser Sachen
1551 1006 2681 1259 halber bewußt, und welche er biß hiehin hinter
1548 1120 2648 1343 halten, Aufrichtig an Tag zu geben; dann
1537 1242 2601 1476 sensten er mit gebalthätigen Mitten dazu¬
1546 1387 2172 1558 wurde angehalten werden.
1489 1460 2650 1677 Vo do viel er sich verineren köne, wolle er bey
1534 1575 2625 1760 seinem Guten gewußen alles frey und vund
1554 1653 2662 1838 beteuend, was er von diesen leydigen Sachen
1547 1786 2666 1953 büße. Sagte hierauf: daß das erste mahl
1539 1902 2674 2040 Alß der Kabriel Zueter zu ihme gekommen
1534 2016 2675 2150 selbiger ihme Verdeutet, Man wolle Meghlen
1559 2100 2678 2244 n den Nachtröben Auß dem Tette nomen,
1549 2193 2647 2347 Und Lientl. Bueter, alß er nachbärts Auch
1544 2276 2680 2475 zu ihme komen, habe ihne obiges bestähti¬
1538 2397 2674 2575 get, mit beyfuegen: Man werde Megslo
1543 2488 2689 2689 Alsdann in die Bibliothee einbeschließen
1547 2564 2670 2773 und die Stuck auß dem Zeughauß nommen
1548 2661 2642 2894 und selbige bey der haubt Racht gegen
1562 2798 2675 2979 ber der Bibliothei Aufpflanzen, um
1552 2864 2707 3121 damit erheischenden fahls, die verwahreten
1559 2983 2011 3141 wiederzuschießen.
1568 3054 2693 3322 Von bach für Anstalten zu Außführung
1545 3148 2709 3450 ihres Vorhabens, bey der in seinem Hauß
1550 3263 2514 3493 gehaltenen Versamlung geredt borden?
1593 3345 2647 3614 Er seyn getadt worden (: und zwar die
