3024 4032
358 230 480 324 102.
528 247 1432 504 Gostetenbick Hiegter, dnrr¬
519 419 1444 630 Diß seÿn nun alles dasjenige, so ihme
523 556 1446 728 diester Sachen halber in Wüßen, bezeuge¬
517 650 1438 828 daß es die pern Wahrheit durch aus sige¬
560 755 1445 918 Etbelche Tage vor der Versamblung in
518 852 1463 1013 Sulgenbach, seye er an einem Abend nebst
508 949 1450 1094 dem Marchand Ochs, Lutz, und Boldscheit
517 1041 1454 1196 Christen, nach dem NachtEßen auf dem
521 1131 1449 1286 Kirchhooff gespatzieret, da dan Einer Von¬
524 1230 1433 1375 diesen, Cußte aber nicht belcher, dar¬
513 1357 1426 1492 von gesagt, es berde in paar Tagen¬
521 1457 1442 1588 ie Versamblung gehalten Borden, All¬
529 1529 1436 1684 le) Man sich berathen werden bie etwan¬
522 1648 1393 1789 die Sachen vorzunemen sayen. Ein¬
511 1740 1451 1873 Mehrers aber seÿn seines Wißens nicht¬
515 1836 873 1958 geredt borclen.
526 1927 1447 2061 Bezeuge nochmahls, daß er einmahlen¬
523 2026 1443 2162 nichts mehrers darüber zu Zeugen Biße.
607 2126 1248 2253 Abgelesen und bestätiget.
520 2223 1394 2388 Actum den 24te Julÿj. 1749.
2530 295 2649 393 403
1631 394 2565 583 Meister Emanuel Deuicts, der¬
1508 462 1607 601 115.
1610 556 1859 653 Methger
1519 616 2620 776 zilariet: Er habe von allen diesen Sacher nicht
1600 715 2595 860 die allergeringste Bekantschafft, Weder¬
1595 834 2564 972 daß Schrifftn noch Mundktlich zu emnicher
1596 925 2602 1074 Zeitz jemand mit Ihme davon geredet, noch¬
1606 1025 2582 1161 daß er sonsten etbas hievon gehöret, oder
1613 1122 2584 1271 vernemen. Auß genomen, daß etwan¬
1588 1210 2574 1360 10. Tag vor dem Außbruch Gabriel Pueter
1607 1313 2568 1436 ihme einsten an einem Sambstag Abends¬
1589 1404 2535 1546 im vorbeygehen, auf der Gaßen gesagt
1591 1496 2489 1645 Er habe vergangenen Sontag an ein Orth¬
1595 1606 2520 1727 kommen sollen, warumb er nicht gekomen,
1603 1695 2540 1809 darauf als Er Deponent geantwortet:
1583 1770 2518 1891 Mas, Wohin komen? habe der Gunter ere¬
1594 1873 2539 2019 büderet: In deß Werniers Hauß, Er¬
1586 1964 2567 2092 Seponent darauf gesagt, Er habe dorten
1596 2037 2548 2168 nichts zuthun, und ohne Beiters zureden,
1585 2134 2529 2265 seyn er wieder seines Wegs fortgegangen,
1594 2227 2566 2380 Guthar habe Er dem nachgesinnet, und glaube
1587 2313 2558 2444 ler Gueter müße sich eingebildet haben, daß
1594 2401 2571 2523 eretwas von denen Sachen gebußt. Sonsten
1595 2491 2542 2624 aber habe er gantz und gar nichts von diesen
1594 2578 2545 2707 leydigen Sachen von keiner Seele vernommen,
1573 2666 2580 2803 bißes völlig auß gebrochen, dlas Bezeuge¬
1570 2753 2539 2905 Er bey seinem guten gelißen, könne also
1585 2847 2578 2983 ohnmöglich begreiffen, bie er auf diese Liste
1594 2983 2087 3107 müße gekomen seyn.
1660 3043 2322 3182 Abgelesen und bestätiget:
1648 3138 2436 3303 Actum d. 25t July. 1749.
