3024 4032
353 486 488 602 196.
663 505 1256 677 Infermation.
516 641 1412 822 faite, acce K. Abraham Scseph
508 726 1440 938 Lambelet, avocat, Bouigeois de neu¬
605 838 1157 959 Schatel & Duiller fu.
302 901 514 996 Bemandi
538 913 1442 1099 Quayant ete cite a Comparoitre icy, pom
523 998 1437 1161 rocii eu Concissance dela detestable Conjura¬
532 1074 1455 1243 tion, deccurerte dernicrement dano eette Ville¬
516 1152 1426 1287 tmeme pour q avoirtiempe & eua cette¬
523 1230 1443 1367 occasion des Habitudes e des Conversations
518 1294 1404 1426 dangeieuses avecle reutent: Foueter 8.
518 1366 1417 1513 autres Complicis de sedamnable Complot p.
509 1430 1454 1576 I Etcit tres tericusement & fortement exton¬
520 1514 1455 1651 ite dedire lapure & Exacte Verite, de decouvrr¬
521 1583 1438 1728 tout se qui Luy Seroit venus a notice ace tujit_
524 1664 1449 1778 dene celer quoy que ce soit, e de declamu vo¬
529 1735 1439 1851 contairement, & deluu meme, sanslgaid
521 1800 1433 1907 quelconque poui qui que sepuisse etre, tonte¬
514 1867 1437 1976 la Relation, quil auroit eu avec ces Malhen¬
520 1957 1436 2046 reux, ce quit auroit appris de leur Projet, d
515 2029 1434 2129 jusques a quel point il sy Seroit laisse ergagei.
512 2077 1433 2178 Que Setant constitue volontairement, on espes¬
509 2132 1404 2257 preit, quil fercit de meme un fiane & libre¬
509 2230 1436 2327 aven de tout, cequi Seroit pour Luy le Mogen
508 2297 1426 2396 le plus tur, de se metre a meme Deprouver
509 2352 1086 2451 ta Elemence de L. L. C. E.2
316 2416 527 2541 Repord
557 2424 1410 2541 Depuis le jcur de la St. Martin 1728. je.
512 2517 1417 2618 etort rendu a nyon, aver Madame de Duiller,
498 2584 1428 2699 ansujet de la Succession de feu M. de Duiller¬
481 2657 1425 2775 oicil auroit Reste jusques an 8. ou 9. Mars¬
487 2717 1402 2842 Mance Couante, quil aniva iey a Banej
485 2777 1417 2902 que pendant le Jusdit tems, auant cubiona
481 2860 1425 2942 de leitains papicis, Concernant le dit Heuten
476 2929 1414 3038 it Scrcit Rendu a ce Sujet a Neufchatel an
469 2998 1392 3115 Nouvel an; Don agant ete appelle pouv¬
478 3054 1399 3185 des offaires pressantes dans VEguel auprs¬
474 3103 1391 3246 de m. le Ballef Immer a Couitlari, it aoit
463 3187 1396 3324 trouve a ton Rctous & Neuschafel vnd lr
447 3264 1390 3393 itation, pour comparsitre devant laloui
463 3331 1375 3463 Ballivale a nyon, la quelle Citation i
468 3376 1383 3558 arit trouce inegulicio, ce quilumis
1263 3448 1394 3561 Allij
2551 436 2702 564 177
1733 511 2176 668 Lambelet
1594 630 2680 788 Oblige a dressci une Rlauete Jurcette Trregula
1595 742 2610 885 site, & a Serendic a Beineleg. ou 10. Janp
1600 811 2643 939 want dine, paidevant S. E. Msgr. V Advoyer
1597 891 2698 1019 Regnant, quimet Ses cidres an Dos dela Requite
1587 971 2554 1110 Jurquoy il Ctoit Repartis le tendamaen.
1586 1062 2222 1184 matis pourserendie a Nyon.
1575 1143 2646 1286 Qu apies son retour a Berne leg. an 10. Mars
1591 1225 2519 1315 u avoit travaille a demander a L. l. E. E.
1569 1291 2626 1401 lautpouisation des affaires de Mo de Duiller, et
1569 1360 2633 1486 dctoit en suite rendu a Neufchatel, Quit Encore
1564 1438 2583 1547 Revenu a Berne apres Paques an tujet dune¬
1574 1521 2616 1621 Patente de Vin, & Sy Etoit arrette jusgu an 24t
1580 1605 2617 1695 wiil, quandil repartit poui nyon ouitavoit
1574 1666 2135 1775 teste jusques ala st dean.
1564 1736 2553 1846 Pendant ce dernier Seiour, le Dicuto. Föueter
1573 1806 2604 1924 Stoit venu chexm: Cavorat Risoed laine anlon
1564 1897 2589 1989 vint a parler, a Doccasion desvins, du Traite de
1566 1957 2545 2062 Combouigevisie, &8 M. Risold auroit dit en¬
1560 2033 2590 2138 badinant, quil nevondicit que 18. homes, poui
1559 2106 2605 2215 mettres tes Neufchatelois a la Raison, aquoy
1556 2179 2592 2281 le Lieutt: Fouetter ajontoit, quje falloit an
1553 2254 2599 2351 moins sa compagnie, qu alos it viendicit boire
1551 2314 2579 2438 les vins dans ta Cave, en soite quil nauisit pas
1557 2377 2580 2495 dessin de Patente, le Deposant Renondit, quil
1551 2451 2595 2575 ne fandioit que la Compagnie des Grenadius de
1546 2538 2592 2655 Neufchatel pouz les Rechasser, Forieter disoit
1557 2587 2598 2722 de plus, quil ne concissoit point cetruitte de¬
1557 2669 2622 2803 Bourgevise a quoyle Depost. avoit repartis,
1544 2728 2645 2890 que cetraitte livit le deux villes dans Une Parfaitte
1541 2809 2648 2973 Union, thquil nyavoit queles vins, quiu cussent¬
1551 2883 2558 3039 mis quelques oostades, mais que lors que L. L:
1539 2946 2534 3122 L. L. avorent quelque Secours a demander, le
1532 3013 2616 3213 Magistrat respectoit ordinairement Uurs Oidres¬
1537 3095 2599 3292 v leur Secau, quon vencit cidinairement a leur
1537 3161 2596 3368 decowis avceplus aumoins dhomes. Foueter
1537 3242 2607 3470 lug agant la dessus demande le traite de Com¬
1546 3340 2625 3553 tourgeoisie imprime l an 1719. chez M2 Kupfer
1553 3424 2605 3639 quel il luq avoit remis, Pans quil luq hye
2428 3619 2634 3715 gamais
