3024 4032
339 356 416 439 88.
548 312 1274 524 Luntenant Queter
466 522 1392 682 Er kone vor Bott bezeugen, daß er von
321 552 454 723 A
479 620 1423 782 wegen deß Mitbeli nichts anders buße,
477 716 1419 871 oder ihme von diesen Sachen geredet, Als
477 814 1434 962 bas in seinem Cxamine und mit den
472 920 1417 1083 Michel selbsten außgestandenen Confron
465 1030 1176 1160 tation er bereits außgestagt.
468 1197 1429 1352 Ob nicht auch proponirt worden, unter dem
318 1211 484 1393 zu
461 1310 1287 1462 Rahthauß Pulfer einzulegen?
331 1504 1422 1666 R von denenjenigen, soin Complot gebesen,
484 1606 1422 1724 habe er davon nicht reden gehört, sonster
468 1703 1424 1843 Er solches, Gleich wie das übrige, bekennet
452 1799 1386 1920 hätte, Wohl aber habe er schon vor¬
406 1892 1383 2028 Langen einmahl von andern etbas¬
451 1994 1067 2125 dergleichen reden gehört
343 2164 1396 2324 2Ob ihme begen denen an den Meisten
445 2272 1403 2405 Häusern der Statt stinth kurzein ge¬
448 2365 1396 2522 machten Zechen nichts bebußt, und ba¬
429 2473 1142 2609 solche zu bedeuten haben
385 2654 1411 2820 Er bezeuge gleichfahls bey Bott, daße
436 2784 1331 2929 darüber nicht das Geringst buße.
441 2929 1422 3151 Warumb, als man jemand angeborbe
417 3071 1377 3235 Man demstelben nur von Bürgerlichen
413 3134 1409 3368 Freyheiten geredet, da doch ihr Complot
398 3251 1115 3437 viel Weiters gegangen?
1235 3418 1390 3568 2
2624 238 2707 351 89.
1469 288 1801 456 sosentation
1844 256 2604 467 Leutenant Gueter
1471 383 1640 474 mit
1457 373 1804 596 G . G.
1873 449 2706 608 Die Ursachseye, beilen, nachdem
1753 480 1870 619 2
1801 570 2723 685 haubtmann Handhe Haubtman Herbort,
1796 673 2698 826 und er Inquisit auf dem Brugge¬
1779 779 2685 913 Geld sich zusammen verschworen, habe
1774 878 2702 1009 H. Herbort proponirt alles zu massa¬
1796 976 2698 1113 ciren; Auch auf diesem Hueß habe er
1783 1083 2674 1214 Herbort dem Cabricant herman und
1777 1180 2685 1315 Pfister Wyse von dem project ge¬
1789 1287 2668 1412 redt, Welche beyde darüber er¬
1789 1360 2656 1546 schmeret und gantz wyß worden,
1788 1482 2712 1606 welches ihnen nachbährts der Herbort
1790 1576 2715 1724 selbst erzehlet; Darauf sie dann
1775 1676 2692 1843 die Resolution genommen, den
1784 1777 2628 1914 Anzuberbenden von nichts als
1780 1874 2683 2042 Bürgerlicher Liebe und Einigkeit
1775 1985 2666 2133 und harstellung der Bürgerlichen
1786 2092 2389 2226 Freyheiten zu reden
1725 2278 2747 2423 de Ob, und bie Weith der haubten herbort
1771 2387 2728 2542 sich in diesen projeet eingelaßen?
1703 2586 2695 2738 R Über das hieob erzehlte habe er¬
1775 2680 2724 2820 gleichen Abends, da er mit Obvermelten
1772 2789 2722 2935 auß dem Zruggfeld gelesen, sich nebst
1773 2880 2717 3052 Haubtman händz, und ihme Inquisit
1776 3004 2745 3171 in Gaberel hueters Hauß eingefunden
1765 3088 2741 3250 Da dann er ihnen einen militarischen
1750 3197 2726 3352 Blan von den Posten in der Statt¬
1765 3319 2664 3496 gemacht, seye Aber Morndrigen
2507 3426 2710 3593 Lags
