3024 4032
354 478 503 557 142.
358 2429 499 2599 Bing
359 2728 505 2842 Antb
367 3241 453 3350 3
621 500 1462 738 Musculus, Studiosus.
543 649 1474 846 auf sein gelaißen Zeugen, daß er ihm
548 763 1470 955 niemahls mit auß getruckten Worde
540 863 1464 1062 sich von dem Executions, Eyd erblärt¬
548 956 1383 1117 oder ihme selbigen angebotten habe,
564 1059 1450 1212 Geliß seÿn es, daß er Deponent¬
553 1145 1430 1326 auf eben den Sontag fest gesetzet-
539 1258 1469 1411 hatte zu seinem Vatter nach Mensigen
473 1358 1477 1501 zugehen, und dorfen in seiner Verbierten
533 1450 1474 1612 und Bangen Rathlosigkeiten sich zuer¬
545 1572 1478 1710 hohlen, zugleich es demselben zu osfen,
534 1674 1470 1822 bahren. Allein die gnädige Vorsehung
537 1769 1461 1926 über den Hohen Stand habe ihne durch-
542 1867 1463 2001 den Außbruch übereilt, so daß seine
535 1957 1476 2081 gantze Schuld in einem unstermeidlichen
527 2053 1452 2186 Nothzlang einer seiths- Andersits
529 2144 1475 2270 in einer ihme unglückhafftigen Zufäll¬
522 2237 1452 2387 igen ÜberEylung deß Außbruchsbe¬
522 2355 704 2487 stehe.
542 2400 1448 2565 ob Er nicht hinstag abendes, bey Kaus¬
522 2509 1456 2651 Man Wernier den Ers der Verschben¬
517 2611 1245 2771 genheit geschwohren habe?
537 2666 1458 2856 Nem. keinen Erd, sonder eine Rloß¬
515 2799 1410 2973 Ehren Versprechung mit gegebener¬
492 2843 1449 3048 Hand, ohne daß Man ihme selbe under¬
497 2928 1446 3142 dem Nahmen einer Eyder oder gelut
494 3133 811 3268 geforderet.
510 3145 1447 3354 Ober nicht nochmahls auf das Lieletie
498 3206 1450 3450 deß Reinhardes bey dem Mernirte
493 3289 1435 3569 Ed de aei heng eistete
1242 3412 1423 3557 Ans)
1564 760 1645 880 d.
2542 581 2660 675 223.
1691 573 2512 761 Musculus, Studiosus.
1649 734 2615 909 s. Seye er hernach kein mahl mehr zu
1658 831 2606 954 Mermier gegangen, auch, bie schon bey
1646 917 2560 1042 deütet, dieser zu halten, mit dem
1648 1010 2192 1127 Stedkler verabredet.
1610 1100 2584 1248 2. Er diesen Eyd nicht habe schbören¬
1646 1215 2575 1344 können, weilen er, laut allein bißher
1642 1299 2595 1458 erzehltem, ihren Project nicht bente¬
1636 1384 2563 1547 und . In keiner Versamdlung jeh¬
1630 1494 2569 1653 "mahls gewesen, dahero er diese Frag¬
1647 1591 2565 1731 mit einem ohnembschranckten, Ehrer¬
1626 1681 2566 1819 rbietigen und vesten Rein Brantborte¬
1690 1771 2598 1900 Endlich dörffe Er auf den Allbißenden
1637 1859 2565 1982 Bott und das Zeil seiner gebiß non
1631 1964 2565 2090 esterblichen Seele bezeugen, daß er sich¬
1632 2046 2563 2163 aller Eligen Verdammiß unabbittlich
1630 2129 2553 2254 bürdig achte und glaube, han er von
1631 2220 2541 2345 allen den blutigen Anschlägen der¬
1631 2310 2580 2437 Unglückseiligen hingerichteten Leüthen
1631 2393 2557 2535 vor dem Außbruch, durch einigen Vor¬
1620 2490 2535 2628 "gelegten Project oder geleisteteten
1619 2569 2511 2714 Executions Eyde Nachricht und Ver¬
1618 2654 2271 2801 ständtnuß gehabt habe.
1641 2758 2544 2884 Auch Versichere er mit gleich heiligen.
1637 2826 2558 2964 Betheirungen, daß in der ganthen
1622 2908 2567 3057 Erzehlung, seines Mußens, und mit¬
1624 3022 2556 3155 Bleiß, und arglistigem Vorbedacht¬
1637 3117 2605 3229 nichts außgelaßen habe, was er glaubte
1614 3212 2570 3333 das zum Haubt Wesen gehörte daher
1628 3301 2559 3448 wie er hoffe, Mehossru diese Ben¬
2279 3392 2581 3508 rBantnuß
