3024 4032
353 2151 550 2299 Sefragt
332 2546 515 2687 Antli
398 352 533 451 255.
675 426 1334 646 Lieutenant Bandts:
568 579 1507 778 hernach, habe der Wermer ihme nochmahl¬
562 686 1501 895 gesagt, er solle schloigen, sonsten es ihme¬
585 792 1495 958 nicht Bohl. ergehen werde, Er habe ihme¬
586 906 1507 1069 aber von nichts als Bürgerlichen Sachen¬
574 992 1497 1157 geredt, loovon Ihme Inquisit sein Bruder
577 1096 1498 1249 auch geredet habe, Er seÿn zwar hernach¬
587 1185 1497 1346 von ohngefehrs in die Versamblung beÿ¬
587 1272 1478 1437 dem Wermer gekommen, aber bald beg¬
586 1400 1490 1523 gegangen, weilen er sich in diesere Sachen
600 1487 1404 1624 nicht michen und einlaßen wollen.
559 1628 1476 1802 Woraushin er wiedermahlen sehr Ernst.
579 1761 1501 1900 lich exhortirt worden, es seÿn ihme von
578 1857 1495 1987 diesen Sachen viel mehr bekant, solle
562 1948 1470 2083 also die Wahrheit sagen, wurde demnach
586 2122 1482 2275 Ob der Wormier und sein Bruder der¬
571 2237 1488 2388 Haubtman Kändtzi beÿ dem Wernier¬
552 2338 1416 2477 von keinem Complot geredt haben.
565 2523 1489 2681 Es könne etwas mehr als 14. Tag seyn,
552 2622 1480 2791 daß der Wernier bey dem Schlußel. al
541 2723 1483 2894 wohin er ihne Inquisiten erzehlter maße
535 2829 1471 2995 geführt, mit ihme geredt und ihne gefragt.
535 2917 1478 3098 Ob er auch die Zürgerlichen Kreÿheiten¬
527 2989 1489 3206 Wolle helfen schirmen? Worüber eraber¬
531 3075 1486 3325 der Kopffgeschickelt, und habe nichts dahe
494 3193 1471 3432 Wollen hören reden, sondern ihme gesagt,
1370 3322 1437 3410 ad
1549 2161 1599 2260 A.
1539 2343 1578 2418 de
1544 2404 1605 2481 6
1543 2617 1594 2705 2
1544 2716 1599 2814 2.
1549 3277 1601 3357 2.
1553 2899 1608 3039 8
2548 288 2707 416 156.
1745 351 2513 632 Pnsenant Haudt.
1666 578 2679 792 Er bolle lieber eins trimken; habe sich¬
1665 677 2685 874 aufdert dem Silentio in kein Engagement
1675 782 2676 943 einlassen wollen, und seyen nur etwan ein
1652 874 2713 1061 halbe Stund bey einander gewesen, darnach
1663 979 2672 1149 habe ihme Niemand davon geredt, biß er in
1661 1077 2666 1238 deß Warmiers Haus gekommen, da ihne¬
1664 1176 2640 1342 auch Niemand hie berußen, und seÿn also.
1650 1296 2620 1437 ohngefehrt dahin gekommen, seyn in Einer¬
1650 1399 2652 1553 und die damahls auch anbesende Herren in
1658 1498 2663 1629 einer anderen Stuben gewesen, er Inquisit
1645 1592 2631 1730 seÿe aber nicht länger in der Stuben beÿ.
1656 1695 2607 1814 ihnen geblieben, als daß man 30. hacte
1655 1776 2676 1902 zehlen können, darauf alsobald in die Andere
1645 1879 2674 1999 Stuben gegangen, da während seinem Beÿseÿn
1648 1973 2617 2119 sie nur von Indifferenten Sachen gredet
1638 2147 2632 2299 Ob er allda keinen Eyd geschbohren habe?
1653 2308 2605 2484 Er habe keinen Eyd geschwohren, und Bau¬
1653 2442 2677 2577 einer seÿn geschwohren worden, seÿe es bährend
1643 2546 2293 2680 seinem ausStridt geschehen.
1640 2715 2537 2875 Ob man von keinem Project geredt habe?
1636 2871 2664 3060 Wohl., sie haben von einem Project über die Zur¬
1647 3017 2694 3154 gerlichen Sachen zu errichten gereit, nachdeme der
1637 3119 2558 3280 einte Theill von Ihnen schon Bey gebesen.
1651 3273 2619 3465 Ob er nicht schon zuvor in einer anderen Ver¬
1646 3405 2076 3538 Samblung gelesen.
2486 3461 2634 3581 R.
