3024 4032
218 296 274 368 1.
326 308 461 429 4. 8.
585 327 1361 553 Lutenant Gueter
462 525 1518 683 Ein Keiege Raht noch andere vorgesehzte erlonhtet
474 637 687 764 gehabt
339 742 1528 982 Obstin nicht auch unver einandher Verglichen geb¬
339 905 1530 1082 sen, von nun an bebehrtstich zu halten, es seye,
471 1017 1518 1154 daß sie ein gewehr beyhauß gehabt, und Sach¬
462 1113 1217 1241 pistolen bey sich getragen 2
345 1233 1515 1434 D. Ja, das habend sie unter einander geordnet
475 1397 1520 1532 alle aber haben sich nicht mit Dachpistolen Ver¬
452 1494 1511 1615 stehen, sondern seines Bußens niemand, abs
453 1611 1503 1742 Er arrestant, Gabriel Gueter, Marchand
454 1703 1425 1853 Wermer, und der Haubbman händhi.
331 1872 1514 2024 6b er damahlen, als man ihne behändigen
430 2020 1520 2135 wollen, sich nicht in der that seiner pistolen
440 2100 1468 2240 bedienet, und darmit geschoßen habe?
296 2283 1523 2459 E. Es steye, allß zugegangen; Gestern Ohngesah¬
416 2404 1493 2570 Ein Wirtel nach zwolf Uhr seyn H. Ulrich
422 2525 1496 2625 der Examinat zu ihme gekommen, und habe
416 2597 1523 2778 Ahme in aller angstgesagt, Grad erst habe ihr
389 2717 1518 2876 H. Professor Aetman gesagt, er solle ihme
400 2819 1510 3003 Geheim entdeben, daß Meghl. an alle Amb
402 2939 1516 3109 leutt gescheiben, Es seye eine Conspiration¬
384 3029 1510 3211 der Statt, der Befehlsteye ergangen, daß
400 3133 1513 3307 alle Studenten auf dem Kloster Verbleiben
369 3225 1512 3437 sollen, der Ulaich habe hierauf gemeltet,
362 3348 1477 3538 sie seyen verlohren, welchem nach er
2654 358 2767 490 49.
1793 388 2476 586 Lieiltenant Bucter
1632 545 2762 704 Londerfort gegangen darauff habe er Inquisit
1547 649 2759 770 beysich selbst resolvirt sich zu behren, und da kurtz
1653 734 2725 878 darnach Mihhl. Grichtschreiber Batschet sich
1661 828 2725 964 Anmelden laßen, seye er eins mahls so ver¬
1579 875 1634 950 6e
1661 930 2761 1047 wirt und consus worden, daß er so zu stagen
1651 1024 2755 1168 Gantz ausssich selber gelesten, da dan vor¬
1667 1111 2749 1255 gegangen, das Mhghhl. selbsten schon Be¬
1650 1220 1937 1350 kantsteye.
1561 1404 2769 1540 A. Ob er nicht zu diesem Complot, zwey Eyden
1658 1517 2160 1670 geschworen habe.?
1550 1636 2828 1880 R. Ga, der einte, der Eyd der Treule, und aler
1675 1803 2824 1956 andere, der Eyd der verschwiegenheit, welche
1654 1904 2803 2053 beyde membra aber er mit einander Abge¬
1667 2007 2762 2144 geschworenn. Auch seye in diesem Eyd
1672 2094 2821 2259 enthalten gewesten, daß man sich Rächen
1653 2213 2755 2352 wolle an dem jenigen, so das Secret¬
1668 2293 2830 2455 Verrahten burde; und dann auch, daß man
1672 2419 2821 2567 sich diesen Eyd, leder von Geistlich noch
1668 2500 2886 2691 beltlichen Persohnen wolle Auflöosten laßen.
1576 2685 2835 2886 Z. Wan jemand von Neuwem in die Versam¬
1676 2789 2811 2970 lung gebommen, bie es zugegangen, umb
1674 2902 2873 3128 ihme den Eyd der Verschwigenheit auf zuerlegen,
1661 3006 2784 3188 und Bau sich zugetragen, daß einer
1665 3077 2825 3293 sich deßen gebeigeret, Ob er nicht mit
1647 3213 2806 3429 gewaltthätigkeit darzu Angehalten
1669 3321 2009 3433 worden 2
