3024 4032
353 225 504 325 116.
588 232 1327 449 Tillman, Studiosus.
555 372 1432 591 versprochen, welches ihme auch nicht an¬
554 486 1019 596 gemuthet worden.
543 577 1442 765 vor Ihnen allen Fregen aber habe der¬
537 686 1430 850 selbige verschiedene Reden geführt,
539 783 1447 949 als von dinen Freyheiten, welche vor¬
544 877 1451 1050 altem die Bürger gehabt, über deren¬
551 963 1462 1144 Verfahl er geschmalt. So dann sein Votten
542 1088 1461 1234 seel. seyn in Mrghl.  aliensten unglübe¬
526 1177 1462 1339 glich worden, und als er keinhardk nach¬
545 1273 1470 1406 seiner Vatters Todt mit einer Suppli¬
545 1375 1439 1518 ication umb die Continuation deß¬
533 1474 1411 1625 Gagl angehalten, seyn er gar schuöd
523 1579 1455 1718 bey einem gelaißen Herren empfangen
532 1664 1396 1782 worden, mit Verdeuten, was das¬
533 1759 1408 1894 vor im Bittel brieff seye; Item habe
533 1863 1450 2003 er auch gesagt: Man solte etwelche Herrn
525 1935 1437 2082 deß Standts ausrocken; Gabe anteg
533 2055 1436 2178 rothe Augen gehabt, und stober darim
526 2142 1395 2276 geschaubet, Als Baner, beiß nicht
525 2239 861 2352 Woher käme.
518 2331 1442 2464 dliß alles habe der Reinhordt aber vor ihnmen
521 2433 1443 2569 allen gesprochen, und seines Mißens auh¬
495 2526 1421 2644 Niemanden ermahnt Stillschlegen¬
505 2610 1431 2754 darüber zu halten. Und ein mehrers¬
481 2712 1428 2841 habe er einmahlen, beder von ihme, noch
496 2810 1347 2948 von Anderen deßthalber jetz gehöret.
617 2907 1260 3057 Abgelesen und bestätiget
499 2994 1366 3166 Actum d. 26.3 Julÿ 17895
2514 326 2638 436 17)
1673 325 2594 548 Botlieb Malter, Stud. Geolog:
1519 379 1641 541 185.
1697 547 2605 709 Mitwochens zbey Tag vor dem Außbrucht
1493 567 1678 732 Aclaliet.
1647 659 2605 804 diß leydigen Complot, Als er sich nebst dem
1634 748 2604 910 Meister danman dem Pfister und Studioss
1639 843 2593 1004 Sillman, in herrn von Erlachs Marzihli be¬
1637 950 2504 1084 pfunden, und von ohngefahrt über die
1628 1047 2551 1178 Maur hinauß geschaubt, habeer den
1613 1140 2582 1264 Ainchardt vorbeygehen gesehen, welcher
1630 1248 2554 1375 ihme Reponenten gesagt, er hatte noth¬
1632 1330 2558 1473 "lndig mit ihme zureken; Worauf er¬
1631 1425 2563 1570 geantbortet: Man er etwas habe, so solle-
1618 1515 2550 1646 ernur von unten auf reden, der Kein¬
1622 1611 2540 1731 hardt habe darauf gefragt, ob er nicht
1607 1695 2554 1828 hinauf komme dorffte, Auf Erbiederen,
1613 1796 2549 1939 Es seyn ihme Deponent grad gleich, seyn der
1615 1888 2535 2025 Rinhardt heraufkomen, und habe ihm also¬
1619 1987 2539 2101 bald auf die Seithe genommen, die Hand ge¬
1613 2088 2550 2198 geben und gesagt, es freube ihne Bürger zu¬
1608 2164 2577 2286 sehen, die Bürger solten beßer zusamen halten,
1605 2245 2547 2374 Die Außeren halten auch zusamen; darauf
1620 2323 2562 2484 er angefangen, dlie Bürger haben vor diesem
1613 2417 2568 2548 beßere Freyheiten gehabt, es gehe aber aller¬
1608 2521 2532 2649 zugrund, und das seyn der Kehler, beilen
1606 2602 2559 2742 heutiger Tags die Bürger nicht mehr einig unter
1603 2691 2564 2823 einander seyen, mit fernerem Verdeuten, Er
1605 2783 2550 2918 solle dießen Abend zu seinem Schlager Mermier
1602 2889 2539 3009 gehen; Als er nun darauf geantbortet: Nern,
1599 2975 2575 3112 Er könne und wolle nicht dorthin gehen, sinternahte
1614 3074 2554 3209 der Mister auman mit Ihm Deponent heumb
2294 3202 2448 3283 1919
