3024 4032
357 537 457 626 218.
757 527 1242 707 Examen mit
503 692 1369 836 Babriel Deheurer dem Chor¬
722 797 1037 904 beibel
489 855 1444 1056 Nachbrötiger Ernahnung, die Wahr¬
512 1002 1426 1130 heit zu bebeuen, und alles das Jenige
514 1095 1459 1233 zustagen, bas ihme dieser Sachen halber
517 1188 1139 1334 in büßen seÿn, hat er
499 1276 817 1398 Declarirt:
486 1363 1438 1507 Der Lientl. Pueter habe ihme vor in¬
518 1465 1446 1613 uria einem Monath gestagt, Er wolle
514 1536 1449 1693 thme ein geheimmiß, die Bürgerlichen
492 1639 1462 1837 Kreyheiten anstehend, Offenbahren, darauf
513 1740 1444 1892 er ihme geantwortet, Er wolle nicht¬
498 1833 1415 2023 büßen; Worauf der Lieutl. Gueter
491 1942 1436 2093 repluirt: Ein jeder seye doch zu den
495 2033 1452 2212 Buegerlichen Freyheiten verpflichtet,
489 2137 1450 2327 hierüber habe er Jegt. noch mahlen
490 2216 1458 2399 instirt: Er wolle nichtt bußen, Er steye
485 2318 1432 2498 Muÿhhen mit Eydt zugethan, und er
471 2415 1439 2604 Phueter könte mit seiner Sation um
491 2506 1383 2729 profession wohl zu frieden seyn,
488 2593 1428 2817 Darauf ihme der Pueter eine Lidle
476 2676 1433 2949 der verbündeten vorgewiesen, belche
469 2762 1470 3077 sohen hol igsche der des
458 2892 1439 3133 keinen Glauben beygemeßen, ihme
448 2963 1460 3261 ach ehest Eesente bach eh
463 3100 1434 3369 sr es von ihnen nicht glauben könn,
449 3201 1447 3516 schlcher hin und eershe
452 3303 1431 3646 nachten gesege se beruns
1479 2849 1560 2977 E
1488 2361 1547 2503 9
2525 342 2678 476 219.
1714 441 2435 675 Bticl Desies
1575 617 2614 860 Anglük stürzen, habe ihme der Pueter
1578 723 2705 947 gesagt, er müße ihme das Stillschbeigen
1592 825 2664 1025 schwohren, welches er heilen ihme nichts
1590 918 2696 1118 geofenbahret worden, nicht habe thun bollen,
1583 1010 2628 1207 doch habe er ihme hueter in die Hand
1589 1126 2594 1314 versprachen, nichts von diesen Leuthen
1574 1236 2678 1407 zu sagen; Daß er aber versprochen, ihn
1584 1327 2667 1505 zuzustehen, seye allerdings nicht, bohl
1583 1435 2668 1586 aber habe er gestagt, damit er von ihme
1584 1530 2665 1659 kome und looß Herde wan ess um ein
1588 1612 2560 1772 nemoriale zuthun seyn, so büße er
1593 1734 2337 1867 Bohl bas er zu thun habe.
1581 1846 2676 1981 Ob er ihne bein Schriften gegeben habe?
1504 1856 1572 1994 G.
1503 1954 2689 2133 Sh Ja er habe ihme eine Alte Scheifs gegeben,
1581 2086 2673 2239 ohne Überschrifft, von Ein tausend drey,
1576 2174 2683 2327 hundert und etlich und Achtzig, so er
1585 2274 2414 2426 für einen Sartecr angesehen.
1590 2392 2658 2550 Ob erseinem Sohn nicht auch von diesen
1574 2480 2102 2618 Sachen geredt habe?
1587 2587 2675 2793 Mein, Er habe weder seinem Sohn, noch
1562 2679 2615 2885 sonst Jemand anders von diesen Sachen
1570 2795 1753 2890 geredt.
1582 2860 2717 3093 Ob er nicht vielmahlen bey Linntl. Pueter
1572 2970 2284 3147 auf der Wacht gewesten.
1566 3087 2666 3320 En seyn etbelche mahl bey ihme Pueter
1579 3194 2729 3455 auch der Wacht gewesen, bie auch andere
1564 3287 2606 3566 herren, seyn aber von dergleichen
