3024 4032
351 251 485 344 360.
644 265 1351 462 Einariuel Baudard.
524 413 1451 603 Er nochmahlen zu ihme gekommen ud
543 501 1427 695 habe ihne biedermahlen befragt, ob¬
549 595 1459 804 Er mit dem Schloßer Malther gerelg¬
539 695 1423 885 darauf er ihme gleichfalle Rein ge¬
542 788 1354 949 antbortet, und gesagt: Er wolle
545 898 1444 1079 nichts mit diesen Sachen, nemlich mit¬
547 992 1356 1130 der Supplication, zu thun haben.
563 1104 1416 1271 Etban 4. Wochen zuvor ehe die Sach
551 1198 1461 1408 auß gebrochen, seyn er zum Frittenmah
523 1299 1436 1447 zu Ihme gekommen, hhabe ihme da¬
537 1413 1448 1537 "mahlen proponiert, Er solle sich an¬
540 1491 1433 1630 bleiden, und mit ihme außgehen,
546 1596 1430 1714 es seye an einem Ohrt ein lustige-
543 1685 1429 1810 Compagnii beysahmen, Er Depo¬
536 1778 1420 1910 Ment habe ihme aber geantbortet:
533 1876 1444 2002 Er gehe in keine Gesellschafft, gehe¬
545 1974 1372 2091 diß mahlen nicht auß, und sage¬
546 2071 1434 2192 ihme nochmahls, Er wolle mit diesen
526 2149 1433 2271 Sachen nichts zu thun haben. Senn¬
542 2244 1439 2361 deß Deponenten Fraub seye aller¬
531 2344 1427 2478 Zeit dabeÿ gebesen, und habe ihne
511 2433 1416 2574 geheetet, inmaßen sie Subconcert
524 2538 1418 2653 der Lieutl. komme, umb ihme Gell¬
513 2632 1419 2755 abzuentlehnen. Er habe ihme aber
512 2721 1421 2837 gantz und gar nichts anders als
507 2805 1397 2940 von der Supplication geredet,
618 2904 1398 3045 Dem Daniel Hunter habe Er
517 2999 1392 3148 ie obgedacht, versprochen, daß er
517 3085 1426 3244 wegen der Migshern zu prasentur¬
507 3175 1421 3342 vorhobenden Supplic Semanden d
2528 261 2649 368 307.
1668 275 2350 476 Emanuel Bausar.
1606 417 2598 575 sagen bolle, biß Er selbige Berde ge¬¬
1606 515 2598 682 sehen haben. Gelebdt oder Eydt habe¬
1616 606 2576 746 er loeder dem Daniel noch dem Lieutl.
1619 705 2516 839 Gunter gethan, und seyn ihme auch
1607 825 2435 955 kein solcher angemuthet borden.
1623 922 2550 1031 Gezeuge, daß diß sein gewißenhoffter
1607 1009 2533 1141 völliger Gericht seÿn, so er hurüber
1614 1111 2538 1239 abzulegen büße, und Versichere als¬
1610 1206 2477 1323 ein Ehrlicher Man, daß, beu er die¬
1594 1309 2567 1440 geringste Bekantschafft und Muthmaßung
1607 1400 2523 1531 deß Comploto gehabt hätte, Er solches
1597 1494 2451 1623 Alsobald wurde angezeiget haben.
1691 1576 2421 1707 Abgelesen und besctähtiget.
1607 1669 2445 1832 Actum d. 23ten July 1749.
