3024 4032
363 457 509 561 444.
556 474 1422 731 Musculus, Studiosum
565 635 1463 834 Bekantnuß dem unglückhaftigen
539 723 1460 913 Reinchardt vorlesten laßen, ihme
556 837 1463 1013 aber alle gehlaungene Noth Mort und
544 939 1480 1113 zwange Thaten gnädigst nachlaßen,
569 1031 1454 1213 Ruthin mit aller Straffe Verschonn
551 1142 1469 1297 werden, Wiewohl er bey diesem
549 1262 1468 1423 allein einen großen Fchler in seinem
551 1346 1471 1498 Gelaißen Erbenne, und gnädigst
554 1452 1462 1600 umb anzuführender Gründen bille,
543 1543 1038 1699 abbitte; der seyn:
543 1644 1452 1782 dlaß er seiner Sohen und Gnädigen
539 1735 1445 1880 Oberbeit diese Verschlöhrung, soleit¬
545 1825 1424 1982 er sie kennete, nicht geoffenbahret
536 1925 1464 2082 habe; Allein dieserschon in sich selhste
530 2031 1431 2162 großen und Straffwürdigen fehler
543 2122 1074 2259 werde entschuldigen.
501 2216 1461 2365 1. Die starckei über alle übrige Pflicte
535 2304 1461 2462 mächtige Triebe der natürlichen Libe
526 2378 1460 2547 gegen einen Bruder und eine gantzen
529 2515 1450 2663 im Blut ihme Verbandte Famille, dien
523 2593 1438 2791 Er durch sein Angeben zu verderben.
523 2674 1437 2863 und in Unglech zu stürthen förchtel
493 2797 1442 2994 K. Erschreibte ihne das entsetzliche
505 2863 1436 3036 Ails eines Verräthers an einem Brude
515 2969 1435 3139 und Anderen englücbserligen Marsche
507 3051 1427 3271 maßen er sich imer vorstellte, daß
514 3181 1406 3382 auch in der Löblichste- Verrätheeig
497 3246 1429 3460 Wie diese geliesen köre, denoch des
500 3344 1429 3557 Verrath Ilaar gelobt und gelirbt, das
1346 3469 1434 3613 a
502 3452 1337 3649 Verrüther aber imer Verachtet,
1511 3234 1572 3366 2
2531 587 2656 688 4451
1661 591 2489 770 Musculus, Studiosus.
1658 737 2614 893 und als gefährlich von den meisten Leu¬
1642 846 2202 972 sthen gehaßet berde.
1604 944 2610 1102 E. Weil er ihr vorhaben nicht so entsetzlich
1652 1048 2599 1174 und Böß glaubte, dennoch aber aus ob¬
1630 1126 2600 1298 angeführten Reden dero Verzlreicfflung
1620 1222 2594 1373 schließen könte, so habe er aus Liebe zur
1643 1335 2587 1490 Sohen Oberbeit eine Zeitlang schlörigen
1631 1421 2586 1596 bollen, damit durch einen jahligen Über¬
1640 1506 2520 1647 fall diese Leuthe nicht zu blutigen.
1628 1600 2475 1732 und entsetzlichen Untermiungen.
1630 1711 2567 1839 schreiten, die sie sonst in ihrem Project¬
1621 1798 2546 1928 /: So bie ihme Mernir bezeuget:) ncht
1634 1897 1882 1991 verhatten.
1589 1978 2549 2101 2. Molte er es auf eine Bohlbedachte
1636 2061 2535 2163 und vorsichtige Weise an die Oberbeit¬
1613 2153 2447 2280 offenbahren, darzu er aber begen
1617 2235 2546 2353 Kürze der Zeit, in deren er ihme vor¬
1625 2320 2565 2449 dem Außbruch bekant worden; Wegen
1631 2422 2567 2552 seiner Angsthafften und Verlärrten
1603 2501 2570 2654 Rathlosigkeit, in deren er sich bey seinem
1621 2591 2577 2731 Vatter zu behelffen, seyn überEylt borden
1612 2687 2565 2823 so daß er sinther die Mahrheit genugsamt
1627 2779 2556 2902 überleget und empfunden, die schon im
1620 2859 2484 2996 Geid über seine damahlo betrüebte-
1621 2946 2571 3087 angsthaffte Gemüths, Verfaßung auf¬
1613 3049 2594 3187 "gesprochen, bau er sagl. Consiluis nulla
1629 3150 2589 3261 Restam inimica, quam Celeritas. Lid.
1647 3233 2580 3361 Man dan zu diesem ollem seine Unter¬
1622 3314 2593 3427 fahrenheit in Rechts- Sachen und ein vor
1625 3425 2586 3551 der Arbeit der Unterweißung zerstreubter
2369 3499 2572 3607 Gst
