3024 4032
371 436 499 521 245.
467 455 1432 711 WolBang Rudol Mausg.
494 653 1442 824 Auf dieses hin Betheurete der Inquicit
520 772 1479 929 daß er deßen ohngeachtet sich resolvirt,
532 879 1476 1028 ehender das außerste zu erbahrten und¬
521 978 1484 1147 zu leiden, als den Godthosen Project, be
526 1082 1471 1230 schen er jederZeith verfluchet, helden¬
533 1174 836 1311 ausfuehren.
485 1349 1408 1496 Grantz, Wiegsam der Sadtler und der
548 1471 1476 1595 Schloßer Walthert haben den Eyu der Ter¬
537 1570 1462 1698 schliegenheit auch gethan, wie er von Ba¬
554 1667 1480 1783 briel Gueter selbst vernommen; aber er
555 1753 1500 1881 buße doch gebuß, daß selbige so beniger¬
548 1847 1451 1988 mit dieser leydigen Sach zu thun gehabt,
536 1984 1463 2160 13. Aber die in seinem Hauß gefunden
536 2122 1464 2263 Gelter hat der Inquisit vernügliche Erlän¬
528 2217 1216 2367 terung und Gescheid gegeben.
479 2405 1485 2601 Nirter seyn nun die gebüßenhaft, und¬
540 2512 1485 2653 aufrichtige Zekantschafft, welche er von
531 2604 1495 2759 diesem verruchten Handel habe; Er habe¬
506 2679 1475 2849 solche ohnverlängter Weis Bekommen, und¬
510 2788 1476 2950 sich niehmahlen darüber, es seyn durch Ein¬
518 2888 1471 3068 schaubung der Schrifften noch mundlich¬
522 2969 1488 3140 inotruiren laßen wollen; alles oberzofte
509 3087 1472 3263 aber habe er, wie bedeutet, vernommen.
646 3159 1506 3352 Bitte Eine hohe Obrigkeit umb geide
482 3254 1495 3453 Verzeichung solch seines, gebiß nicht mit 1i s
506 3411 1012 3561 begangenen Tehlers
551 3504 1300 3661 Actum d. 8ten July 1749.
1545 1285 1626 1409 A.
1537 2208 1640 2369 H.
2584 322 2699 431 246.
1844 462 2277 608 amen
1819 578 2112 732 3Mit
1670 643 2661 909 Johann Rudolf. Myß dem
1691 810 2581 976 Subenschreiber zu Möhren, Atatis
1700 910 2509 1091 36. Jahr, verheyrachtet, und habe
1811 1040 2177 1200 Zloey Kinder.
1673 1222 2658 1376 Ihme seyn selbsten Bestens bekant, beß be¬
1678 1331 2583 1480 ogen er in gefänglichen Terhafft gezogen
1670 1435 2678 1556 worden, derowegen berde urmahnet, sein
1675 1524 2647 1664 Verbrechen, und in bie beith er sich darinern
1674 1625 2644 1739 implicirt, durch eine freye und runde Be¬
1676 1724 2646 1850 kantnuß, ohne das geringste nicht zu ver¬
1684 1817 2627 1951 halten, von sich zustellen, damit er dadurch
1672 1912 2634 2043 seinen Zehler verringeren, und wo möglich
1679 2015 2676 2153 eine Sohe Oberkeit zur Gnad bewegen möge.
1688 2197 2614 2313 Auf diß hin declarirte der Inquisit, daß
1684 2291 2625 2415 ihme von Brund deß Herthens leÿd seÿn,
1692 2390 2661 2518 daß er in einem ungleikseeligen Moment
1664 2481 2680 2610 sich hierzu einfrehren und impliciren laßen,
1692 2575 2659 2705 Die ganthe Verhaltnuß und Gebantschafft,
1664 2678 2677 2811 so er von dem leÿdigen Complot habe, seÿn
1693 2772 1862 2882 diese:
1664 2927 2653 3098 Zuletzt verbichenem Brachmonath, ohnge¬
1667 3050 2703 3188 fehrs vor dreyen Wochen, seÿn sein Verbandter
1673 3163 2681 3299 der Marchand Wernier zu ihme gekommen, -
1690 3269 2680 3411 welcher unter dem Praetect einer zu ver¬
2380 3381 2697 3521 fertigenden
