3024 4032
356 492 507 624 194.
395 3373 481 3536 d
418 2710 506 2843 F.
461 1608 537 1752 d
578 487 1449 713 Friederich Babriel Diseuren
545 639 1463 826 und gerber Kuhn Bekantschafft ge¬
532 725 1464 927 habt, diese Beyde seyen jederZeit von
553 826 1462 1019 dinen eyferigsten und hitzigsten in¬
543 921 1462 1107 diesem Complot und im Anberben ge¬
538 1039 1457 1214 "besen, und seyn wahrscheinlich, daß
557 1144 1415 1281 weilen Er auf die Listes gekommen,
538 1229 1459 1385 sie ihme von der Sach berden Commni¬
547 1332 1462 1475 cation gegeben haben; Solle sich also
555 1428 1457 1579 beßer Bedencken, und die Wahrheit¬
553 1526 1050 1647 nicht hiederhalten?
562 1623 1442 1768 Er bezeuge nochmahlen, daß beder¬
545 1723 1425 1852 obige Beyde noch Jnmand anders ihme¬
545 1834 1468 1945 kein Wort deßthalber jehmahlen geweg¬
535 1920 1428 2054 det, und obgleich Er dee Lieutenant
532 2017 1441 2160 Fueter öffers gesehen, so habe er ihnen
533 2115 1441 2253 niemahlen in Particulari  sonderen.
527 2196 1434 2346 jederZeit nebst noch anderen, und m¬
532 2297 1441 2436 diesem Complot gantz ohnenteresirtn
521 2402 1419 2533 Persohnen gesehen; Also daß er ihme
515 2494 1438 2631 deßenthalben keine Ouverture jehor
506 2605 924 2727 mahls gethan.
520 2662 1438 2853 Er sage: Mecler der Lieuth: Puete
515 2778 1445 2925 noch der Kuhn habind in seiner Gegrn
499 2869 1426 3006 wart von dießen Sachen nichts ze¬
511 2926 1424 3104 reilet, Ihne darzu nicht angeborten
507 3048 1381 3202 nicht anzuberben getrachtet: Er
482 3110 1424 3331 solle sich bohl besinneen Harer oede¬
516 3292 1413 3537 Er beharre darauff bey Leben ud
1221 3407 1416 3534 Gerbe
1488 2326 1561 2452 9
1507 2477 1566 2608 d
1519 1220 1609 1359 h.
2544 461 2712 576 495.
1627 514 2605 717 Briederich Babriel Scheuser.
1619 629 2688 829 Sterben, daß seine Außaag Bahrhafts,
1632 749 2713 919 und daß er deß Ohrts ohnschuldig seyn,
1610 844 2710 1045 dan sonsten, und da er allhier nichts zu vVer¬
1605 956 2640 1137 ienen habe, hätte er sich nicht lurken¬
1616 1077 2326 1224 auf die Citation einstellen.
1618 1166 2677 1322 ber dan auch von diesen ihme Betank¬
1597 1261 2661 1400 gelesenen und in dem Complot implicien
1588 1366 2696 1489 nten Persohnen, es seyn in Discoursen oder
1594 1468 2668 1605 sonsten, nichts gehöret oder gemercket,
1598 1575 2648 1685 von einem Unbillen gegen die Oberbeit
1591 1658 2663 1808 oder von beschbarden, deren sie sich be¬¬
1585 1763 2633 1902 eklaget, oder sonsten von Dessecns oder
1587 1866 1945 1992 Projecten so.
1602 2034 2640 2204 Er habe gar nichts dergleichen jemahls¬
1587 2129 2629 2254 geachtet, gehöret noch gemercket, das¬
1591 2231 2166 2355 bezeuge er vor Godt.
1590 2321 2652 2486 ber in Verbichenem Winter den Haubt¬
1573 2422 2609 2575 eman Herbort nicht öffters gesehen.
1589 2499 2570 2686 Nun, Er habe selbigen Bährend seinem¬
1581 2592 2629 2767 lezten Auf Enthalt, Allhier einmahlen
1556 2688 2633 2877 gesehen, auch nur nicht gelußt, daß
1578 2799 2644 2965 der Haubtman Herbort allhier gelesen.
1669 2902 2385 3067 Abgelesen und bestätiget.
1569 2957 2504 3181 Actum durch Michghl. Rathsherr
1545 3057 2655 3302 Freudenreich, Messon heorin AltErlegt
1546 3126 2640 3384 Stüger von Trachßelbald, herren Ohre¬
1568 3253 2641 3494 geltner Combach, Herren Großbeibel
1563 3342 2665 3604 Willading und Herren Brichschrübe
1568 3444 2548 3721 Batschet. dem 8.t Septbri 1749
