3024 4032
376 470 510 559 1a8.
579 475 1450 731 Danicl Berter, Suldier
548 697 1432 912 Vor ohngefahrt 14 Ragen an einem
569 818 1463 999 Zinstag, glaube den 1. dis Monato¬
565 936 1475 1100 seyn er mit dem Studioso keinhard ston
566 1015 1488 1190 der Spidtahlgaß gegen dem Hirtzen¬
564 1130 1480 1284 "Graben gantz Allein gegangen, Allen
567 1216 1459 1383 der Reinhardt zu ihme, ohne einechen¬
560 1329 1462 1480 gegebenen Anlaß, gesagt: Er bolle
553 1425 1474 1588 ihme etwas sagen, Und als Er Stettler¬
544 1524 1460 1667 gefragt. Mas dann? habe der keine
545 1630 1462 1771 hard zu ihme gesagt: Gell, du bist¬
548 1732 1455 1863 Patuiotisch. Er habe geantwortet Jn¬
536 1818 1465 1939 Worüber der Kiihardt ihme Beiters
524 1912 1440 2060 gesagt. Eh nun, so will ich dir sagen,
543 2019 1468 2142 daß Bürger sich zu samen verschbern
521 2105 1422 2257 zeigen, sie wollen sich wehren, und¬
544 2202 1455 2335 nit mehr leiden, daß man sie also
546 2293 1462 2421 unterdrucke, Er berde ihnen hiemit¬
544 2384 1462 2533 auch wollen beypflichten. Woraufer
532 2472 1455 2631 ihme bedeutet: Das glaube er nicht
532 2534 1464 2723 das sie machen wolten, es könne nichte
502 2628 1462 2813 seyn p. Worüber der Reinchard ihre
506 2728 1459 2919 gefragt. Ob er ihme dann ängst mache
522 2822 1455 3010 daten zuseyn. Er Stedtler habe hur
517 2916 1448 3098 ihmen Bieder verdeutet: Er könned
506 3038 1422 3220 nicht glauben, es ohnmöglich, die
482 3127 1449 3319 Reinhardt dan habe versetzt: Wohle
504 3238 1441 3427 seyn Ernst, er werde er bohl sehe
509 3304 1432 3486 Es seyen der Statt Licutenant Dusterih
501 3379 1443 3621 Schlager Mermer, der Rtitter Verund
2546 598 2657 725 209.
1686 588 2539 752 Daniel Stettler, Studiosus.
1668 733 2641 899 in Spifahl, der Haubtmen Gändtz, ver
1637 839 2613 968 Statt Schloßer Malther, der Kupffer un¬
1655 940 2604 1068 Sulgenbach, Bueter, Marchand, Roth¬
1641 1024 2607 1168 Gießer Mäußlin so. und vielemehr
1651 1133 2602 1276 daßen, Er solle nur zu seinem Schlaagen
1640 1217 2602 1363 Wernier komen, so werde er sehen, daß
1640 1318 2593 1453 es recht Ernst seÿn, Worüber Er Stettler
1649 1414 2584 1548 ihme gesagt: Nein, er gehe nicht dahin¬
1649 1500 2590 1630 Auf belches dan der Reinhard ihme also¬
1628 1587 2594 1730 bald geantbortet: Jetz müße er auf
1649 1686 2562 1823 lenigste dahin keinen, Er läuße jetz¬
1638 1789 2547 1906 schon zu viel, er müeße komm, und
1644 1872 2514 2014 dan er schon nicht davon seyn wolle, so¬
1634 1949 2578 2086 müße er sich verschlooren und Verstrechen
1616 2048 2564 2181 Niemans etloas davon zu sagen, sonsten
1619 2134 2580 2269 sie beyde, Reinhardt und Deponent, kenne
1640 2233 2532 2357 Augenblich deß Lebens sicher Bägen¬
1679 2307 2546 2452 Siß alles seyn vorgegangen Abends
1633 2397 2522 2499 gegen 7. Uhr, und habe der Reinharck¬
1624 2480 2546 2611 Absolute wollen, daß er alsobald mit¬
1630 2579 2448 2715 ihme zu seinem Schbager gehen solle,
1637 2656 2520 2791 welches er aber auszubeichen gesucht,
1631 2760 2547 2892 auch nicht thun bollen, sondern gesagt,
1641 2846 2516 2975 Er wolle ehender nach dem NachtEßen¬
1624 2927 2586 3064 dahin komen, und ihme bey seinem Schwa¬
1628 3030 2570 3170 ger nachfragen, welcher er aber auch nicht
1629 3127 2210 3252 im Sinn gehabt zu halten.
1682 3216 2541 3351 Gleichen tags habe er nach dem Nacht¬
1639 3307 2561 3440 Eßen auf din Kirchhoff gehen botlen, da zur
1632 3401 2537 3545 kan der Rinhargt bey de Schubgaßlin¬
2294 3479 2575 3588 angetroffen,
