3024 4032
371 1055 433 1135 4
374 1145 418 1309 6
367 1308 423 1402 6
360 1400 425 1500 6
362 1503 407 1623 c
377 487 436 610 17
475 472 602 582 32.
702 428 1414 646 Nulaus Wgernier.
586 594 1579 789 Broject enthalten, und vnß vorgelesen worden
607 694 1555 876 Hand in Hand schlagen, und gemeinsemlich
604 798 1579 976 außführen wollen; und daß Wir und aud
608 885 1568 1077 Verrähten an deßen Bluth rachen Wollen,
611 983 1559 1172 auch uus dieser Eydt beder von Geistlich¬
603 1088 1563 1215 noch Heltlichern Wollen außlösen laßen
587 1191 1570 1328 auch selbiges weder Lebhaffte noch Leblosten
562 1291 1250 1452 Coraturen zu offenbahren.
455 1462 1564 1637 9. 4 bnicht vnd In belchen Ohrten sie zue Vn¬
566 1572 1555 1724 sbey Maßenglähe allhier bestimet, und
551 1669 1441 1821 Wer ihnen darzu vorschub gethan?
452 1823 1562 1993 Anthe Sie habend ins gemein dason geredet, ihr
549 1933 1549 2105 Etaun 15. biß 20. beÿ Schiffleuthen zu
558 2055 1559 2188 nacht zuspeisten, weilen vermeldet borden
555 2159 1560 2304 der Egen steye unten ein, Mann könne
553 2273 1565 2398 dann seine Gebehr nemen, Selbiger aberst
555 2347 1501 2485 nicht vom Complot; Sodene habe der
537 2455 1546 2606 Kupffer im Sulgenbach Auß gestagt: Ein
531 2553 1536 2696 quar Tag vor der Exccution bolle er¬
526 2657 1560 2824 seine Gebehr in die Statt Ferggen laße
387 2831 1561 3004 G. 52 Ob, und Bas stor Borespondenten, in in so
518 2949 1550 3099 äußert Landts, mit Wein, und in Bat a.
500 3090 965 3218 sehen gehalten2
357 3226 1558 3442 Anteit biße darston gantz und ger nichts, b
1502 3373 1567 3513 c
487 3383 1464 3559 daß er selbsten dergleichen gehalten
1569 2464 1642 2591 9.
1581 3157 1716 3302 Autb
1602 1528 1662 1645 9.
1588 1800 1702 1896 Ankl
2686 410 2800 507 33.
1857 430 2653 617 D. Culaus Bernier.
1689 594 2800 776 daß er biße, daß jemand vvon seinen Compli¬
1714 736 2763 873 lls solche gefuehete Babriel Gueter habe
1712 802 2781 962 ihme verdeutet, die Metzger, so öffters ins
1700 922 2773 1055 Gaub, und die Gerber dannn welche öffters
1706 1017 2798 1166 aufs Land gehen, berden hin und her mit
1711 1107 2801 1251 leuthen erden; was ihme aber der Lieutl.
1701 1202 2720 1345 Zueter gesagt, das habe er in vorigen
1703 1300 2333 1447 Cocaminibus bekennet.
1699 1448 2810 1636 Ob nicht noch mehrere, als die bereits ange¬
1707 1584 2829 1733 gebenen, sich in diesem Complob befinden?
1733 1779 2719 1912 von Lieutl. Bueter habe er vernommen.
1694 1876 2804 2019 daß auch haubtman Herbort in dieseme
1687 1985 2821 2120 Complot gelesten, habe biß hiehin sich nicht
1710 2084 2838 2224 an selbigen errineret seye aber damahlen
1700 2174 2853 2321 bider darauß ohm, als er Inquisib darein
1707 2273 1927 2383 kommen.
1686 2459 2842 2622 Ob die so in den Complot getretten, nicht auch
1697 2584 2771 2729 geschwahren, und sich zusamen verbunden
1704 2683 2838 2826 haben, Zahle die einten entdebt, und ge¬
1694 2760 2838 2932 fänglich angehalten burden, deßen ohn¬
1695 2873 2857 3061 geacht diesen Leydigen Project über kurtz
1712 2980 2755 3148 oder lang, gleichfahls auß zuführen?
1731 3105 2862 3364 Mann habe davon geredet, Einnas all¬
1696 3278 2859 3494 fählig möchte ergrißfen berden, zu schutzen
1699 3383 2730 3583 und zu schiemen nach allen Kräfften,
2673 3561 2860 3710 Vonp
