3024 4032
357 2642 448 2801 G.
328 2867 424 3013 H
347 3002 431 3116 H.
312 3220 417 3412 3
352 432 513 561 184.
762 405 1027 511 9 t Ex.
571 475 1392 687 Goh: Griberich Kupfer.
487 630 1465 814 Gueter wie auch der Berber Kuhn seynn
526 755 1481 889 dieser Meynung gewesen, Ob mit gut
520 820 1420 975 bare, ein Haußin Frand zusteben,
511 927 1486 1091 damit, Hanm Meÿhlen sich auf das Raht¬
499 1040 1466 1186 hauß begeben, man sich ihrer Auf diese
530 1129 1465 1260 weiste bemachtigen kone. Diesem
508 1209 1459 1365 Vorschlag aber habe er Inquisit und der
520 1327 1487 1473 Studelst Wyßsich wiedersetzt, darüberhin
525 1411 1214 1574 selbiger Verworffen worden.
527 1514 1475 1661 Endlichen habe es auch geheißen (. Hiewoh¬
517 1611 1463 1744 len deßhalber nicht beschloßen worden,
520 1707 1472 1856 das besteseye mit dem Schifbeuten Vihet
502 1805 1448 1951 Scharer, so auch von dem Coplotseye, zu
505 1892 1432 2059 reden; Slbiger habe in seinem Hauß
505 2010 1456 2129 platz, eine genugsame Anzahl Bürger
509 2087 1474 2201 Bährend der Nacht zu versteben, so dann
494 2184 1471 2315 Bann Meÿhl. Allesamethafft auf dem Raht
488 2279 1456 2428 Hauß versamlet seyen, köne man sich
489 2374 1475 2523 auf solche weise Am besten ihrer Bemah¬
460 2462 1405 2607 stigen, und auf dieser Weiß boue die
464 2555 1297 2697 Hach ohne Reut vergießen zugehen.
471 2656 1450 2810 Obihne bekant, daß der Schif Luthen¬
453 2746 1441 2905 Wihrt Schäree von diesem Complot seyd.
472 2866 1137 3028 Rein das Buße er nicht.
468 2977 1440 3138 Vann wie gesagt, Sie ihr Complot außge¬
439 3044 1469 3210 führt hatten, was mit Mughlen hätte solle
405 3165 1010 3291 vorgenommen werden.
444 3246 1450 3411 Auch welche beiste es zugehen sollen, haben
424 3301 1472 3514 Meghlen in Verwahrung genommen woeden
1502 2470 1554 2618 3
1509 1917 1570 2072 8
1511 1273 1569 1418 1
1505 882 1604 1022 4.
2588 146 2761 275 183.
1932 300 2227 420 Ites Ex.
1581 274 2495 678 geterslite
1570 438 2760 809 piseheeteste
1584 696 2053 907 so des Cunin
1586 713 2735 1008 Ob mit wahr, daß er proponirt, Van 100
1576 790 2736 1091 seyen, solle man sich auf dem Gueten Ver¬
1587 925 2728 1181 kamlen, alle ins gestamt, und da das noh
1580 1032 2655 1296 sige in ansehen der Exeuction aberden?
1607 1136 2712 1382 Mein, er habe das nicht proponirt, wohl
1578 1276 2693 1477 vor der in seinem Hauß gestatteten Ver¬
1578 1369 2737 1561 samlung habe man davon geradet, sich et¬
1591 1509 2594 1676 von auf dem Burten zu versamlen;
1589 1610 2633 1763 ege auch in obiger Versamlung geredet
1589 1706 2668 1888 worden, sich noch mehrere mahl zu Ver¬
1589 1814 1784 1947 amlen.
1590 1919 2709 2057 Ob nicht Auch damahlen geredet worden
1580 2027 2662 2164 daß bey vornemender Exequirung deß
1574 2106 2640 2255 Complots, man alles Massucriren wolle?
1598 2221 2619 2389 lebesine sich, daß Lieutl. Haudz gesagt,
1588 2326 2595 2485 wann es darzu kome, solle man machen,
1584 2422 2431 2568 lonte qui coute, wie man bönne.
1588 2490 2733 2720 Vas noch vor andere Meynungen, mansehen
1588 2607 2583 2784 der Außführung deß Brojects gefallen.
1627 2712 2724 2916 händz habe Auch gerahten am Tag zu
1595 2805 2702 3003 exequilen; Er zeg dann habesich ver¬
1580 2871 2687 3089 lanten laßen, Er habe von einem Guten
1563 2974 2730 3224 Frund s:B. dem H. Ochs, welchen er mit be¬
1581 3089 2721 3338 namset) gehört, das beste ware, die Sach
1594 3196 2649 3415 verm Stands Blied zu comuniciren;
1580 3239 2726 3536 vorüber ihm aber die Andern Außgelachet;
1579 3345 2691 3613 Er bezeuge, daß er diese Meinung nur
