3024 4032
417 480 519 563 12.
639 467 1426 668 Milaus Beried
534 578 1561 779 Hueter habe ihme Aber auch schon, damahlen
534 685 1574 861 verdeutet, daß in Kurzemer ihme Inquisiten
538 799 1485 950 hierüber mehrere erläuterung geben wolle;
546 896 1529 1048 auch habe er ihme zugleich eine Liste vorgezeigt
548 982 1544 1178 Auf belcher ohngefährd ein Par Hunders Bürger
555 1077 1546 1246 außgezeichnet baren, mit Verdeuten, daß von
546 1171 1546 1336 selbigen Bereits etwann 40. seyen, welche das
538 1275 1565 1435 geheimuns beschworen, und er habe hoffnung,
524 1381 1585 1533 daß in Kurzem, die übeigen es auch beschwören
555 1502 744 1626 Berden
563 1642 1571 1811 Als er damahlen bey dem Lieuth Gueter ge¬
413 1660 523 1813 Er
550 1773 1549 1897 besten, ob er ihme nicht auch von einem
534 1862 1027 1993 Memorial geredt?
556 2036 1577 2187 Ja, so viel ersich ereineren köne, seye, davon
417 2039 535 2164 Ants.
532 2157 1564 2295 geredt borden, so an Meghhl. und Obern ge¬
532 2231 1594 2380 stelt werden sollen, durch belches man Trachten
550 2345 1536 2499 wollen, dem Verfahl der Bürgerschafft Sider
537 2431 916 2578 aufzuhelfen.
560 2621 1589 2764 Ob nachbährts man ihme nicht eine mehrere
399 2614 528 2755 Gr
531 2721 1534 2890 Verbindung durch Eydt zugemuchtet habe?
426 2916 532 3032 Auts.
568 2872 1586 3070 Tags, oder Weystag hernach seye der Lientz.
496 3023 1576 3193 und der Gabeiel Gueter, sambt dem Goldchund
510 3140 1595 3276 Hinter zu ihme gekommen, und konesich nicht
531 3229 1547 3389 Bohl Sesinen, Ob mit auch der Haubtmann
507 3331 1573 3507 Hänz darbey gewesen, habend ihne durch
1639 1734 1742 1877 Fr.
1639 2133 1784 2253 Anto.
2696 371 2825 478 13.
1866 446 2615 626 Mulaus Bernier.
1687 584 2834 732 Discoursen zu dem Prozect in mehrerem ange¬
1729 666 2822 828 feischet, ihme auch diejenigen Persohnen Ver¬
1760 757 2824 917 nambset, belehr sich bereits in diß Project
1736 861 2840 1009 Edtlich verpflichtet, welchem nach ersich auch
1748 936 2832 1094 persuadieren laßen, durch eine Neube Ver¬
1745 1040 2851 1185 pflichtung, in Abstattung eines Gelöbdts, unter
1734 1127 2853 1270 der Verbindung, deß vorigen eydts, der Exe¬
1764 1224 2798 1375 cution diesers Prozects beyzustehen; und
1745 1339 2881 1488 habe er sich damahlen auch engagirt, so viel
1773 1425 2876 1588 möglich, die seinen freund und bekandte, zu
1767 1536 2574 1692 diesem Sundtnuß anzuloerben.
1756 1687 2832 1882 Wa uun von dieser Zit hunbeg, biß zu
1758 1835 2883 1976 der ersten Versamblung deß halber vorge¬
1772 1951 2011 2084 gangen?
1785 2073 2899 2274 Die habend Jeglicher seiner seiths so viele leuth¬
1766 2231 2908 2364 Als möglich, angeborben, und bald darnach ha¬
1774 2312 2893 2463 bend sie sich verglichen, sich zu bebehren, die
1750 2430 2915 2579 Hh Hueter im Laden habind anfänglich über¬
1746 2531 2916 2673 sich genommen gehabt, ein Kisten gelehe von
1748 2619 2898 2791 si stiene zu beschicken, Nachwehrts habend sie
1786 2722 2919 2867 einen Brieff abgelesen, darauß Sie gezeigt
1779 2812 2865 2966 daß sie von dannen keine bekomen könen,
1744 2926 2965 3104 Darauff man ihme Comission gegeben, etwelche
1748 3018 2876 3200 par Sach Pistolets für die eint, und andern
1774 3127 2949 3279 von Beuf zu beschicken, habe aber nur ein
1776 3256 2950 3414 einziges Par fur sich selbst beschichet, welches die
1774 3365 2840 3532 jenigen seyen, so bey seiner gefangeno
2691 3475 2942 3640 nemmung
