3024 4032
495 409 560 471 11
720 346 1386 562 Haudtmantzundh
479 454 675 606 Dr ap.
612 510 1582 705 das project mit gewalt der Waaßen auc
607 617 1566 805 fuhren: der Eyd aber, daedurch siesich e.
629 715 1581 893 dieser außführung verbinden sollen, hate
625 817 1575 1004 erst bey der letzten GeneralVersamlung
621 949 1252 1100 sollen proponirt werden.
510 1083 1564 1316 AOber über disen Complot mit Niemand
618 1210 1593 1377 von außern Ohrten Coerespondirt habe?
645 1340 1330 1528 Nein gar mit Niemand.
502 1369 629 1551 B
538 1519 1590 1717 DOb nicht auch geredet worden, Man bolle an
618 1643 1590 1782 eint und andern Ohrten die Hauser Ansteben
514 1747 1582 1967 D. Ja, bie er gleube, seyn es von Gerber
582 1875 1573 2028 Ruhn proponirt, aber alßobald Unthun,
588 1997 1216 2127 lich verborffen worden.
507 2164 1574 2314 D Ohne Zweisfel seyen sie auch über eins Ge¬
609 2266 1549 2403 komen, daß, fahls der eint oder andere
594 2359 1558 2510 von ihnen entderet, und angehalten
606 2458 1582 2599 wurde, bas dann zumahlen zu Thun
603 2556 842 2679 Page. c
484 2690 1592 2892 Rß Jan es seyn verabendet worden, solchen
568 2847 1541 3001 fahlt alßobald ein Zeichen zu geben,
581 2946 1598 3111 Da dann mann mit gelaffneter Hand
581 3045 1618 3224 außziehen sollen, umb den behändig,
556 3119 1428 3326 sten, bo möglich, zu erretten.
2816 48 2966 210 497
1611 180 2723 504 d Hr. Haubtmann Handz
1770 413 2884 644 Was das vor eine Schrifft gewesen,
1660 543 1793 720 H.
1768 493 2967 767 belche er zewrißen, da man ihne visi¬
1769 702 2143 841 tirt habe?
1765 820 2858 1057 Es steye ein Grieff gewesen von dem
1658 928 1775 1107 2
1756 898 2996 1166 Andl. Stettler an seinen Schrager Marcham
1765 1061 2974 1261 Werier, darmnen er verdeutet, er habe
1759 1158 2920 1377 sich gerohmen, und wolle nichts mehr mit
1770 1272 2920 1463 dergleichen Sachen zu thun haben;
1767 1357 2970 1553 Wolle aber das geheimnuß halten; Er
1754 1468 2939 1661 Inquisit habe nicht diesen Brieff, sonder
1780 1568 2980 1763 die dabey gewestene liste zerreißen wollen
1789 1757 2914 1946 bezeugeten Er habe anjezo die völlige
1791 1888 2920 2054 Wahrheit seines Verbrechend bekennet
1770 1995 2940 2141 bereute seinen Zähler, und bitte Eine
1779 2123 2726 2267 heche Oberbeit umb Verzeichung.
1893 2211 2930 2419 und bard lider ausem ohrt geführt.
1778 2381 2941 2563 Actum in der Obern gefangenschafft
1827 2483 2458 2663 den 7t Julÿ 1749.
1768 2712 3026 2970 Alß ihme abgelesten, und durch auß bestä¬
1780 2880 2685 3074 thiget den 12ten Julÿ 174 9.
