3024 4032
450 2208 564 2352 G.
437 2456 551 2648 8.
558 1002 639 1175 4
538 1319 625 1474 2
524 326 643 461 294.
746 328 1447 529 Beats Lüdrlig Lerber
684 469 1582 699 Als daß sie beyde von der Ahemöglich ich¬
692 540 1533 752 diesers Projects mit ein ander geredet¬
671 624 1576 873 War sie aber Beiter gesprochen, seyn ihme¬
652 728 1573 979 begen seinerschlechten Gedachtnuß niht nehr¬
676 848 973 987 in Mißen
667 1033 1568 1261 War ihm sonst von diesem Project belau¬
646 1156 1405 1304 solle alles von selbsten Bekemnen2
635 1344 1532 1516 Es seyn ihmer von diesem Project boeiters¬
647 1447 1530 1616 nichts bekant, Man habe ihme davon nichts¬
628 1547 1537 1721 gezeigt, noch abgelesen, indem sie ihme nichts¬
625 1648 1491 1794 getraubet; zumahlen der Licutl. funter,
614 1736 1541 1885 Als er ihme einsten im Statt aufgehen ange¬
611 1816 1524 1972 stroffen, zu ihme Inquisiten gesagt: Ich halte¬
616 1903 1494 2064 nichts auf auch, Seye auch in keiner Ver¬¬
580 2020 1052 2154 samblung gebesen.
601 2199 1492 2337 Ob er zu diesem Complot Hiemand ange¬
578 2311 1499 2437 Worben, oder von denen Sachen geredet
568 2483 1482 2624 Er habe Niemand angelorben, Cocsl. habi¬
548 2589 1472 2739 er mit Hoffner Hrutig, der Ihme Col. be¬
542 2686 1467 2819 kant, deßthalber geredet, zumahlen ihm¬
539 2782 1443 2922 die Anderen dahin abgeschicket, und danr¬
529 2898 1454 3032 ihme solches gesagt, mit Verdencken, Er sige¬
507 3006 1424 3144 für die Bürgerlichen Freyheiten ein Bohlge¬
488 3103 1431 3257 sinter Mann, habind die Anderen ihne an¬
484 3195 1428 3356 gelorben und zuschlehren gemacht. Wi ihr
466 3309 1396 3466 solches Gebriel Bueter gesagt: Welches
1207 3404 1393 3504 Gabeub
1596 1369 1675 1509 2.
1623 1133 1689 1237 4.
2625 308 2746 409 298.
1756 331 2351 570 Gls Ludlig uber
1711 539 2681 759 Gebech hueter seines Beduecken 5 der aller
1716 664 2676 845 Pthigste in diesen Sachen gelesen, maßen¬
1719 762 2631 911 wollheit hin und her gelosen, umb anzu¬
1688 919 1863 1062 Herben.
1692 1055 2583 1225 Ober von dem Micheli deßohrts nichts
1688 1178 2000 1318 onden gehört?
1684 1354 2646 1502 Sein nicht das geringste, kenne auch selbigen
1678 1480 2619 1598 nicht. Wüßte beiters von diesen Sachen ein¬¬
1662 1576 2552 1700 mahl nichts mehrers zureden; habe sich
1668 1665 2661 1795 luchtsöniger Weise anwerben laßen, deßen
1661 1778 2496 1902 er sich schon einiche Zeit sehr gewohln;
1660 1871 2605 1986 Übrigens aber habe er doch nicht mehrers¬
1649 1954 2596 2096 darbey verfehlet, als bos er hierben ange¬
1644 2065 1803 2186 egeben.
1806 2156 2235 2301 Confrontation
1629 2321 2567 2446 Als hierauf der Chorbeibel. Scheurer über
1637 2419 2583 2545 obigen ihm berührenden Articul gegen den
1636 2514 2582 2643 Kerber Confrontirt horden, hat er über die¬
1630 2605 2507 2737 an ihne getruckte Frag: Ob er nicht dem
1627 2701 2554 2831 Lieuth. Burter gesagt, der Lerber habe ihme
1624 2764 2548 2929 eößnet, die Bürger berden in den Feriou¬
1630 2878 2519 3031 die Maasten ergreißfen? Endlichen, als er¬
1624 2969 2475 3126 darüber Tergiversiert, eingestanden, von
1624 3066 2619 3232 Lieber gehört zuhaben, die Bürger Berden gegen
1612 3162 2564 3327 Jacobi Wngs 2 ein Memorial vortragen,
1624 3278 2549 3439 und wan man Sie nicht anheren Bolle, so¬
1628 3360 2436 3519 Berden Sie die Maaßen ergreiffen.
2369 3475 2586 3583 Worauf
