3024 4032
533 368 661 460 282.
878 440 1253 565 Famen
989 546 1132 651 Mi
655 612 1544 848 Prinrich Köeher von Zurm, Sh.
763 742 1445 937 Meister im Großen Spittall.
854 899 935 965 2
672 947 1540 1127 Declarirte in Ansehen Lieutl. Bu
674 1034 1519 1207 ters. Es könne in Crca am Jahr seyn,
669 1132 1526 1308 daß Er bey dem Verbirrten Hunterge¬
665 1245 1528 1395 liesen, und hernach begehrt habe, zu dem¬
659 1330 1518 1494 Micheli zu kommen, welches auch gesche¬
654 1430 1522 1580 chen, inmaßen der Micheli ihme Her¬¬
645 1537 1520 1672 nach gesagt: Quine Cavoct pas connu,¬
640 1624 1503 1773 mais que Foucter Luy avoit dit quil la¬
628 1729 1146 1839 qvoit vu a Paris. sn.
624 1788 1489 1940 Er könne sagen, und habe sich siesher er¬
630 1900 1496 2058 oinneret, daß der Gueter sinth dieser¬
592 1967 1499 2145 Zeith ihm Micheli ehl. 6. Vroctes gemaht¬
605 2079 1490 2250 Miße aber mit, was Sie mit einander ge¬
588 2172 760 2274 predet.
726 2267 789 2324 I
585 2264 1476 2392 Der Gueter feye vor Ohngefehrs 5. Mohin¬
592 2368 1477 2503 einmahl da gelorsten, und habe sich wohl. Ibig
565 2459 1456 2597 Seund in dem Hooff bey Ihmen bey den¬
550 2530 1459 2697 Rumelin aufgehalten; Siethero sey. Er¬
563 2663 1467 2793 noch Einmahl zu Ihme gekommen, da siin¬
555 2756 1239 2882 Tochter ihm die Thur eröffnnt.
494 2899 1442 3081 en Cijungum Vereier belaengen,
514 3039 1451 3185 So seyn selbiger gar benig und vielleicht nit¬
516 3149 1425 3292 über zlongmahl bey dem Mictzelj gebese,
496 3242 1451 3390 glaube auch, es seyn wohl ein halb Jahr, daß¬
2627 310 2758 400 283.
1834 360 2354 557 chinrcs Röcher.
1731 476 2633 676 somit bey Ihme in der Stube gewesen;
1720 586 2676 763 Im Hooß, loo die Compagnie sich versammle,
1721 676 2595 836 konne Sie Einander Gohl. gesehen haben,
1713 792 2346 943 Welches er aber nicht biße.
1643 956 2607 1152 Von übrigen Verdächtigen Persohmin¬
1693 1086 2619 1238 könne Er gar nichts sagen, daß Inmand
1687 1176 2610 1344 zu dem Mictelj gekommen, Äußert
1693 1290 2620 1420 daß benigstens vor einem halben Jahr¬
1677 1395 2615 1540 Babriel Gucter einmahl zu ihme ge¬
1673 1494 2620 1609 kommen, glaube wegen einer Corres pon¬
1677 1577 2592 1696 idenz mit einem gelaßen herren Von
1667 1664 2615 1806 Sasel, von deme Er wegen seinem Ber¬
1667 1783 2531 1915 mometio einiche Commission gehabt.
1682 1955 2380 2107 Abgelesen und Confimirt
1658 2097 2581 2300 D Eetum in Außern Stilchl
1711 2244 2290 2407 d. 14 ten Juliÿ. 1749.
