3024 4032
349 1961 474 2122 E.
369 463 585 604 G. 374.
671 430 1552 608 Mulaus Berner.
548 596 1566 776 Von dem Übeigen aber seye seines Bußen
594 728 1095 858 nichts gerendt worden
441 898 1581 1053 9 Was die in seinem Exlender stehende Rachen in
554 1006 1559 1148 Eund übrige Eiguren, becenten, jesonder,
547 1091 1567 1239 heit die jenigen, welche neben Standt Persohnen
505 1198 919 1329 ich befindens 2
587 1275 1568 1430 Hirauf als er gehändert, und lange mi
527 1380 1556 1507 der Sprach nicht hervor Bollen, wurde er¬
516 1476 1568 1633 durch den Scharfeichter auff die Solterbais
513 1599 1553 1740 gebunden, und da er jederheit bräffig und
514 1685 1559 1815 ernstlöhrtig ermahnet worden, die Bahr¬
501 1774 1549 1909 heit Aufrichtig zu bebeuen, gabe er zue
495 1886 720 1985 Antwort
504 1963 1549 2111 das e bedeute Kopf abhaulden, das A.
493 2075 1539 2206 Abstehen, andere bedeuten bannisiren
493 2167 1536 2316 und noch andere bezeichnen diejenigen
484 2268 1552 2425 von Mughhl. den Burgern, so der Bürger¬
484 2371 1547 2488 schafft nicht gunstig; diese Zeichen aber hab
484 2471 1521 2627 er ohnvtersihtiger Beiste gemacht, umb sich
496 2581 1552 2707 bey den übrigen Consorben beliebt zu mach
471 2680 1540 2818 Babriel, Hüeter habe ihme Gesagt, er habe
473 2776 1550 2933 Auch eblelche Perstohnen bezeichnet; Er be¬
451 2888 1546 3035 Zeuge aber auf leben und sterben, daß
444 2988 1543 3151 Obschon er diese Zeichen ohnbesonener Weist
470 3079 1543 3261 in sein Calender gemacht, deren Bedenke
440 3195 1510 3374 Doch nicht seine Meinung gebesten, und
433 3318 1522 3478 daß er zusolchen Gottlostigkeiten mich
427 3435 1178 3574 mahlen geholten hätte.
1563 3182 1639 3360 R
1580 2579 1664 2752 9.
2672 432 2794 544 35
1837 446 2686 637 DCiaus Bermer
1673 646 2740 794 Auff diß hin, und da der Inquisit in
1707 751 2749 907 Obiger Dostur waren und die 5. Vorste¬
1704 850 2763 1000 henden ersten Quaestionen nochmahls an
1714 942 2676 1081 ihne gedeukt worden; Er bate umb
1716 1032 2757 1165 Botter bilten ihme mit der Marter zu
1705 1138 1965 1259 Verschonen
1680 1214 2785 1372 Da nun hierauff Mehgulohhl die Examina
1707 1317 2701 1477 toren sich bedembens gemacht, diesen
1682 1418 2806 1560 Inquisiten Alsobald an die Marter schlagen
1688 1512 2804 1647 zu laßen, Sintemahlen er alles zusprechens
1701 1613 2820 1762 ohngachtet, ohnveramet auff seinen letzten
1689 1720 2815 1860 Depositionen verblieben, So habend hoch¬
1648 1817 2796 1955 Vorgemelt Nehgubhhl. sich aparte zusah¬
1709 1916 2827 2063 men gethan, und berahten, Welchemnach
1693 2013 2833 2178 dieselben sich entschloßen, dem Deliquen¬
1696 2120 2812 2271 ten sein Eramen nochmahls vorlesten
1689 2214 2836 2388 zulaßen, und nachdeme Er solches von
1691 2304 2801 2475 Wort zu wort bestäthiget, haben Sie
1684 2413 2737 2587 folgende Quaedion an ihne gedrukt
1700 2593 2837 2794 Ober dann über alles das, soer gefragt
1693 2726 2778 2875 worden, die paure lautere Wahrheit
1689 2810 2800 2973 allso geredet, daß er nichts mehrers da¬
1695 2926 2811 3079 rüber zu entdeten habe, solle sich bohl.
1682 3014 2839 3203 besmnen, und sein gebußen entladende
1686 3203 2832 3381 Er bezeuge, daß er anjeso alles außrichtig
1692 3325 2800 3499 bebeuet, und einmahl von diß Complots
1674 3408 2795 3593 begen sein Gebüßen völlig entladen habe.
2669 3569 2806 3709 auf
