3024 4032
365 3232 448 3340 4
367 255 489 358 912.
725 213 1073 416 Ciamen
800 386 948 482 Mit
506 415 1358 639 Fmanueb Dcss. dnn
512 577 1422 778 Marchand, Atatis 34. Jahr, Ver¬
581 684 1346 830 heerathet und habe 3. Kinder.
524 875 1422 1060 Nach gebohnter Kräfftiger Vermehrung
521 979 1424 1139 alles was ihme über diese Sachen beim
521 1084 1427 1240 kaut, frey und vnnd zu bekommn, der
524 1175 1089 1314 clarirte er folgendes:
524 1388 1405 1512 Verleichenen Sonntag deey Mochen¬
527 1471 1431 1608 hate man bey seinem Haus gesagt (iund¬
528 1572 1422 1710 bie er nachmittags von Licutf: Bunker
540 1671 1429 1797 selbsten vernommen, seyn er er selbsten ge¬
530 1769 1428 1888 lersten./ Er solle sich bey Marchand Weren¬
529 1846 1416 1979 Nachsittags einfinden; Dahin seyn er¬
518 1955 1409 2078 gegangen, Allda seye geredt borden,
524 2048 1414 2170 Man Wolle trachten, die Bürgerliche Brey¬
523 2120 1414 2274 heiten bieder hherzustellen, daraufergen
524 2237 1425 2374 sagt: Man die Sach rechtmäßiger Mud¬
526 2335 1427 2473 zugehe, und durch eine Supplication an
517 2416 1418 2575 Megsrn geschehen solle, so wolle er auch dazu
525 2548 744 2633 entretten.
513 2603 1434 2741 In der Versamblung habe man das gelatt die
513 2706 1431 2859 Verschlöngenheit gethan, und darauffen hae-
519 2798 1408 2932 der Haubtman Handtz etbas auh eine
507 2863 1423 3036 Schrifft abgelesten, die ürgerlichen Briglide
519 3013 735 3158 ansehend.
516 3184 1388 3308 Ob zuter Niemand mit ihme dießer Schen
502 3286 930 3396 halber geredt habe?
1508 523 1576 678 A
1654 252 2285 445 manuel Oehs.
1622 453 2500 594 n zuvor habe Niemand mit ihme¬
1614 564 2534 695 ieser Sachen halber geredt; Und Ehe Er
1601 659 2501 808 digen Eyde oder Gelübet geleistet, habe
1595 770 2540 899 e begehrt, Man solle ihmen sagen, horome
1600 874 2493 997 dieser Project bestehe? Welcher Man
1600 967 2522 1101 ihme auf Moredrigen Tag zu thun Ver¬
1597 1066 2483 1217 sprochen; Da habe er zunstagt den
1599 1175 2547 1315 Marehand Wermier bey dem Ruth angetroffen
1587 1270 2513 1382 und ihme verbißen, daß Mann Ihme das
1581 1357 2506 1518 Project nicht Communicirt habe. Habe auch
1598 1464 2481 1593 den Marchand Luth abgehalten, daß er
1594 1566 2537 1690 dem Mermier nicht habe Gehor geben wollen,
1593 1669 2504 1798 Auch schon Montags habe er dem Mar¬
1578 1752 2476 1876 seband Christin gesagt, er bolle damit
1597 1850 2475 1970 nichts zu thun haben, oder Man nene
1599 1942 2097 2053 es Supplicando vor¬
1595 2027 2488 2169 Von Abänderung der Regierung
1603 2116 2513 2244 habe er nichts gehört, auch nichts von
1600 2204 2483 2334 Anderen Projecten, beilen er mit deno¬
1596 2297 2492 2431 Marchand Herrmann der Erste Beyge¬
1599 2433 1791 2514 gangen.
1604 2482 2503 2595 Mit Babriel Bunter habe er dieser Sachen
1601 2571 2504 2680 halber nichts geredet, und bau er von dem¬
1612 2661 2483 2790 Project gelußt hätte, so würde er sich gar
1598 2759 2235 2865 nicht darein eingelaßen hhaben
1608 2825 2490 2966 Von einer Supplication, die Verbeßerung
1606 2930 2495 3073 der Bürgerlichen Breyheiten in Ansehen der
1603 3018 2530 3180 Hamdtbercken und Professionen betreffend,
1602 3134 2514 3254 habe er freylich geredt, und dahin gesinnet,
2356 3220 2518 3322 selbige
2499 210 2622 310 313.
