3024 4032
371 488 535 601 164.
471 2535 529 2650 3
474 1338 538 1474 G
492 1556 563 1660 3
495 1726 553 1853 E.
612 477 1344 700 Rudolß Werma
547 640 1452 858 Conspirations obhanden, habe selbiger ge¬
558 755 1437 953 antwoortet: Er habe schon lange geglaubt,
548 832 1422 1022 es werde einsten so komen; darüber¬
540 937 1464 1135 habe er ihme die Verschbiegenheit abge¬
541 1036 1465 1238 forderet, Worauf er ihme en General¬
546 1167 1446 1313 parte gegeben, Particulariteten aber
557 1245 1200 1388 könne er ihme nicht sagen.
578 1333 1396 1520 Wie der Einzeicher Steck auf seiner
552 1435 1185 1569 Bruderr Liste gebomen?
578 1552 1457 1701 Er habe seinem Brudker einfaltig gesagt,
551 1654 1408 1769 er habe mit ihme darven geredet.
576 1747 1372 1867 Ob nicht bahr, daß er gesucht, den
536 1842 1470 1963 Pasteer Brutig anzuberten, Selbigem
558 1930 1471 2052 den Eyd der Verschloiegenheit zugeruthet,
532 2030 1475 2146 Ihme auch von einem Mediatoren gere¬
545 2124 1460 2260 det, zu welchem Megsson mit geboßen,
533 2224 1427 2351 ter Hand sollen angehalten berden,
555 2300 1465 2417 belcher die Bürgerlichen Sachen schlichtig
544 2407 1441 2546 vido deß Hrutigs gantze Depositoni¬
567 2509 1465 2647 Er Negicre, dlaß er den Brutig anberben
540 2588 1452 2748 bollen, sonderen der Hautig habe vor der
514 2675 1450 2854 gleichen Sachen mit ihrem diseoirert, und
518 2770 1455 3010 seyn schon Vorhero von Lerber und Rch¬
514 2899 1448 3098 gießer Maußlin deßen Berichtet gebe
518 3021 1444 3191 esen; Auch negiere Er Ihme, vor eie
529 3067 1454 3273 rediato gerad zu haben, Gleichfel
505 3211 1430 3379 Ratione deß Eydr, auch daß er ihm
516 3261 1447 3481 in Sulgenbach führen bollen, und ud
492 3375 1433 3585 gn von 1str: Heutig bieder ihn
1517 2573 1600 2680 B.
1544 2749 1599 2858 B
1566 941 1620 1046 9
1561 1105 1628 1226 9
2550 504 2699 621 163
1683 521 2391 708 Rudolp Wener.
1639 648 2600 837 deponirte Conversation samt deßen
1625 766 2505 931 zustruch verneine Er ebenmäßig.
1653 873 2659 1023 ob er nicht an främbden Ohrten, sieth seiner
1645 958 2496 1100 Entbeichung, Protection gesucht?
1649 1070 2627 1210 Nun. Im Wiederspihl, Er habe im Vor¬
1645 1163 2622 1307 beÿgang zu Reubenburg den Seereraire
1613 1260 2625 1409 Dltat zu sich beruffen, deme er gesagt,
1625 1370 2611 1477 beilen er von denen zu dern beltenden
1619 1456 2607 1586 leydigen Sachen Bekantschafft habe,
1621 1552 2523 1700 Anbey luße, daß sein Bruder und
1619 1651 2623 1796 Schlager von denen Ersten im Complot
1619 1742 2605 1883 seyen, so habe er deßtbegen den Auß¬
1618 1852 2586 1978 tridt genomen, damit er ihrer Wohl¬
1623 1935 2581 2065 Vermuthenden traurigen Pati nicht
1625 2044 2581 2196 einen Gezeugen abgeben müße; Er¬
1620 2126 2589 2290 declariere Ihme aber, daß er aucf erste
1604 2214 2595 2348 Citation Er sich ohnfehlbarlich stellen
1619 2309 2626 2442 werde, mit bidt, solche seine Declaration
1607 2399 2584 2516 annoch ein paar Herren von der Regie¬
1607 2492 2259 2603 erung zu Comunicieren
1628 2569 2597 2732 Mo er sich sieth seiner Entbeichung auf¬
1611 2695 1854 2784 gehalten.
1622 2761 2570 2891 Seye gleichen Tags, als die Sach ausgeo¬
1613 2854 2566 2983 brochen zur Sensenbruck gehe übernachte
1600 2940 2503 3060 gewesen, von Bauen er Morgens auf¬
1608 3025 2586 3164 Freyburg, von kannen auf Port alban¬
1606 3117 2598 3268 und dorten über den See auf Reubenburg
1601 3206 2577 3358 und von dar auf Alter Rice auf ihr Guth
1610 3304 2550 3441 verreißet, von danen seyn er zu einem
1586 3381 2600 3561 seiner Bekanten, ins Locle gegangen, da
2451 3525 2587 3631 6
