3024 4032
317 267 468 367 322.
569 233 1103 401 Samen
853 389 990 478 M0li1
526 458 1439 654 Zaiuel Gristen, dem Marctad
653 581 1432 763 Aetatis 40. Jahr, Ohnterheyrothche
481 731 1429 974 Wurde auch gantz ernstbörtlig ermahrt
513 879 1433 1043 in sich selber zugehen, und sein Geläßen zu¬
518 977 1416 1128 entladen, über die gantzze Vergangenheit¬
508 1074 1423 1215 beloußten leydigen Complots, in welchem
512 1176 1419 1327 bie bekant, er sich auch implicirt befindet
512 1260 1412 1432 daraufhin Er dann folgende Bekantnuß¬
506 1361 692 1475 gethaf:
501 1455 1432 1590 Donntags den 29. ten seye Licutf Bucter¬
506 1559 1420 1680 zu ihme gekommen, und habe ihme gesagt,
525 1647 1437 1784 ersolle heut zu dem Marchand Wermier¬
501 1739 1426 1876 gehen, es befinden sich dorten etwelche zu¬
510 1836 1416 1948 nte Freund; Als nun hierauf er sich dors
515 1939 1412 2059 hin verfürget, habe er da etliche Betante¬
518 2035 1427 2178 Breund an der Jahl ihrer 8. angetroffen si
517 2126 1422 2259 Auf Ablesen aber derer, so dabey gebesen¬
487 2214 1416 2343 hat er selbige alle bejahrt i) Nan in dieser¬
507 2306 1422 2434 Versamblung habe der Haubfman Händtsi¬
515 2402 1425 2545 einen Eydt abgelesten, welchen Er Inquisit¬
500 2510 1410 2634 zbar angehort, aber nicht nachgesprochen,
514 2589 1436 2742 Jedoch gestehe er, daß Er darzu die Sigen
502 2689 1416 2839 aufgehoben und geschbohren; Was aber
506 2763 1416 2933 dießer Eydke mingehalten, biße er nicht¬
497 2861 1413 3023 dan er habe nicht einmahl verstanden, zu¬
492 2953 1415 3124 derselben gelautet; Er seye umb habber 3by¬
481 3058 1392 3232 Uhr in deß Werniers Hauß gegangen, Alle
468 3139 1412 3366 Er schon unterschiedeliche angetroffen, und i
1249 3234 1381 3380 sic
1513 2689 1580 2820 4.
1510 1107 1597 1261 A
1536 3113 1599 3248 2
2504 256 2618 365 323
1696 251 2576 458 Cmuel Gristenn, der Marehand.
1592 342 1693 482 A
1593 466 2498 653 seye nicht länger, als biß graß nach der¬
1596 593 2208 764 Predigt dorten verblieben.
1613 764 2533 938 Was nach Beschborenem Eydt noch Beiters
1594 881 2529 1032 in dieser Versamblung verhandlict bordens
1622 1079 2517 1227 Haubtin an Handtl habe nachberths von
1600 1195 2513 1327 dem Schiemn, bries ettas abgelesen, und
1590 1290 2525 1416 ten den Bürgerlichen Freyheiten geredet
1587 1391 2460 1525 er seyn zu bedauren, daß selbige allso in
1593 1495 2480 1611 Verfall gerathen; darauf es gehessen
1581 1581 2471 1698 Man bolle sich darüber Berathen, und dar
1599 1666 2463 1802 einen Schluß fasen; Sie habind so vich als
1575 1752 2441 1877 zu verstehen gegeben, Man soll sich An¬
1605 1824 2480 1983 miren, das habens sie ihme auch gesagt,
1583 1925 2481 2084 Er aber darauf geantbortet: Er seyn deßen
1592 2029 2475 2157 nicht vonnothen; Was Beiters in der Ver¬
1595 2132 2456 2279 samblung vorgegangen, büße er nicht¬
1594 2283 2445 2436 Vorher seyn, diester Sachbegen, Numand
1600 2396 2459 2536 bey ihme gelaefen, noch deßtloegen mit
1606 2509 1874 2624 ihm geredet.
1607 2668 2499 2809 Obien obiger Versamblung nicht auch geredet
1588 2762 2507 2923 Borden von Zeichen, dadurch Man Einander auf
1595 2867 2517 3000 der Gasten kennen möge auch von Andere
1588 2957 2550 3117 so mann an Gelrische Pfeiler machen sollen?
1616 3118 2490 3284 Von zeichen, umb sich auf der Goßen darau
2358 3246 2507 3375 h
