3024 4032
447 2630 527 2766 H.
390 487 537 578 456.
432 560 555 649 31
597 485 1306 705 Gedrrich Gulen
1304 644 1465 786 hen
654 658 953 775 " Macher.
351 842 1463 1043 Declarirte: Er seyn schon sinth mehr als 4
554 949 1467 1152 Monathen Branck und kein tridt aus¬
536 1071 1470 1233 seinem Tauß gegangen, könne be¬
540 1151 1467 1343 rtheuren, daß er von allen diesen
558 1262 1414 1429 Sachen nicht die geringste Wußen¬
548 1361 1486 1527 1schafft gehabt, indeme ihme sein bruder
559 1468 1468 1619 nicht ein Wort von diesem Project¬
548 1562 1478 1707 und Complot geredet; dee Marchon
550 1647 1459 1800 Vermer habe er niemahls gesehen,
551 1758 1455 1892 noch gekent, und ban er ihne auf sune
556 1852 1467 1992 riste gethan, so seyn solches Gottlosee¬
536 1937 1461 2095 Meiste, und ohne sein deß Peponentin
544 2048 1164 2184 Mißenschafft geschehen.
462 2146 536 2272 F
563 2155 1421 2277 Es seyn doch nicht zu praesumiern,
549 2238 1462 2364 daß sein Brucker dem Verniag berd
544 2327 1460 2448 eröffnet haben, wie daß er Deponent
546 2420 1462 2597 ium geschlohren, wan selbiger nicht
541 2544 849 2667 also wäre?
544 2609 1464 2772 Er beharre darauff, daß Ihme Bee
522 2666 1455 2836 siin Bruder, noch Remans anders, e
528 2804 1438 2945 einiches Wort von dießen Sochen zu
523 2871 1436 3042 det, und Berile Ihne auch Riemand¬
525 2958 1453 3123 eines Anclerer überzeugen können,
528 3058 1443 3262 Er habe einen jungeren Kruker, des
519 3107 1453 3342 auch ein Uhrenmacher seÿn, die se
515 3193 1460 3450 etban dreyen Monathen auf drc
508 3342 1434 3556 verreißet, Alleo er sich noch dißent
2548 574 2673 706 109.
1695 580 2353 757 Briederich Hueter.
1662 720 2636 872 bey Hrr demetial und Molici aufhalte,
1643 822 2619 959 könne aber nicht glauben, daß er einihe
1635 917 2605 1068 Müßenschafft von diesen Sachen haben
1636 1020 2583 1179 eben so leng, als er Deponent selbsten,
1634 1105 2596 1279 inmaßen dieser ein junger Achtzehen¬
1615 1225 2602 1364 jähriger Minsch, demn Man sicherlich ein
1632 1306 2535 1437 solches Project nicht burde anver¬
1638 1405 2062 1524 straulet haben.
1760 1495 2410 1617 Abgelester und bestätiget.
1649 1593 2437 1740 Actum der 29 t July 1749.
