<?xml version="1.0" encoding="UTF-8" standalone="yes"?>
<PcGts xmlns="http://schema.primaresearch.org/PAGE/gts/pagecontent/2013-07-15" xmlns:xsi="http://www.w3.org/2001/XMLSchema-instance" xsi:schemaLocation="http://schema.primaresearch.org/PAGE/gts/pagecontent/2013-07-15 http://schema.primaresearch.org/PAGE/gts/pagecontent/2013-07-15/pagecontent.xsd">
    <Metadata>
        <Creator>prov=University of Rostock/Institute of Mathematics/CITlab|PLANET AI GmbH/Gundram Leifert/gundram.leifert@planet-ai.de:name=Transkribus German Kurrent M2(htr_id=29820)::::v=2.6.7
prov=University of Rostock/Institute of Mathematics/CITlab|PLANET AI GmbH/Tobias Gruening/tobias.gruening@planet-ai.de:name=de.uros.citlab.module.baseline2polygon.B2PSeamMultiOriented:v=2.6.7
prov=University of Rostock/Institute of Mathematics/CITlab|PLANET AI GmbH/Gundram Leifert/gundram.leifert@planet-ai.de:name=Kurrent_1515_ENHG_v3(htr_id=40510)::::v=2.6.7
prov=University of Rostock/Institute of Mathematics/CITlab|PLANET AI GmbH/Tobias Gruening/tobias.gruening@planet-ai.de:name=de.uros.citlab.module.baseline2polygon.B2PSeamMultiOriented:v=2.6.7
prov=University of Rostock/Institute of Mathematics/CITlab|PLANET AI GmbH/Tobias Gruening/tobias.gruening@planet-ai.de:name=/net_tf/LA73_249_0mod360.pb:de.uros.citlab.segmentation.CITlab_LA_ML:v=2.6.7
Transkribus</Creator>
        <Created>2022-05-02T15:17:51.688+02:00</Created>
        <LastChange>2022-09-12T15:22:41.776+02:00</LastChange>
        <TranskribusMetadata docId="1334849" pageId="52363208" pageNr="136" tsid="114645152" status="IN_PROGRESS" userId="9570" imgUrl="https://files.transkribus.eu/Get?id=LXYTKSCFKXJHVEKDIPBAEHXV&amp;fileType=view" xmlUrl="https://files.transkribus.eu/Get?id=LFRWMEXTSZOOSSMEAOVGEXAL" imageId="30687656"/>
    </Metadata>
    <Page imageFilename="IMG_5836.jpg" imageWidth="3024" imageHeight="4032">
        <ReadingOrder>
            <OrderedGroup id="ro_1687513637109" caption="Regions reading order">
                <RegionRefIndexed index="0" regionRef="r1"/>
                <RegionRefIndexed index="1" regionRef="r2"/>
                <RegionRefIndexed index="2" regionRef="r3"/>
            </OrderedGroup>
        </ReadingOrder>
        <TextRegion orientation="0.0" id="r1" custom="readingOrder {index:0;}">
            <Coords points="453,271 453,430 609,430 609,271"/>
            <TextLine id="r1l1" custom="readingOrder {index:0;}">
                <Coords points="447,385 469,390 479,384 491,389 516,384 536,400 545,396 584,409 614,407 617,316 595,320 572,307 530,323 490,300 469,312 449,304"/>
                <Baseline points="453,371 479,375 505,375 531,375 557,375 583,376 609,380"/>
                <TextEquiv>
                    <Unicode>266.</Unicode>
                </TextEquiv>
            </TextLine>
            <TextEquiv>
                <Unicode>266.</Unicode>
            </TextEquiv>
        </TextRegion>
        <TextRegion orientation="0.0" id="r2" custom="readingOrder {index:1;}">
            <Coords points="500,394 500,3475 1538,3475 1538,394"/>
            <TextLine id="r2l1" custom="readingOrder {index:0;}">
                <Coords points="856,508 934,515 1009,457 1057,469 1073,458 1180,490 1230,532 1285,520 1294,446 1254,424 1206,428 1126,388 1089,408 1025,383 994,397 939,381 911,398 869,393"/>
                <Baseline points="870,437 895,437 921,437 947,438 973,438 999,440 1025,443 1051,446 1077,449 1102,452 1128,458 1154,460 1180,465 1206,469 1232,472 1258,476 1284,479"/>
                <TextEquiv>
                    <Unicode>Infrontation</Unicode>
                </TextEquiv>
            </TextLine>
            <TextLine id="r2l2" custom="readingOrder {index:1;}">
                <Coords points="981,544 998,538 1038,567 1090,562 1106,572 1114,472 1088,487 1075,481 1061,485 1025,478 1015,470 1003,476 988,473"/>
                <Baseline points="989,531 1017,531 1046,533 1074,537 1103,540"/>
                <TextEquiv>
                    <Unicode>Mit</Unicode>
                </TextEquiv>
            </TextLine>
            <TextLine id="r2l3" custom="readingOrder {index:2;}">
                <Coords points="642,631 991,674 1141,662 1181,695 1297,682 1425,770 1533,774 1546,682 1320,588 810,574 746,524 658,522"/>
                <Baseline points="651,609 694,614 738,619 782,622 826,626 870,629 914,632 958,636 1002,639 1046,643 1090,647 1133,651 1177,657 1221,665 1265,673 1309,682 1353,693 1397,706 1441,720 1485,737 1529,756"/>
                <TextEquiv>
                    <Unicode>Lieutenant Händtz; und Kupfen</Unicode>
                </TextEquiv>
            </TextLine>
            <TextLine id="r2l4" custom="readingOrder {index:3;}">
                <Coords points="809,749 826,746 844,764 895,743 919,763 953,753 976,774 1066,763 1119,802 1183,774 1195,670 1162,685 1123,662 1021,694 959,657 895,691 849,663 819,669"/>
                <Baseline points="819,716 844,718 870,721 896,725 921,727 947,730 973,732 999,736 1024,738 1050,741 1076,744 1101,748 1127,750 1153,753 1179,758"/>
                <TextEquiv>
                    <Unicode>im Sulgenbach¬</Unicode>
                </TextEquiv>
            </TextLine>
            <TextLine id="r2l5" custom="readingOrder {index:4;}">
                <Coords points="640,828 716,852 798,827 863,860 1015,847 1128,892 1327,893 1513,953 1524,879 1386,857 1306,795 1172,773 1072,807 1025,768 884,783 654,737"/>
                <Baseline points="651,798 693,804 736,809 779,814 822,818 865,822 908,827 951,832 994,836 1037,840 1080,846 1122,851 1165,857 1208,864 1251,872 1294,880 1337,889 1380,899 1423,910 1466,924 1509,938"/>
                <TextEquiv>
                    <Unicode>deglichen Raben gefühet, dann ais</Unicode>
                </TextEquiv>
            </TextLine>
            <TextLine id="r2l6" custom="readingOrder {index:5;}">
                <Coords points="642,928 1056,955 1121,997 1168,967 1209,1000 1391,999 1528,1044 1534,993 1463,951 1269,891 653,842"/>
                <Baseline points="650,909 693,912 737,914 780,917 824,920 868,923 911,925 955,929 999,932 1042,937 1086,941 1130,947 1173,952 1217,958 1261,966 1304,975 1348,984 1392,994 1435,1006 1479,1020 1523,1034"/>
                <TextEquiv>
                    <Unicode>der Haubtman Händtl; zugeloßt, aber¬</Unicode>
                </TextEquiv>
            </TextLine>
            <TextLine id="r2l7" custom="readingOrder {index:6;}">
                <Coords points="640,1028 910,1067 948,1043 996,1068 1156,1061 1304,1111 1364,1086 1525,1151 1540,1095 1399,1017 1261,1014 1174,968 1121,997 826,938 648,953"/>
                <Baseline points="648,1004 692,1009 736,1012 780,1016 824,1019 868,1022 912,1025 956,1028 1000,1030 1044,1034 1089,1036 1133,1041 1177,1046 1221,1050 1265,1058 1309,1064 1353,1073 1397,1083 1441,1095 1485,1107 1530,1124"/>
                <TextEquiv>
                    <Unicode>nicht viel darzu gesagt habe; Er beharrn¬</Unicode>
                </TextEquiv>
            </TextLine>
            <TextLine id="r2l8" custom="readingOrder {index:7;}">
                <Coords points="643,1121 756,1164 924,1153 1095,1192 1149,1165 1543,1231 1552,1153 1342,1096 1289,1113 1194,1072 1129,1103 1058,1064 1014,1086 817,1048 712,1066 653,1035"/>
                <Baseline points="651,1106 695,1111 739,1117 784,1121 828,1123 872,1127 917,1130 961,1132 1005,1134 1050,1137 1094,1140 1138,1144 1183,1148 1227,1154 1271,1159 1316,1166 1360,1175 1404,1185 1449,1198 1493,1210 1538,1227"/>
                <TextEquiv>
                    <Unicode>darauf, daß Er die gefährlichsten Redenn</Unicode>
                </TextEquiv>
            </TextLine>
            <TextLine id="r2l9" custom="readingOrder {index:8;}">
                <Coords points="633,1250 1058,1262 1152,1310 1284,1279 1517,1352 1529,1272 1243,1189 1184,1209 924,1153 790,1193 690,1135 643,1148"/>
                <Baseline points="642,1214 685,1219 729,1223 773,1226 817,1229 860,1232 904,1234 948,1236 992,1239 1035,1242 1079,1244 1123,1249 1167,1252 1210,1257 1254,1262 1298,1269 1342,1277 1385,1285 1429,1295 1473,1307 1517,1320"/>
                <TextEquiv>
                    <Unicode>von ihme und obigen Zbeyen Füeter ge¬¬</Unicode>
                </TextEquiv>
            </TextLine>
            <TextLine id="r2l10" custom="readingOrder {index:9;}">
                <Coords points="621,1343 641,1353 674,1331 685,1339 713,1326 733,1338 754,1327 780,1326 786,1254 766,1240 684,1258 677,1251 654,1258 628,1246"/>
                <Baseline points="629,1311 658,1314 687,1315 716,1316 745,1319 774,1325"/>
                <TextEquiv>
                    <Unicode>phort.</Unicode>
                </TextEquiv>
            </TextLine>
            <TextLine id="r2l11" custom="readingOrder {index:10;} person {offset:0; length:17;}">
                <Coords points="608,1418 1059,1488 1185,1450 1524,1524 1530,1452 1257,1375 1129,1398 1054,1359 820,1378 714,1326 615,1337"/>
                <Baseline points="615,1412 660,1416 705,1421 750,1424 796,1427 841,1430 886,1432 931,1434 977,1436 1022,1437 1067,1440 1112,1442 1158,1445 1203,1449 1248,1452 1293,1457 1339,1463 1384,1471 1429,1479 1474,1489 1520,1500"/>
                <TextEquiv>
                    <Unicode>Licutenant Handtz; aber sontenirte und¬</Unicode>
                </TextEquiv>
            </TextLine>
            <TextLine id="r2l12" custom="readingOrder {index:11;} person {offset:25; length:10;}">
                <Coords points="613,1535 736,1520 809,1558 891,1539 1147,1573 1205,1551 1519,1605 1524,1545 1476,1551 1408,1487 1158,1455 1059,1488 768,1436 619,1455"/>
                <Baseline points="621,1502 665,1508 710,1511 755,1516 799,1518 844,1522 889,1524 933,1526 978,1528 1023,1530 1068,1532 1112,1534 1157,1537 1202,1539 1246,1543 1291,1548 1336,1552 1380,1557 1425,1564 1470,1574 1515,1583"/>
                <TextEquiv>
                    <Unicode>bliebe daruf, daß er und Audols Miß in¬</Unicode>
                </TextEquiv>
            </TextLine>
            <TextLine id="r2l13" custom="readingOrder {index:12;}">
                <Coords points="610,1644 806,1632 1002,1665 1157,1640 1258,1673 1333,1642 1398,1681 1506,1668 1508,1628 1448,1595 1398,1611 1215,1566 1069,1550 973,1595 795,1545 734,1578 614,1564"/>
                <Baseline points="618,1604 662,1607 706,1611 750,1613 794,1614 838,1617 882,1618 926,1619 970,1620 1014,1622 1059,1623 1103,1625 1147,1626 1191,1628 1235,1631 1279,1634 1323,1637 1367,1642 1411,1647 1455,1654 1500,1661"/>
                <TextEquiv>
                    <Unicode>Gegentheil am meisten über solches abge¬</Unicode>
                </TextEquiv>
            </TextLine>
            <TextLine id="r2l14" custom="readingOrder {index:13;}">
                <Coords points="609,1709 657,1714 701,1738 733,1733 753,1719 786,1720 789,1626 737,1658 724,1650 714,1659 684,1638 668,1637 629,1662 611,1660"/>
                <Baseline points="615,1703 642,1704 670,1705 697,1706 725,1707 752,1707 780,1709"/>
                <TextEquiv>
                    <Unicode>obehrt.</Unicode>
                </TextEquiv>
            </TextLine>
            <TextLine id="r2l15" custom="readingOrder {index:14;}">
                <Coords points="595,1837 713,1817 805,1852 885,1824 1131,1862 1193,1831 1413,1876 1512,1853 1514,1809 1432,1804 1389,1765 1022,1777 756,1719 698,1745 600,1725"/>
                <Baseline points="603,1799 648,1802 693,1804 738,1808 783,1810 828,1812 873,1814 919,1815 964,1817 1009,1818 1054,1820 1099,1821 1144,1823 1189,1824 1235,1827 1280,1829 1325,1831 1370,1833 1415,1836 1460,1839 1506,1844"/>
                <TextEquiv>
                    <Unicode>Seyde Referirten sich über die Außaagen¬</Unicode>
                </TextEquiv>
            </TextLine>
            <TextLine id="r2l16" custom="readingOrder {index:15;}">
                <Coords points="612,1902 907,1944 1046,1916 1099,1947 1246,1932 1413,1960 1426,1880 1208,1849 1166,1875 1050,1847 887,1865 834,1838 692,1850 614,1827"/>
                <Baseline points="618,1892 658,1894 698,1898 738,1901 778,1903 818,1905 858,1906 898,1908 938,1910 978,1911 1018,1913 1058,1913 1098,1914 1138,1915 1178,1916 1218,1916 1258,1917 1298,1917 1338,1919 1378,1919 1419,1920"/>
                <TextEquiv>
                    <Unicode>der anderen, so dabey gelesen, Als¬</Unicode>
                </TextEquiv>
            </TextLine>
            <TextLine id="r2l17" custom="readingOrder {index:16;} person {offset:10; length:10;} person {offset:25; length:10; continued:true;}">
                <Coords points="603,2003 722,2036 772,2005 956,2045 998,2017 1068,2047 1244,2030 1360,2063 1511,2041 1514,1941 1442,1968 1250,1934 1137,1955 1035,1916 971,1956 875,1930 829,1956 737,1934 604,1957"/>
                <Baseline points="609,1988 653,1991 698,1994 743,1996 788,1998 833,2001 878,2003 922,2004 967,2006 1012,2007 1057,2009 1102,2009 1147,2010 1192,2012 1236,2013 1281,2015 1326,2015 1371,2016 1416,2018 1461,2019 1506,2021"/>
                <TextEquiv>
                    <Unicode>nömlichen Rudolf Wys und Golschrid¬</Unicode>
                </TextEquiv>
            </TextLine>
            <TextLine id="r2l18" custom="readingOrder {index:17;} person {offset:0; length:7; continued:true;}">
                <Coords points="581,2109 1309,2153 1485,2136 1513,2068 1143,2030 1073,2053 1011,2020 887,2080 752,2015 692,2040 647,2008 582,2052"/>
                <Baseline points="588,2084 633,2087 679,2090 725,2093 771,2095 817,2097 863,2099 909,2100 955,2102 1001,2103 1047,2103 1092,2103 1138,2105 1184,2105 1230,2105 1276,2105 1322,2105 1368,2106 1414,2106 1460,2106 1506,2106"/>
                <TextEquiv>
                    <Unicode>Gristen. Worauf dann selbige so gleich¬</Unicode>
                </TextEquiv>
            </TextLine>
            <TextLine id="r2l19" custom="readingOrder {index:18;}">
                <Coords points="580,2233 687,2224 713,2245 757,2230 802,2245 1040,2204 1116,2221 1139,2216 1140,2144 875,2126 783,2144 750,2119 667,2143 581,2124"/>
                <Baseline points="587,2189 614,2190 641,2190 668,2191 696,2192 723,2192 750,2193 778,2193 805,2193 832,2194 860,2195 887,2195 914,2195 941,2195 969,2196 996,2196 1023,2196 1051,2197 1078,2198 1105,2198 1133,2199"/>
                <TextEquiv>
                    <Unicode>auch bescheiden worden.</Unicode>
                </TextEquiv>
            </TextLine>
            <TextLine id="r2l20" custom="readingOrder {index:19;} person {offset:0; length:11;} person {offset:22; length:6; continued:true;}">
                <Coords points="531,2420 718,2402 831,2451 958,2442 1009,2406 1212,2433 1479,2402 1479,2349 1394,2324 1074,2340 981,2289 788,2321 647,2263 533,2263"/>
                <Baseline points="537,2387 583,2388 630,2390 677,2391 724,2391 771,2393 817,2394 864,2394 911,2396 958,2396 1005,2397 1051,2397 1098,2397 1145,2397 1192,2397 1239,2397 1285,2397 1332,2397 1379,2396 1426,2396 1473,2396"/>
                <TextEquiv>
                    <Unicode>Rudolff Mys declarit, Votil¬</Unicode>
                </TextEquiv>
            </TextLine>
            <TextLine id="r2l21" custom="readingOrder {index:20;} person {offset:0; length:2; continued:true;} person {offset:33; length:8; continued:true;}">
                <Coords points="561,2511 602,2537 878,2495 1409,2526 1464,2504 1463,2434 1096,2417 999,2466 893,2465 757,2425 560,2469"/>
                <Baseline points="566,2495 610,2495 655,2493 699,2493 744,2493 788,2492 833,2492 877,2492 922,2492 966,2492 1011,2490 1056,2490 1100,2490 1145,2489 1189,2489 1234,2488 1278,2487 1323,2486 1367,2484 1412,2484 1457,2481"/>
                <TextEquiv>
                    <Unicode>er sich zu errinneren wüße, habe Lieutl.¬</Unicode>
                </TextEquiv>
            </TextLine>
            <TextLine id="r2l22" custom="readingOrder {index:21;} person {offset:0; length:7; continued:true;}">
                <Coords points="554,2637 613,2616 676,2654 723,2621 767,2639 930,2607 1280,2628 1448,2586 1447,2540 1164,2516 1116,2542 1056,2506 552,2542"/>
                <Baseline points="560,2597 604,2597 648,2597 692,2596 736,2595 780,2595 824,2595 868,2594 912,2594 956,2594 1001,2593 1045,2592 1089,2591 1133,2591 1177,2589 1221,2588 1265,2586 1309,2585 1353,2583 1397,2580 1442,2579"/>
                <TextEquiv>
                    <Unicode>Händtzi gesagt: Wan sein eigener</Unicode>
                </TextEquiv>
            </TextLine>
            <TextLine id="r2l23" custom="readingOrder {index:22;}">
                <Coords points="536,2714 662,2738 802,2713 854,2740 990,2704 1077,2732 1130,2699 1397,2706 1494,2689 1491,2604 1203,2610 1047,2668 792,2624 677,2653 533,2635"/>
                <Baseline points="542,2708 589,2705 636,2703 683,2701 731,2700 778,2699 825,2696 872,2696 920,2694 967,2693 1014,2691 1061,2690 1109,2688 1156,2685 1203,2684 1250,2681 1298,2678 1345,2675 1392,2671 1439,2667 1487,2663"/>
                <TextEquiv>
                    <Unicode>Bruder das Geheimmeß verrathen werde,</Unicode>
                </TextEquiv>
            </TextLine>
            <TextLine id="r2l24" custom="readingOrder {index:23;}">
                <Coords points="546,2833 723,2802 910,2843 1144,2795 1426,2790 1493,2754 1491,2711 1385,2696 1118,2763 1025,2725 923,2767 758,2763 684,2719 544,2758"/>
                <Baseline points="551,2798 597,2798 644,2798 691,2797 738,2796 785,2796 831,2796 878,2796 925,2796 972,2796 1019,2795 1065,2793 1112,2792 1159,2790 1206,2787 1253,2784 1299,2780 1346,2776 1393,2770 1440,2763 1487,2756"/>
                <TextEquiv>
                    <Unicode>Wolte er ihne erschießen. Obenthaltenen</Unicode>
                </TextEquiv>
            </TextLine>
            <TextLine id="r2l25" custom="readingOrder {index:24;}">
                <Coords points="538,2940 755,2909 867,2950 1399,2899 1458,2878 1455,2811 1337,2826 1260,2796 1183,2837 1074,2809 990,2858 759,2810 533,2838"/>
                <Baseline points="542,2912 587,2910 632,2907 678,2906 723,2904 769,2904 814,2903 860,2903 905,2901 951,2901 996,2900 1041,2899 1087,2897 1132,2896 1178,2893 1223,2890 1269,2885 1314,2881 1360,2875 1405,2868 1451,2859"/>
                <TextEquiv>
                    <Unicode>Mort und übrige gefährliche Reden aber¬</Unicode>
                </TextEquiv>
            </TextLine>
            <TextLine id="r2l26" custom="readingOrder {index:25;}">
                <Coords points="527,3058 585,3029 964,3038 1094,3008 1159,3031 1457,2966 1454,2895 1339,2886 928,2966 770,2929 692,2971 621,2947 521,2970"/>
                <Baseline points="531,3030 577,3024 623,3020 669,3016 715,3013 761,3011 807,3008 853,3006 899,3005 945,3003 991,3001 1037,2999 1083,2997 1129,2994 1175,2990 1221,2987 1267,2981 1313,2975 1359,2969 1405,2960 1451,2951"/>
                <TextEquiv>
                    <Unicode>habe er von ihme nicht gehört, könte aber¬</Unicode>
                </TextEquiv>
            </TextLine>
            <TextLine id="r2l27" custom="readingOrder {index:26;}">
                <Coords points="533,3193 648,3130 738,3164 806,3129 956,3147 1127,3099 1369,3102 1467,3047 1461,2970 1087,3067 982,3029 892,3081 766,3042 587,3107 525,3095"/>
                <Baseline points="534,3128 580,3125 626,3121 672,3118 719,3116 765,3114 811,3111 858,3110 904,3107 950,3105 997,3102 1043,3099 1089,3096 1135,3093 1182,3088 1228,3083 1274,3077 1321,3070 1367,3063 1413,3054 1460,3044"/>
                <TextEquiv>
                    <Unicode>auch nicht sagen, daß er ihne habe gehört¬</Unicode>
                </TextEquiv>
            </TextLine>
            <TextLine id="r2l28" custom="readingOrder {index:27;}">
                <Coords points="525,3279 617,3248 643,3255 668,3236 724,3246 755,3241 767,3228 804,3228 800,3174 743,3188 672,3149 615,3148 545,3194 520,3194"/>
                <Baseline points="528,3231 554,3230 581,3228 608,3226 635,3224 662,3222 689,3220 716,3218 743,3216 770,3216 797,3215"/>
                <TextEquiv>
                    <Unicode>abloehren.</Unicode>
                </TextEquiv>
            </TextLine>
            <TextLine id="r2l29" custom="readingOrder {index:28;} person {offset:8; length:15;}">
                <Coords points="496,3473 633,3498 751,3447 888,3474 1138,3406 1227,3423 1420,3360 1411,3265 1049,3367 812,3336 738,3364 575,3346 486,3384"/>
                <Baseline points="500,3452 545,3447 591,3442 636,3439 682,3435 728,3432 773,3429 819,3425 864,3422 910,3418 956,3414 1001,3411 1047,3406 1092,3400 1138,3394 1184,3386 1229,3379 1275,3368 1320,3360 1366,3347 1412,3335"/>
                <TextEquiv>
                    <Unicode>Lieutl. Hardtzi negirte, auch diß¬</Unicode>
                </TextEquiv>
            </TextLine>
            <TextLine id="r2l30" custom="readingOrder {index:29;}">
                <Coords points="1373,3467 1381,3465 1383,3462 1390,3466 1392,3463 1400,3467 1408,3465 1383,3378 1377,3380 1370,3378 1366,3383 1363,3382 1359,3386 1351,3388"/>
                <Baseline points="1373,3446 1394,3440"/>
                <TextEquiv>
                    <Unicode>)</Unicode>
                </TextEquiv>
            </TextLine>
            <TextEquiv>
                <Unicode>Infrontation
Mit
Lieutenant Händtz; und Kupfen
im Sulgenbach¬
deglichen Raben gefühet, dann ais
der Haubtman Händtl; zugeloßt, aber¬
nicht viel darzu gesagt habe; Er beharrn¬
darauf, daß Er die gefährlichsten Redenn
von ihme und obigen Zbeyen Füeter ge¬¬
phort.
Licutenant Handtz; aber sontenirte und¬
bliebe daruf, daß er und Audols Miß in¬
Gegentheil am meisten über solches abge¬
obehrt.
Seyde Referirten sich über die Außaagen¬
der anderen, so dabey gelesen, Als¬
nömlichen Rudolf Wys und Golschrid¬
Gristen. Worauf dann selbige so gleich¬
auch bescheiden worden.
Rudolff Mys declarit, Votil¬
er sich zu errinneren wüße, habe Lieutl.¬
Händtzi gesagt: Wan sein eigener
Bruder das Geheimmeß verrathen werde,
Wolte er ihne erschießen. Obenthaltenen
Mort und übrige gefährliche Reden aber¬
habe er von ihme nicht gehört, könte aber¬
auch nicht sagen, daß er ihne habe gehört¬
abloehren.
Lieutl. Hardtzi negirte, auch diß¬
)</Unicode>
            </TextEquiv>
        </TextRegion>
        <TextRegion orientation="0.0" id="r3" custom="readingOrder {index:2;}">
            <Coords points="1641,349 1641,3444 2741,3444 2741,349"/>
            <TextLine id="r3l1" custom="readingOrder {index:0;}">
                <Coords points="2598,461 2621,466 2635,452 2655,447 2669,460 2690,464 2736,432 2747,434 2746,331 2706,308 2693,322 2668,332 2641,331 2614,347 2597,342"/>
                <Baseline points="2603,395 2630,395 2658,395 2685,394 2713,393 2741,395"/>
                <TextEquiv>
                    <Unicode>267</Unicode>
                </TextEquiv>
            </TextLine>
            <TextLine id="r3l2" custom="readingOrder {index:1;}">
                <Coords points="1850,578 1894,574 1969,515 2073,491 2266,512 2309,480 2304,426 2229,427 2167,404 2028,433 1950,412 1876,478 1840,475"/>
                <Baseline points="1850,515 1875,508 1900,500 1925,494 1950,489 1975,484 2000,479 2025,476 2050,473 2075,471 2100,468 2125,468 2150,465 2175,465 2200,465 2225,465 2250,465 2275,465 2301,465"/>
                <TextEquiv>
                    <Unicode>onfrontation</Unicode>
                </TextEquiv>
            </TextLine>
            <TextLine id="r3l3" custom="readingOrder {index:2;}">
                <Coords points="1964,596 1987,595 1998,602 2009,594 2033,598 2087,550 2093,550 2087,502 2072,501 2054,518 2039,517 2018,507 2004,516 1981,520 1954,511"/>
                <Baseline points="1968,579 1998,574 2028,570 2058,567 2088,564"/>
                <TextEquiv>
                    <Unicode>91</Unicode>
                </TextEquiv>
            </TextLine>
            <TextLine id="r3l4" custom="readingOrder {index:3;} person {offset:23; length:8; continued:true;}">
                <Coords points="1704,773 1842,709 2099,698 2160,724 2262,674 2446,710 2665,663 2660,596 2557,551 2521,585 2082,571 1906,644 1697,663"/>
                <Baseline points="1707,729 1754,718 1802,707 1849,699 1897,692 1944,684 1992,679 2039,675 2087,672 2134,668 2182,666 2229,664 2277,663 2324,662 2372,660 2419,659 2467,657 2514,655 2562,653 2609,650 2657,647"/>
                <TextEquiv>
                    <Unicode>lieutenant Bandth; und Küpffer¬</Unicode>
                </TextEquiv>
            </TextLine>
            <TextLine id="r3l5" custom="readingOrder {index:4;} person {offset:0; length:2; continued:true;}">
                <Coords points="1837,808 1904,798 1951,825 2018,801 2042,776 2105,813 2128,812 2174,778 2203,783 2197,718 2154,724 2111,700 2063,703 2011,726 1973,699 1953,700 1877,755 1834,769"/>
                <Baseline points="1841,791 1866,787 1891,782 1916,779 1942,775 1967,772 1992,770 2018,768 2043,766 2068,764 2093,763 2119,762 2144,762 2169,762 2195,762"/>
                <TextEquiv>
                    <Unicode>im Sulgenbach¬</Unicode>
                </TextEquiv>
            </TextLine>
            <TextLine id="r3l6" custom="readingOrder {index:5;}">
                <Coords points="1688,946 1772,909 1917,919 1996,877 2072,898 2188,872 2288,908 2420,876 2486,909 2649,855 2646,798 2531,756 2416,808 2198,782 2102,819 2032,786 1684,873"/>
                <Baseline points="1692,921 1739,909 1787,899 1834,890 1882,884 1929,878 1977,874 2024,870 2072,868 2119,866 2167,864 2214,863 2262,863 2309,863 2357,861 2404,861 2452,861 2499,860 2547,858 2594,855 2642,851"/>
                <TextEquiv>
                    <Unicode>geredt zu haben; Worauf der Myß¬</Unicode>
                </TextEquiv>
            </TextLine>
            <TextLine id="r3l7" custom="readingOrder {index:6;}">
                <Coords points="1696,1040 2004,987 2081,1007 2111,981 2181,1003 2420,976 2526,1010 2619,975 2616,905 2427,892 2299,927 2255,895 2039,902 1942,937 1881,910 1693,956"/>
                <Baseline points="1701,1017 1746,1008 1792,999 1837,993 1883,986 1929,981 1974,978 2020,975 2065,973 2111,971 2157,971 2202,969 2248,969 2293,969 2339,969 2385,969 2430,969 2476,969 2521,969 2567,968 2613,966"/>
                <TextEquiv>
                    <Unicode>replicirt, Er könte dafür nicht ein Eyd</Unicode>
                </TextEquiv>
            </TextLine>
            <TextLine id="r3l8" custom="readingOrder {index:7;}">
                <Coords points="1688,1124 2148,1081 2574,1095 2572,1022 2465,996 2366,1047 2103,988 1686,1047"/>
                <Baseline points="1694,1106 1737,1099 1781,1093 1824,1087 1868,1084 1912,1080 1955,1077 1999,1076 2043,1073 2086,1073 2130,1071 2174,1071 2217,1071 2261,1071 2305,1071 2348,1071 2392,1071 2436,1071 2479,1071 2523,1071 2567,1070"/>
                <TextEquiv>
                    <Unicode>Thur, Ob diese Wort von ihme Licutl.</Unicode>
                </TextEquiv>
            </TextLine>
            <TextLine id="r3l9" custom="readingOrder {index:8;} person {offset:0; length:6;}">
                <Coords points="1689,1240 2095,1179 2301,1207 2605,1183 2660,1172 2659,1108 2478,1089 2367,1137 2176,1090 2133,1117 1976,1095 1687,1125"/>
                <Baseline points="1694,1193 1742,1187 1790,1183 1838,1179 1886,1175 1934,1173 1982,1170 2030,1169 2078,1168 2126,1167 2174,1166 2222,1166 2270,1166 2318,1166 2366,1166 2414,1166 2462,1166 2510,1167 2558,1167 2606,1167 2654,1167"/>
                <TextEquiv>
                    <Unicode>Handty oder seinem Bruder geredt borden.</Unicode>
                </TextEquiv>
            </TextLine>
            <TextLine id="r3l10" custom="readingOrder {index:9;}">
                <Coords points="2569,1296 2578,1296 2581,1299 2585,1297 2591,1302 2596,1297 2603,1297 2603,1243 2587,1245 2581,1241 2569,1240"/>
                <Baseline points="2574,1271 2598,1271"/>
                <TextEquiv>
                    <Unicode></Unicode>
                </TextEquiv>
            </TextLine>
            <TextLine id="r3l11" custom="readingOrder {index:10;} person {offset:4; length:11;}">
                <Coords points="1740,1315 1863,1291 1970,1324 2044,1289 2183,1281 2297,1312 2424,1272 2529,1301 2565,1282 2564,1246 2487,1200 2435,1235 2369,1193 2268,1192 2164,1228 1955,1206 1874,1237 1842,1215 1785,1243 1738,1229"/>
                <Baseline points="1745,1290 1785,1288 1826,1287 1866,1286 1907,1284 1948,1283 1988,1281 2029,1280 2070,1280 2110,1278 2151,1277 2192,1277 2232,1275 2273,1274 2314,1274 2354,1274 2395,1272 2436,1272 2476,1272 2517,1271 2558,1271"/>
                <TextEquiv>
                    <Unicode>der Goldschmiet Gristen dann</Unicode>
                </TextEquiv>
            </TextLine>
            <TextLine id="r3l12" custom="readingOrder {index:11;}">
                <Coords points="1677,1402 1862,1385 1946,1414 2081,1371 2627,1402 2626,1330 2428,1289 2327,1318 2165,1291 2121,1320 2073,1293 1968,1325 1894,1298 1676,1326"/>
                <Baseline points="1683,1380 1729,1377 1776,1374 1823,1373 1870,1371 1917,1370 1964,1369 2011,1368 2058,1368 2105,1368 2152,1368 2198,1368 2245,1368 2292,1368 2339,1368 2386,1368 2433,1368 2480,1368 2527,1368 2574,1368 2621,1368"/>
                <TextEquiv>
                    <Unicode>bezeegete, Er habe von Licutl. Händtzi¬</Unicode>
                </TextEquiv>
            </TextLine>
            <TextLine id="r3l13" custom="readingOrder {index:12;}">
                <Coords points="1672,1517 1786,1485 2044,1500 2130,1461 2520,1522 2619,1485 2619,1430 2536,1446 2483,1398 2350,1436 2166,1383 2035,1413 1985,1394 1926,1435 1803,1401 1673,1439"/>
                <Baseline points="1679,1473 1725,1469 1772,1467 1819,1465 1865,1464 1912,1463 1959,1463 2005,1463 2052,1463 2099,1463 2146,1463 2192,1464 2239,1465 2286,1466 2332,1467 2379,1467 2426,1469 2472,1469 2519,1469 2566,1469 2613,1469"/>
                <TextEquiv>
                    <Unicode>gar keine gefährliche Reden gehört, noch</Unicode>
                </TextEquiv>
            </TextLine>
            <TextLine id="r3l14" custom="readingOrder {index:13;} person {offset:12; length:13;}">
                <Coords points="1667,1601 1871,1579 1915,1614 1954,1580 2200,1570 2537,1601 2640,1594 2641,1548 2368,1490 2178,1517 2086,1475 1668,1516"/>
                <Baseline points="1673,1569 1721,1566 1769,1565 1817,1563 1865,1563 1913,1562 1961,1562 2009,1562 2057,1562 2105,1563 2153,1563 2201,1565 2249,1566 2297,1566 2345,1568 2393,1570 2441,1571 2489,1573 2537,1575 2585,1577 2634,1578"/>
                <TextEquiv>
                    <Unicode>sonsten von Jemand Anders, Als Bas er¬</Unicode>
                </TextEquiv>
            </TextLine>
            <TextLine id="r3l15" custom="readingOrder {index:14;}">
                <Coords points="1671,1676 1869,1699 2088,1664 2161,1698 2462,1698 2455,1602 2193,1639 2082,1588 1983,1590 1911,1633 1813,1597 1736,1620 1672,1594"/>
                <Baseline points="1677,1661 1718,1661 1759,1659 1800,1659 1841,1659 1882,1659 1923,1659 1964,1661 2005,1661 2046,1662 2087,1662 2128,1664 2169,1665 2210,1665 2251,1667 2292,1668 2333,1669 2374,1670 2415,1671 2456,1671"/>
                <TextEquiv>
                    <Unicode>von Lieutl. Hueter deponirt habe.</Unicode>
                </TextEquiv>
            </TextLine>
            <TextLine id="r3l16" custom="readingOrder {index:15;} person {offset:29; length:11; continued:true;}">
                <Coords points="1671,1763 2183,1809 2628,1783 2629,1688 2522,1725 2469,1688 1672,1683"/>
                <Baseline points="1677,1754 1724,1754 1771,1754 1818,1752 1866,1752 1913,1752 1960,1752 2007,1754 2055,1754 2102,1754 2149,1755 2196,1757 2244,1757 2291,1758 2338,1760 2385,1761 2433,1763 2480,1764 2527,1766 2574,1769 2622,1770"/>
                <TextEquiv>
                    <Unicode>Seyen die Beyden Lieutl. und Goldschmit¬</Unicode>
                </TextEquiv>
            </TextLine>
            <TextLine id="r3l17" custom="readingOrder {index:16;} person {offset:0; length:1; continued:true;}">
                <Coords points="1708,1829 1714,1829 1720,1823 1734,1821 1734,1758 1723,1759 1721,1762 1715,1758 1708,1758"/>
                <Baseline points="1713,1811 1728,1811"/>
                <TextEquiv>
                    <Unicode>o</Unicode>
                </TextEquiv>
            </TextLine>
            <TextLine id="r3l18" custom="readingOrder {index:17;}">
                <Coords points="1654,1883 2575,1891 2605,1884 2606,1799 2547,1782 2459,1821 2354,1788 2293,1818 1813,1770 1714,1829 1655,1824"/>
                <Baseline points="1661,1851 1710,1851 1759,1853 1809,1853 1858,1854 1908,1854 1957,1854 2006,1854 2056,1854 2105,1856 2155,1856 2204,1856 2254,1857 2303,1857 2352,1859 2402,1860 2451,1862 2501,1864 2550,1866 2600,1869"/>
                <TextEquiv>
                    <Unicode>dueter gelesen, welche schon Anfangs der</Unicode>
                </TextEquiv>
            </TextLine>
            <TextLine id="r3l19" custom="readingOrder {index:18;}">
                <Coords points="1637,1976 1752,1953 1859,1997 1932,1959 2067,1982 2156,1955 2278,2006 2320,1973 2366,1998 2518,1962 2518,1920 2443,1917 2387,1871 2329,1901 2215,1888 2175,1918 2022,1875 1920,1902 1874,1877 1639,1879"/>
                <Baseline points="1644,1943 1687,1943 1730,1944 1774,1945 1817,1947 1860,1947 1904,1949 1947,1949 1990,1950 2034,1952 2077,1952 2120,1953 2164,1953 2207,1955 2250,1956 2294,1956 2337,1958 2380,1959 2424,1959 2467,1961 2511,1962"/>
                <TextEquiv>
                    <Unicode>Versamblung in der Bänti gesprochen:</Unicode>
                </TextEquiv>
            </TextLine>
            <TextLine id="r3l20" custom="readingOrder {index:19;}">
                <Coords points="2526,2001 2537,2000 2544,2004 2548,2000 2556,1999 2545,1937 2535,1940 2531,1938 2526,1944 2516,1945"/>
                <Baseline points="2526,1964 2544,1961"/>
                <TextEquiv>
                    <Unicode></Unicode>
                </TextEquiv>
            </TextLine>
            <TextLine id="r3l21" custom="readingOrder {index:20;}">
                <Coords points="1658,2046 2422,2087 2565,2057 2565,2033 2447,1994 2398,2020 2315,1982 2269,2011 2156,1955 1980,2013 1854,2019 1738,1959 1660,1979"/>
                <Baseline points="1665,2033 1709,2034 1754,2036 1799,2037 1843,2039 1888,2040 1933,2042 1977,2042 2022,2043 2067,2045 2112,2046 2156,2046 2201,2048 2246,2048 2290,2049 2335,2049 2380,2051 2424,2052 2469,2054 2514,2054 2559,2055"/>
                <TextEquiv>
                    <Unicode>Man ihr eigener Bruder Sie verrathen-</Unicode>
                </TextEquiv>
            </TextLine>
            <TextLine id="r3l22" custom="readingOrder {index:21;}">
                <Coords points="1647,2144 1838,2139 2019,2195 2126,2152 2226,2193 2308,2158 2369,2202 2494,2158 2497,2072 2270,2103 2221,2074 2167,2098 1931,2063 1872,2085 1717,2048 1649,2080"/>
                <Baseline points="1653,2123 1694,2124 1736,2124 1778,2124 1820,2126 1862,2126 1903,2127 1945,2129 1987,2130 2029,2131 2071,2133 2112,2135 2154,2136 2196,2138 2238,2139 2280,2141 2321,2142 2363,2144 2405,2145 2447,2147 2489,2148"/>
                <TextEquiv>
                    <Unicode>burde, bolten sie ihme inderschießh.</Unicode>
                </TextEquiv>
            </TextLine>
            <TextLine id="r3l23" custom="readingOrder {index:22;}">
                <Coords points="1634,2327 1926,2357 1984,2332 2081,2361 2277,2346 2343,2373 2388,2346 2543,2351 2545,2296 2404,2299 2172,2248 2016,2271 1960,2231 1908,2260 1732,2208 1637,2238"/>
                <Baseline points="1641,2306 1685,2307 1730,2309 1775,2310 1820,2312 1865,2313 1909,2314 1954,2315 1999,2316 2044,2318 2089,2318 2133,2319 2178,2321 2223,2322 2268,2324 2313,2325 2357,2327 2402,2330 2447,2333 2492,2335 2537,2339"/>
                <TextEquiv>
                    <Unicode>Wurde allseithig berührenden Inquisiten</Unicode>
                </TextEquiv>
            </TextLine>
            <TextLine id="r3l24" custom="readingOrder {index:23;}">
                <Coords points="1646,2421 1698,2455 1856,2411 2052,2468 2173,2433 2253,2467 2325,2446 2465,2477 2469,2375 2437,2368 2284,2352 2173,2397 2014,2347 1879,2365 1650,2343"/>
                <Baseline points="1653,2397 1693,2399 1733,2402 1774,2403 1814,2405 1854,2408 1895,2409 1935,2411 1975,2414 2016,2415 2056,2417 2096,2418 2137,2421 2177,2423 2217,2424 2258,2426 2298,2427 2338,2429 2379,2430 2419,2432 2460,2435"/>
                <TextEquiv>
                    <Unicode>Abgelesen und von Ihnen bestätiget.</Unicode>
                </TextEquiv>
            </TextLine>
            <TextLine id="r3l25" custom="readingOrder {index:24;}">
                <Coords points="1633,2613 1867,2609 1978,2655 2119,2623 2375,2698 2490,2700 2497,2571 2171,2530 2002,2541 1815,2442 1639,2494"/>
                <Baseline points="1641,2582 1683,2586 1725,2589 1767,2591 1810,2594 1852,2596 1894,2597 1937,2599 1979,2600 2021,2603 2064,2604 2106,2606 2148,2608 2190,2610 2233,2613 2275,2615 2317,2619 2360,2624 2402,2628 2444,2633 2487,2639"/>
                <TextEquiv>
                    <Unicode>Dcum d. 22. Jal. 789.</Unicode>
                </TextEquiv>
            </TextLine>
            <TextLine id="r3l26" custom="readingOrder {index:25;}">
                <Coords points="2054,3455 2085,3455 2120,3431 2210,3440 2238,3427 2252,3442 2308,3441 2332,3459 2370,3445 2420,3456 2423,3332 2367,3349 2310,3304 2256,3291 2058,3300"/>
                <Baseline points="2061,3417 2086,3415 2111,3414 2136,3414 2162,3414 2187,3416 2212,3417 2238,3419 2263,3419 2288,3421 2313,3422 2339,3422 2364,3422 2389,3421 2415,3419"/>
                <TextEquiv>
                    <Unicode>Ruhech</Unicode>
                </TextEquiv>
            </TextLine>
            <TextEquiv>
                <Unicode>267
onfrontation
91
lieutenant Bandth; und Küpffer¬
im Sulgenbach¬
geredt zu haben; Worauf der Myß¬
replicirt, Er könte dafür nicht ein Eyd
Thur, Ob diese Wort von ihme Licutl.
Handty oder seinem Bruder geredt borden.

der Goldschmiet Gristen dann
bezeegete, Er habe von Licutl. Händtzi¬
gar keine gefährliche Reden gehört, noch
sonsten von Jemand Anders, Als Bas er¬
von Lieutl. Hueter deponirt habe.
Seyen die Beyden Lieutl. und Goldschmit¬
o
dueter gelesen, welche schon Anfangs der
Versamblung in der Bänti gesprochen:

Man ihr eigener Bruder Sie verrathen-
burde, bolten sie ihme inderschießh.
Wurde allseithig berührenden Inquisiten
Abgelesen und von Ihnen bestätiget.
Dcum d. 22. Jal. 789.
Ruhech</Unicode>
            </TextEquiv>
        </TextRegion>
    </Page>
</PcGts>
