3024 4032
476 228 604 347 784.
1855 291 2694 498 Brittes Examen
2089 458 2224 540 mit
1786 480 2545 682 Miheli dupfest.
1736 632 2830 828 Lauts Ihr Bndl. Specialen Gefelchs de 19. hujus
1877 739 2730 900 Unter Bedrohung der Marter.
1647 874 2770 1039 2 Vib ha pas dome dautre avisou Conseils
1728 976 2817 1133 paur l Execution de ce projet, que ceua quil
1729 1090 2728 1225 a declare dans les Eramens precedents
1741 1218 2747 1387 Que non, quil navoit point donne dautre
1610 1234 1723 1381 B.
1737 1355 2776 1494 advis an Conseil que ieua qui etoient contenus
1721 1444 2661 1594 dans precedents Examens ayant vonli
1714 1551 2764 1690 eloigner delui tout ce qui avoit raport a
1710 1635 2014 1761 Exeution
1621 1744 2746 1891 2 Sye navoit pas promis, de se mettie a la Pete
1709 1863 2748 2014 des Conjures au moment de l Execution, puis
1705 1944 2683 2109 que selon les Depositions des conjures, ils
1708 2063 2539 2202 comptorent de le voir a leur Tete
1557 2172 1705 2351 25
1698 2175 2706 2337 Quil Declure formellement, quit ne leur
1680 2278 2758 2453 avoctrien promis de pareil, et que quand on seroit
1676 2391 2735 2541 denu a Exections, les choses ne Sercient point
1669 2470 2746 2660 dreivees, come ils les comptoient parapport delui¬
1571 2566 2739 2772 Pila proposition de se mettre a la Tetedes con¬
1658 2719 2446 2860 jures nelui a pus ete faite
1555 2812 2723 3045 Quenon, quie se pouvort fort bien, quentie
1657 2932 2695 3137 eua ils avoient condusttout cela depuis que
1648 3046 2742 3251 le Lieutenant fueter lici avoit parle dequoq
1645 3165 2726 3334 Ly avoit pres dun mois, mais que lui Muheli
1642 3264 2657 3431 ken avoit eu aucune connoissane.
2779 267 2877 376 1 8.
