3024 4032
379 480 497 595 194.
752 412 1045 506 1t Exe:
1076 486 1105 534 1
615 487 1280 654 Joh. Rns: Rupser
542 620 1408 754 habe ihme Aber zu verstehen gegeben
548 712 1474 888 daß dieser Sach halber Morndrigen dan¬
559 809 1484 975 in der Nacht verschiedene Herren zuig¬
555 921 1453 1055 komen werden, wann er auch komen
569 991 1482 1158 wolle sich dabey einzufinden, so werde en
565 1096 1299 1218 vernemen, worum es zu thun.
560 1191 1471 1364 deme zufolg seye er Morndrigen Nacht¬
565 1287 1477 1460 gegen Eilsf Uhr daher gekommen, in die
556 1394 1479 1591 hauti gegangen, und habe bey dem darin
570 1488 1495 1657 nen sich befindlichen Cabinet angeblogfen
571 1614 1483 1768 Alleo sich stchon etwelche Herren befunden
566 1716 1420 1858 Nihme die Thür eröffnet; Weiln
564 1824 1461 1968 Aber sein Beuder nicht stelbsten da ge¬
578 1922 1458 2083 besen, seye er wieder zuruk auf die
547 2009 1464 2169 hanti gegangen, Alleo er sich auf eine
541 2125 1479 2263 Beygen Indiene geleget, und alldorten
549 2208 1449 2358 eine Zeitlang geschlaffen, da er er¬
556 2306 1471 2437 Sachet, habe er gehört, daß man ge¬
546 2392 1462 2539 fragt, Wer dieser seye, und nach¬
561 2477 1486 2635 deme ihne sein Bruder genamhet, hab¬
548 2580 1470 2751 der haubtmn: Handti einen schristlichen
540 2676 1488 2841 Eydt Abgelesen, welchen die samtlichen
540 2747 1496 2936 Anterstende beschwohren, und sich derlich
527 2870 1443 3036 zu der Verschwiegenheit verpflichtet;
516 2947 1502 3116 hernach haben sie eine Schriff abgelesen
527 3082 1483 3236 Belhe sie Schiem, drieffgenamset, und
523 3138 1492 3330 Andere Sachen, die alten Preyheiten de
1226 3242 1484 3407 Morgent
520 3275 1134 3447 Burgerschafft ansehend;
1513 675 1598 788 1
2498 152 2691 310 193.
1989 269 2262 395 v6. C. 2
1649 330 2317 635 dh  d. Kligter
1603 407 2681 779 aeetsligle
1604 536 2723 854 auß einander gegangen, und seyen Ver¬
1601 674 2671 958 theilt nach haus gekehret; Seinthar
1596 765 2652 1051 habe er mit nnemandem darüber¬
1610 889 2635 1155 beder schrifft, noch Mundlich etbass
1607 988 2693 1244 geredt, oder gehöret reden, Äußert
1616 1082 2710 1359 mit seinem sender, welchen er ande¬
1610 1201 2682 1464 der Geschäfften wegen, bey seinem Haus
1604 1326 2657 1524 besucht und ihme verdeutet diese
1624 1460 2503 1632 Sachen werden nicht bestehen
1619 1537 2641 1723 könen, und sie gefallen ihme nicht.
1611 1658 2443 1829 Abgelesten und Confirmirt.
1609 1773 2408 1945 Actum den 6. Julij 1749.
