3024 4032
522 278 665 393 298.
877 309 1437 522 Goiytes Saumon
733 415 848 535 Deat
1013 432 1165 547 Mn
722 524 1430 706 Johan Lüdrtig Lerber.
606 641 672 779 2
700 632 1547 857 Er habe ja geholften rathen, Man orll. M.
685 753 1471 939 in die Bibliothee einbeschließen?
1520 822 1610 926 2
578 880 678 1038 R
699 913 1569 1147 das habe Er von Lieuth. Hueter und Hoch¬
665 1039 1595 1246 man Händtzi gehöret, er aber habe er icht
656 1140 859 1246 gerecet.
564 1340 650 1489 9.
662 1317 1567 1520 Ob Sie ihme nicht auch geoffenbahret, Sie bele
636 1434 1549 1601 Rath und Bürger absetzen, und aller, bay sich
643 1538 1555 1680 ihme bidersetzen bürde, widermochen, und¬
629 1614 1544 1773 ob nicht bahr, daß Er zu diesen Gottlosen Sahn
637 1734 1552 1875 angelobt, und selbsten dergleichen Verbogmne¬
615 1816 1023 1946 Reden geführt 2
511 1975 1514 2144 R. Er seyn bahr, daß Er ihnen angelobt und¬
601 2102 1531 2244 verstrochen, gleich bie ein Ander Angeborkten,
576 2205 1526 2341 mit dem Gelehr zu erscheinen und hie zu dustgen
578 2305 1501 2453 Er habe aber selbsten nicht solche schrätliche
575 2395 1499 2530 Rechen gehalten, sonderen im Gegentheil sich¬
564 2492 1498 2620 Explicirt, daß er mit dießen Sachen nichts bid¬
548 2578 1493 2713 zuthun haben; Sie die obigen haben dieße gee¬
536 2700 1479 2840 sammen Reden geführt, habe auch offe ed der
535 2793 1479 2942 Haubtman Händth, dem Licutl. und Betri
525 2894 1482 3045 Bueter gesagt, sie haben ein solch gelaufte
531 3024 1435 3169 machen die Sachen so grob, daß Er ihnen
508 3136 1294 3284 noch Halbbrechens wercke auß kommen.
1154 3277 1359 3444 Sstlt
1540 3060 1637 3204 2
1573 2525 1644 2641 G.
1871 413 2425 580 Heytes Examen
1851 521 2164 660 do. Mit
1787 582 2481 775 Johann Lüsitig Lerber.
1631 772 2655 982 Getlih Er habe ja selbsten sich verläuthen laßen,
1763 918 2685 1054 er Bolle diesem oder jenem den Kopfab¬
1751 1023 2005 1148 schauben?
1763 1198 2648 1342 kein. Er habe einmahl das nicht geredt,
1652 1215 1731 1385 1
1735 1308 2619 1445 wohl habind sie von Kopff abhauben gez
1726 1411 1959 1537 strochen.
1794 1599 2703 1732 Als nun der Inquisit hierüber ernstlich
1798 1691 2651 1818 getreckt, ihme auch vorgehalten worden,
1792 1790 2637 1917 Bar Maßen Lieutf: Bueter Bieder ihne
1798 1868 2647 2017 deponirt und darauf beharret, daß er¬
1805 1977 2636 2103 selbsten gesagt, ban es darzu komme,
1811 2067 2621 2206 Man solte diesem oder jenem auch die¬
1804 2157 2577 2299 Kopff abhaulden, hat er endtlich diese
1774 2264 2628 2386 Deposition für Bekant angenommen,
1786 2350 2649 2502 habe aber Siemand dabeÿ vernambset.
1686 2518 2552 2682 Er habe in vorigem Examine dorffen sagen,
1671 2624 2605 2793 Er habe von keiner Versamlung Betandschofft
1655 2718 2597 2872 gehabt, Ob Er noch dato darauf beharre, Es
1645 2802 2594 2959 seye doch nicht gläublich, zumahlen er Einer von
1654 2913 2342 3068 den Ersten im Complot gewefen?
1658 3085 2575 3278 Sie haben Ihme einmahlen von Versamblungen
1650 3208 2570 3356 nichts gesagt, noch, ob sie deren gehalten, und
1632 3295 1750 3406 W
1933 3326 2432 3497 Und betheure auch, daß
2439 3348 2519 3468 Er
2433 3456 2540 3543 tin
2742 388 2794 463 99
