3024 4032
505 317 618 429 290.
558 448 607 516 s
904 347 1326 502 Eonprontation
1009 454 1278 582 Glönschen
651 493 1584 775 Gs Gonth d
676 756 1554 939 Man solle einen Dictator machen. Sten¬
666 844 1574 1060 daß Er von Leuth umbringen gehört eeden,
676 956 1408 1100 aber er habe darbieder protestirt.
634 1097 1552 1311 Der Dunter sagt in fernienn. Sie siyn¬
649 1252 1540 1422 ihrer Sechs auf dem Graben gelesen, Also¬
642 1343 1543 1529 daß damahls vor diefen Sachen ohnmöglich¬
632 1434 1327 1578 habe können geredt werden.
615 1565 1529 1778 Der Sondeli Beharrete im Gegenthil¬
1247 1741 1310 1802 o
617 1728 1508 1862 darauff, der Boldchmund dunter habe¬
620 1818 1525 1957 auf dem Graben auf der Lehnen bey ihm
609 1907 1504 2052 sithens, da indeßen der Licietl. Zunter¬
614 2006 1515 2132 mit einem anderen Herren geredt, von
604 2082 1513 2230 diesen Sachen gesprochen, und erhabe ihme
592 2183 1300 2353 Das Geheimneß Versprochen.
606 2358 1302 2532 Abgelesen und bestäthiget.
554 2528 1395 2738 F. Ectun. 15. Juliy. 1749
1542 2999 1603 3141 7
1598 1541 1676 1661 G
1603 1776 1664 1909 2
2677 339 2811 472 291.
1952 355 2279 521 Sauser
2032 501 2173 637 Shit
2632 602 2750 717 Johe
1715 569 2565 767 Beats Lühslig Lerber, alatio
1869 699 2284 838 Ohnverheyrathet.
1671 894 2666 1081 Nach an ihne beschehener Extzortation
1724 1004 2709 1131 in Aufrichtigkeit sein Gelaißen zu entladen,
1732 1101 2677 1228 un zu bekommen, bie beither in dem Be¬
1711 1186 2684 1339 lonscten leydigen Complot sich implicie¬
1712 1322 1989 1428 ein laßen.
1706 1471 2593 1627 Man und auß welchem Anlaß er be¬
1700 1589 2447 1721 buschtem Complot beygetretten?
1699 1778 2580 1915 Ohngefehrs zwischen Martini und dem
1676 1893 2633 2004 Seulren Jahr letzthin, seÿen Gabriel Bueter
1684 1968 2615 2098 und Haubtman Händtz, als beyde ihren
1668 2056 2615 2201 Wohlberaute Persohnen, einsten zu ihme in
1655 2158 2642 2308 sein Hauß gekommen, haben ihne über seine
1647 2250 2617 2396 Situation angestochen, und nachdeme Sie¬
1649 2345 2609 2500 eine Kurthe Zeit davon geredet, habend sie
1655 2448 2593 2583 ihne zu dem Complot angeborben, indem
1637 2542 2627 2709 sie alle beyde ihme einen Eyd vorgesprochen,
1646 2635 2536 2782 welchen sie nebst ihme mit aufgehabenen
1649 2749 2655 2907 Eingeren abgeschloohren, und die Bürgerlichen
1623 2828 2585 2986 Freyheiten ritten zu helffen in sich gehalten.
1628 3007 2597 3185 Ob nicht der Haubtman Händtz, als er an
1627 3118 2594 3276 obiger Tag zu ihme gekommen, Ihne und ¬
1626 3218 2537 3368 den Gabriel fueter schon beysamen von¬
1623 3301 2497 3488 desen Sachen redend, angetroffen. R
