3024 4032
380 436 510 529 253.
582 486 1353 700 Bmannel Dortin.
552 676 1488 880 geschwohren; Und da die Lezteren Noch¬
557 791 1473 964 in dem Eynts: Sich an den Ohrten, soman
554 906 1479 1065 ihme sagen berde, einzufinden; gehört,
562 998 1480 1158 seÿn er aufgestanden, und habe alsobas¬
571 1084 1495 1257 abrompit und gesagt: Dafür Behüte mih¬
562 1192 1471 1336 Godt, daß ich das thun, ich habe schon ein¬
554 1293 1495 1434 mahl das Ungleck gehabt, mich in der¬
578 1397 1495 1537 gleichen Sachen zu mischen, werde es
590 1489 1495 1632 aber nicht mehr thun, Und da es gleich
573 1603 1501 1722 zloölff Uhr geschlagen, so habe er den
590 1687 1507 1819 Lieutl. Bueter beerlaubet; Mithin könn¬
588 1779 1449 1890 er vor Gocter, Angesicht Bezeugen,
592 1875 1491 2005 daß sint har er Inquisit, weder mit
574 1979 1476 2087 ihme Gueter noch mit Jemand anders von
568 2050 1491 2188 denen Conjurirten, vem Wort geredet, und
580 2157 1487 2283 Ban etwas anders als das, so er hier de¬
577 2257 1517 2383 carire, auf ihne herand komemen Werde,
570 2343 1523 2484 Wolle er willig alle die hartesten Straßen¬
578 2454 871 2608 außstehen.
591 2590 1384 2784 Hobgelehen und besightigesten.
572 2775 1493 2974 DOctum 30t Julÿ 1799.
2541 301 2700 417 254.
1825 459 2280 628 amen
1894 610 2093 722 Mit
1657 627 2641 926 Grancs Handtihen din.
1698 781 2457 964 Atatis 35. Jahr, verheurahtet
1622 984 2669 1197 Hochdeme er ernstlich ermahnet borden,
1663 1083 2679 1261 die Warheit an den Tag zu legen, und alles
1655 1194 2659 1375 dasjenige, so ihme von dem leidigen Com¬
1665 1296 2710 1477 plot in Wißen seÿn, vnnd heraus zu sagen,
1659 1400 2686 1563 hat er sich mühe gemacht zu reden, mit Ge¬
1664 1499 2637 1655 drücken, es seyn eine gebiße Sach, die
1665 1606 2684 1740 ihne hindere; Worauf ihme von Michg
1668 1693 2611 1826 den Examinatoren verdeutet worden,
1667 1803 2612 1930 daß, Ban er villeicht einen Eydt gethan,
1673 1919 2681 2038 durch welchen er sich gebunden glaube, so de¬
1666 1998 2690 2120 delariren sie ihme, daß Sie in Nahmen der
1664 2093 2691 2228 Sohen Oberkeit solch unrechtmäßig gethane
1676 2183 2667 2330 Eydt aufheben, und selbigen völlig Annulli¬
1669 2270 2660 2409 eren, könne und solle hiemit die Wahrheit¬
1696 2386 2040 2525 an Tag geben
1670 2503 2683 2700 Aoraushin Er declarite, er seÿn ungleicke¬
1672 2662 2701 2790 chafftiger Weise in diese Sach kommen, und das
1681 2762 2682 2882 auf folgende Weis: Als er vor ohngefahrt
1676 2858 2688 2987 4. Tagen die Stadt hinabgegangen, so seÿn ihme
1686 2954 2668 3083 der Marchand Wermer begegnet, und habe¬
1691 3058 2683 3188 ihme das Glübdt der Verschliegenheit abge¬
1694 3174 2704 3293 nohmen, zugleich ihne zum Schlußel geführt,
1697 3252 2612 3397 alleo sie eins getruncken; Etliche Tage¬
2459 3395 2648 3499 hernach
