3024 4032
401 479 529 568 180.
577 539 1455 732 Maidens doquelgius Peisones pourtes
546 662 1483 837 qarantir, maio que til q en avoit quelqum
560 737 1479 915 und, quine voulussent pas Reduper lo¬
560 831 1476 1006 Griefs dela Bourgeoisie, quil leuven
556 934 1227 1064 coulercit peut etre la Vie¬
562 1043 1478 1219 Sila Conversation, quil a Quavecli
571 1141 1481 1330 Ehguugien Weinici Surcette offaire, de¬
554 1237 1260 1379 boina a ce quil vient dedie.
541 1350 1461 1518 Repondu que Ov. quil Seralla au
557 1471 1480 1626 Locle ou il avoit a faire, e quil nere¬
557 1561 1468 1699 tionva pasle dit Weinie chex lug
553 1662 1467 1817 a son Retoui, qui fat fort avant dan¬
545 1745 925 1861 ta meme Nuit.
538 1852 1467 1964 Intenoge, Sil navoit point revu le
540 1947 1098 2060 dic Wderniei destors
533 2029 1473 2182 Repondu, que ou quil la vu au lodle
538 2139 1465 2252 deua outiois fois, dansdeua outio¬
523 2217 1464 2368 Joursdiffcients, Sans quil aiten aucum
519 2300 1466 2434 Convesation avic iuy, que surla Male
521 2418 964 2526 die desa Feme.
525 2408 1472 2643 Interoge denousrau Rparla tecondt
524 2567 1443 2740 fois, se depuis queluy deposant eit
523 2659 1451 2837 Wernier chex Eug aus Eplatures, d
510 2786 1449 2946 quil luy apprit ce qui vient derieropi¬
507 2879 1450 3051 porte, sil a eu, ounon dauties entiilue
508 2991 1199 3133 avec ce Weinia suice Sujet.
513 3104 1017 3246 Repondu que noni.
508 3125 1447 3331 Interioge, et Sil Seait ce quil essod
491 3228 1436 3447 Repondu quit nin Rait iien, e quig
491 3318 1429 3514 lois il ne la pas vu, ne meme extento
488 3507 888 3633 parter de Lug:
2597 479 2710 583 181)
1608 561 2626 737 Le prisent Inienogatorie agant cte borna¬
1644 663 2589 813 qua Questions & Reponses eydevant
1616 780 2664 954 Rapportels, & Lecturd enayant ete facte
1619 871 2617 1024 iuditdusticier Ferret, il a Confirme les
1622 993 2668 1113 Reponses y contenuis partemime Terment,
1617 1075 2610 1219 qui luy a lte intime a lentue de cette¬
1612 1187 2588 1320 Procedure, & en Consequence il acte¬
1628 1285 2647 1398 cidone an Soussigne Secretaire du Conseil
1600 1361 2658 1484 Dltat de le Sgner an Chauteau de Neu¬
1598 1464 2333 1621 "Sepatelle 23. Jullet 1749.
1647 1639 2644 1848 Signe Pai Oirdon: A Peraf
