3024 4032
528 290 669 396 738.
1579 2628 1697 2809 2
1579 2950 1674 3141 8
1576 3157 1656 3282 2
1603 2011 1707 2185 2
2794 104 2937 222 139
1739 222 2731 514 Fnstes Eramen.
2136 414 2272 487 mit
1761 405 2916 655 Micheli duCrest de Gepeve.
1753 582 2918 825 Sje navoit pas eu Concissance avec sue¬
1736 754 2701 952 ter le Leutenant de la Garde
1747 882 2906 1089 Lou, que mr Pueter lin avoit offert a
1743 997 2926 1196 vendie un Tour, Dont il navoitrien dou
1728 1107 2886 1297 voulu, mais quen sutte il avoit ete chen
1714 1224 2900 1412 lii le Lundi de Paques dernier, pour voir
1717 1376 2065 1505 la Cermonie.
1717 1463 2843 1637 Bil navoct pastenui avec le Leutenant
1629 1518 1705 1660 I.
1677 1587 2877 1734 fulter des Discours, touchants un Complot
1719 1699 2785 1828 de Soulevement parmis les Bourgedis.
1713 1795 2882 1945 contre le Gouvernement, et pris a ce sujet
1710 1902 2518 2035 des Engagements avec lici 2
1719 2041 2821 2214 Zuil etoit vray, que le dit Fueter lui
1696 2162 2875 2311 avoit parle et expose les Griess de la Bour¬
1681 2284 2877 2435 geoisie, mais quil lui avoit tout aussi¬
1696 2332 2831 2527 tot repondu, que cela li paroissoct trop
1680 2446 2838 2633 defficile et sujet a trop de risque pouren
1688 2543 2357 2680 obtenir les Dedressement.
1708 2658 2839 2870 Si Fueter ne lui avoit pas aussi det, par
1687 2796 2788 2938 quels moyens lon pretendois dobtenir le
1675 2876 2782 3072 Redressement des dito pretendus Griefs?
1695 2984 1905 3139 Von.
1701 3136 2822 3358 Si Fueter nelui avoit pas demende son
1679 3275 2826 3466 avis, touelant les dito moyens de Redresse¬
2601 3463 2772 3548 ment
