3024 4032
221 432 272 494 1.
339 378 440 503 El.
491 296 1309 517 Leutenand Buter.
434 496 1428 667 Mundlich versprochen, daß bau sie das¬
422 605 1447 769 StattSigel haben, Sie Allsdan 400. Ma¬
448 701 1422 849 von Reubenburg bekommen thäten, welcher
444 788 1413 960 Aber von dem Complot nichts gebüßt, und
443 898 1391 1102 deme er deß haber auch nichts eröfnet.
472 1052 1441 1235 Ob ihme auch nicht bebaut, daß jemand an¬
336 1166 432 1274 F
455 1165 1432 1319 ders von denen so im Complot gewesen, in
455 1257 1430 1429 und Außert Landt Conepsonden gehalten.
323 1424 1085 1614 D kein er büße Sieman:
468 1550 1443 1706 Ob alle, so in Complot getretten, nicht auch
441 1660 1425 1805 geschworren, und sich zusamen Verbunden ha¬
439 1754 1407 1916 bei, daß, fahls die einte oder andern von
422 1838 1367 1978 Ihnen entdeket und gefänglich angehalten
435 1940 1416 2071 burden, Sie deßen ohngeacht, diesen Boß¬
409 2032 1419 2178 hoffen Project über kurz- oder lang, auß
410 2148 770 2275 fuhren Wollen
294 2254 1420 2440 R. Mand. Er biße nichts davon, aber das
405 2369 1426 2523 habe er selbsten gwedet: Man der eintode
421 2483 1419 2645 andere dieser Sachen halber arrestirt bürde,
416 2588 1379 2726 Mann selbigen Trachten solle zu erretten
390 2687 1308 2854 vnnd die gefangenschafft einzustrengen.
312 2777 413 2961 G
419 2802 1410 2967 Ob der Marehand Wermer ihne nicht von
397 2922 1416 3075 denen in deßelben Calendern sich befunden
378 3026 1424 3186 Zeichen geredt, und ihme eröffnet, bas se
376 3119 1006 3280 sie zu bedeuten haben.
253 3211 1406 3425 D Ja. Er gestehe, daß der Weiner ihme¬
1239 3390 1430 3541 solches,
1456 1224 1508 1349 23
2621 217 2707 334 83
1691 247 2527 473 Reutenant Hiter.
1553 417 2704 619 saches verdeutet, und außtrubenlich gesagt,
1588 554 2686 755 diese so gezeichiet seyen, meyne er, daß Mau
1578 650 2681 804 Cuputiren solle, das eunde Zeichen habe bedeu¬
1580 756 2676 901 Ist den Kopf abhauben; Bezeuge daß
1585 866 2690 1050 ihme Inquisit darab gegranfet, diese redlen
1574 954 2655 1157 aber steyen in keiner Versamlung geführt,
1587 1062 2660 1222 aber öffers in partuulari unter zweyen
1594 1160 2629 1341 oder dreyen gesprochen worden; Selbige
1574 1283 2623 1419 Welche also geredet, seyen Er Inquisit, der
1578 1393 2694 1536 Boldschund Bueter, so gestagt. Mann solte dem
1590 1491 2700 1619 gantzen Raht die Köpfe vor die Hüese legen,
1575 1583 2689 1725 der Marchand Meeiner lauth seines Calenders,
1590 1684 2671 1831 und der Gerber Ruhn, diester habe gerahten
1583 1782 2621 1915 Hauster anzustehen; Von Massairiren
1580 1889 2677 2025 aber buße er nicht, daß er etbas geredet,
1590 1980 2631 2116 Auch der Lerber habe sich verlauten laßen
1585 2079 2682 2201 diesem oder jenem den Kopft abzuhauben;
1570 2185 2637 2334 deßgleichen habe auch Haubtman Handzi
1580 2284 2140 2428 solche reden gefuehrt.
1518 2420 2675 2583 EiOb er nicht auf dem Land umbher mit leuthen
1590 2527 2629 2655 deßentbegen reden laßen, oder sonsten
1568 2616 2706 2793 gesucht hin und her Concespondenten zu stiffen?
1603 2743 2695 2909 Rein! Weiters nichts, Als bie er, ratione
1575 2865 2663 3041 deß Kloch und Marchthaler schon bekennt.
1559 3036 2667 3243 Bestähtige auf Leben und sterben, und
1567 3193 2689 3335 vor Gottes angesicht, daß er über alles
1560 3284 2409 3453 die pure Wahrheit geredet.
2443 3409 2695 3552 Nachdeme
2698 895 2765 1063 t
