3024 4032
402 308 519 408 144.
405 295 1412 526 vE Michel, duczest
523 481 1528 654 queibum Destein etoit Dexencter leu proio
535 597 1491 729 les Armes a la main, et de Semparer d
531 692 1524 880 arsenal, ainsi que de la maison de Dill
448 834 1426 1002 R. Now quil nen avoit point d Idee.
550 964 1496 1140 si fucteo ne lui avoit pas dit, que le Joui de
425 1030 512 1170 2
545 1093 1463 1247 Vexelution, on viendia le chercher pour
531 1189 995 1337 de Servir deluj
421 1322 689 1478 llon.
533 1458 1451 1616 si Fruter ne lui avoit pas aussi dit, que
406 1483 505 1643 2
518 1559 1208 1735 bientot il Sortiroit de brison
523 1717 1453 1853 gl ne pouvort pas nier, que Fueter ne¬
382 1696 507 1846 R
505 1810 1460 1939 lavoit flatte de cette Esperance mais-
493 1891 1434 2053 quil nys avoit fait aucun fondement.
378 2031 1456 2164 2 si lors quil lui avoit annonie cette
496 2118 1453 2270 Vovelle, il ne Setoit pas explique en
495 2235 1475 2385 meme tems, que se feroient les Bourgesis
481 2321 1121 2441 que viendicient lentirer.
484 2443 659 2554 kon.
480 2591 1464 2734 Pil navoit rien donne par ecrit au Lieue,
336 2609 457 2750 X
458 2720 1368 2862 nant fueter, touhant ces affaires
343 2843 1442 3008 R  Gl declaire, que si on lui peut montrer un
414 2950 1439 3120 Seul bout de papier, quil aye donne au
433 3041 1442 3223 Leutenant fulter par rapport a cela, st
412 3152 967 3292 Pavoueroit conpable.
1269 3304 1454 3421 ab dehtus
2706 -1 2875 147 145
1565 167 2627 563 36 Miag
1631 300 2821 638 La dessus on lai a montre une Cacte eerita
1666 462 2813 766 dosa main avci du Crayon, contenant une
1667 585 2744 836 nacime de ses memoires. tout lepouvoir¬
1658 677 2799 957 puocede du peuples, dont il a du conserver
1646 769 2776 1081 taut ieluy quil na pas remis a perpeturte
1650 828 2804 1165 par aucune loy, quil a remis au dit. Lucetl.
1642 1062 2502 1284 Quetter des Ca premiere entreviie.
1637 1163 2720 1416 aquelle sin je lui avoit donne cette Carte,
1643 1298 2811 1509 Caquelle il avoit devant les yieuae antuellement
1546 1478 2693 1667 R Voiu leilaircir sur les questions qui yetorenb
1632 1616 1862 1737 Relatives
1619 1742 2778 1899 hierauf bard der Lieutenant Bueter bescheiden
1624 1866 2743 2030 und gegen den Müheli über nachfolgende
1628 1986 2777 2131 in ihren beydsteithigen Examinibus vorge¬
1605 2077 2512 2225 komenen discrepsanzen confrontert.
1612 2186 2671 2383 darbey der Erstere in gegenbahrt und unter
1605 2322 2708 2499 augen des letzteren soutenirt: Daß
1597 2397 2709 2615 lesten mahls, alß er bey ihme gewesen, er
1604 2491 2239 2650 ihme folgendes verdeutet:
1583 2586 2761 2863 Depuis le memoire de 174 5. le Droit de Depre¬
1569 2695 2724 2941 sentation est ote an Bourgeois, et on prendia
1585 2782 2667 3073 les armes. Auf belches dann der Miheli¬
1582 2893 2705 3181 geantwortet: jl faut bien prendie Garde,
1581 2961 2748 3320 Argen pe memnengen
1586 3056 2394 3323 Drmomm an mne
1556 3170 2666 3531 veral ngenn
2464 3541 2739 3660 convenir
