3024 4032
199 321 268 404 1.
343 274 455 417 66.
572 257 1372 493 Lieutenant Zucter
464 471 1507 638 Gerber Ruhns Haus genommenen Abres si
481 560 1509 761 ponirt vor anfangender Execution deß Con
479 672 1454 811 plots einem Dietaton zu erbählen, welcher
463 768 1499 938 Bährend der Außführung über die Andern¬
477 874 1291 1018 sehet und zu befehlen haben solle,
1313 890 1513 1035 Fue
486 982 1502 1141 Dutatoren habe er vorgeschlagen, den Hau¬
479 1075 1496 1225 mann Handzi, welchem man noch ihne Di¬
473 1171 1486 1306 linquenten sambt dem Rudolff wyß dem
456 1268 1478 1430 Stubenschreiber zu Möhren zugeben sollen.
725 1387 1494 1520 Bebenete Weiters, daß schon vor
479 1474 1501 1624 Ohngefahrd zwey Monathen, Als er Delingue
466 1579 1505 1714 sambt dem Haubtman Händh und dem Haus¬
473 1678 1499 1814 man herbort deß Gold arbeiters Sohn, Auf¬
466 1774 1490 1907 dem Brupfeld sich besunden, und sich diesen
433 1884 1489 2026 Sachen halber Eydlich zusamen Verschwohren,
443 1979 1486 2104 habe dahnahlen der Haubtman Herbort
440 2075 1495 2206 proponirt, alles ohne Außnahm zu Mahre,
457 2180 1489 2300 erwen; Morndeigen Tags Aber habe es¬
451 2268 1458 2410 den Herbort Bider Gerauben, und habe
433 2373 1486 2508 Es ihnen, denen zbey andern Declarirt,
434 2469 1481 2600 daß er nichts darmit zu thun bolle haben
454 2569 1436 2714 Ward bider an sein Ohrt gefuhrt.
412 2753 1474 2928 Actum in der Obern Gefangenschafft,
399 2866 1467 3030 durch Mehlgchhl. Herren Venner Im
397 2976 1485 3150 Hooft, Herren Rahts herren von Graßen
400 3094 1466 3230 wied; Denne Mebhhl. Herren
391 3180 1459 3330 Aet Lund togt. Striger, von Crächstel,
382 3263 1467 3452 Wald Herren Umbgelener Lombach
1339 3433 1474 3540 ho
1687 346 2534 544 Ceutenant Gueter.
1622 493 2655 663 Herren GroßWeibel Willading und
1631 607 2675 746 Vire Grichtschreiber von Mühlenen
1646 707 2355 868 den 6. Julÿ 1749.
1624 976 2689 1163 Obiges ihme Abgelesen und bestäthiget
1642 1111 2254 1278 den 11ten Dito 1749.
2177 1234 2381 1352 L
2635 319 2716 457 67
