3024 4032
393 269 547 367 732.
387 283 1363 488 Eu Er. Micheli DeErest.
424 469 1494 648 2 be quil avoct repondii a Fueter, kon¬
490 598 1508 752 quil liui avoct Declare, quon prendicit
517 686 875 811 tes Armes
410 795 1499 968 D Quil avoct iepondi, quie salloct pienon
519 933 1485 1079 gado, qu lentupuie Aat forle, d.
537 1027 1503 1151 referant au reste sur les depositions de son
520 1115 1500 1296 precedent Cramen par caport a cotte question
446 1262 1505 1420 2hi Pueter ne Caosid pas charge, de dresser un¬
509 1372 1506 1553 Ban, comment il falloct conduire ce project.
423 1515 1478 1664 R Non quil navoit pasite question de cela
532 1613 1471 1747 entreux, et que si fueter avoct vonli lin
529 1716 1461 1832 domer celle Comission, quil ne sen Serodi
513 1781 1457 1946 point Mharge, et quil protestoct, que
490 1869 1461 2033 Fueter ne tui avoit jumais fait aucune
502 1972 1412 2117 ouvertare dur un plan a ce Sujet.
396 2071 1422 2246 S fucter ne lue avoit pas dit, quen cas
486 2199 1443 2351 de Exention de leur project il devoib
467 2300 1102 2439 leur preter son Suours?
396 2392 1476 2587 R Queron, quil naroit jrasite queidion de ae
435 2574 1418 2755 Si aussi il ne lui avoct pantdit. quau
350 2590 437 2733 E
448 2682 1467 2828 Jour de l Execution on viendroit le Merihor
343 2825 633 2992 R Hen.
330 2979 421 3118 I
415 2956 1450 3142 Rue sa Reponse ne paroissoit pas vray sem.
422 3089 1463 3227 blables, puis que Fueter lin avoit fait pro¬
417 3168 1454 3333 messe, quie socteroit bientot debrison
1529 2558 1607 2706 8
1516 2772 1581 2923 d
1533 2995 1589 3091 R
2679 205 2823 316 133
1563 282 2577 514 a. C. Mlichelj duCzest.
1578 445 2755 732 9 Quil convenoit bien, que Fueter lui aye
1669 605 2746 764 fact promesse, de lin procurer dans peu sa
1672 679 2796 827 Aberte, come aussi quil seroit reju Bourgicis
1659 774 2690 928 de Seeine mais quil avoit regarde cela
1670 897 2731 1027 come des Disiours vagues, sur les quels il
1663 1001 2305 1146 pavoit fait auiun fond.
1568 1129 2724 1323 2 K Pueter ne lui avoit pas aussi dit, que
1647 1242 2650 1378 plebieurs Bourgevis Setorent lies par
1646 1325 1938 1446 terment
1563 1439 2704 1590 d Qvoni, mais que Setoit pour mamtenir
1656 1554 2041 1652 leur liberte.
1645 1672 2692 1840 Mais Sjene lui avoit pasdit, par quel¬
1547 1667 1622 1815 2
1640 1788 2727 1898 Moyen ils vouloient mantenir leur liberte
1620 1875 2497 1999 par la prise d Armes au coment.
1532 2004 2678 2156 R Quil navoit point ete parle entreuce des
1627 2124 2725 2278 Mojens dont ils vouloient le Servir pour cela
1530 2231 1612 2368 2
1618 2229 2730 2402 Sile Lieutl. fueter navoit pas eseige, quil
1615 2348 2618 2491 lii fit Serment pour le Suret de cette
1600 2457 2021 2582 Confidence
1585 2571 2709 2774 Que non, mais quil nauroit pas fact diffi
1609 2684 2694 2828 culte de le leu preter, Sil lavoit Demande?
1602 2784 2682 3010 Si Hormisle Lüntl. Pueter persome nelui
1607 2910 2373 3084 avoit purle de ce Complot
1637 3008 1816 3149 Aen.
1669 3181 2167 3349 Lucet confim.
2398 3270 2627 3406 sell, d 129.
1666 3303 2485 3493 Actum 15. Julÿ 1750.
