3024 4032
517 307 631 401 300.
883 349 1401 522 Glegtes Caamen
834 456 1136 567 Mnt. Oit¬
721 512 1444 739 Jobarn Lüdrtig Lerber
638 675 1529 899 bein Vert Schrifftlichen Project gesehen;
638 803 1561 1002 Mahr seyn, daß, als er einsten zum Hault¬
639 929 1569 1110 mann Händtz gekommen, und ihre ob dem¬
639 1009 1566 1217 Schreiben angetroffen, habe er solche machenden
631 1117 1567 1321 Schrifft einschauben wollen, der Handthichie
631 1238 1537 1397 aber selbige sogleich umbgebahrt und ab¬
608 1341 1529 1503 seits gethan; Ein Ander Mahl aber, da¬
629 1437 1546 1593 man von diesen Sachen geredet, habe der¬
628 1543 1538 1705 Haubtmann Händthi gesagt. Er bolle ein¬
604 1621 1527 1768 schönen Aufsatz machen, daß man ihren¬
614 1717 1521 1869 Leuthen Communicieren solle; Als Er aber¬
609 1808 1516 1964 nicht lange darnach diesem Aufsatz nach¬
582 1901 1509 2066 gefragt, habe der Haubtman Handtzige¬
566 2009 1520 2143 antwortet: Ja, er habe ein Aufsath gemacht
560 2073 1415 2233 gehabt, aber selbigen Bieder verbröut;
580 2192 1498 2311 Übrigens habe Bakriel Hueter Ersten,
572 2287 1484 2429 mahls, Als er ihne hievon geden gehört,
558 2377 1492 2523 gesagt, er stehe schon sieth 16. Jahren in diesen¬
526 2489 782 2620 Pryjut
548 2673 1462 2816 In den Offeren Bbesuchungen und dem genote
420 2679 512 2825 J.
517 2775 1443 2907 Umbgang, so er mit dem Haubtmann Hand¬
508 2876 1443 3010 und Gabriel ueter gehabt, werden sie ihn
508 2977 1446 3108 Bohl. viel ein Mehrers, als er bekennet, von¬
509 3073 1224 3230 diesen Sachen geredet haben?
345 3262 1445 3441 R. Er seye schon von Jugend auf mit dißendl¬
1288 3329 1427 3457 seinee
1549 2695 1590 2772 1
1547 2935 1616 3075 2.
1563 2506 1636 2628 J
1613 1747 1674 1862 B
1627 1293 1712 1436 4.
1915 373 2518 550 Zolegtes Kamen
2035 495 2174 589 Weit
1887 541 1996 630 Setit
1790 528 2543 739 Johann Lüdrtig Lerber
1747 761 2706 932 seinen Freunden umbgegangen, sie habend
1746 874 2718 1015 ihme aber nicht ein Mehrers geoffenbahret,
1743 965 2622 1116 sonder im Wiederspiehl. vor ihme Ver¬
1722 1099 2169 1250 eschlagen gebesen.
1733 1267 2694 1407 Ob er nicht bekant seyn müeße, daß er dem
1725 1376 2485 1498 Victor Mannel dem Mahler gesagt:
1700 1476 2657 1592 Er solle sich mit einem langen dagen versehen,
1713 1569 2638 1724 und in bas Absehen er ihme diß gesagt
1703 1722 2641 1895 Er habe ihm seines Mußens von denlangen
1692 1853 2646 1982 dagen nichts geredet, äußert bas Sie begen
1672 1948 2605 2081 Richtens mit Einander gesprochen; Wohl.
1663 2013 2618 2179 habe er Ihne gefragt, Ob er nicht mit Ber¬
1670 2152 2609 2273 ügerlichem Gebehr versehen seyn, umb allen
1666 2214 2612 2360 falls die Bürgerlichen Freyheiten defendieren
1663 2309 1908 2414 zu können.
1659 2514 2559 2661 Er gestehe einmahl, daß er diese schreibliche
1643 2606 2662 2767 Reden gehört, und daß er Eydtlich sich verbunden,
1643 2696 2552 2843 den vorzueimmenden Project helffen mit¬
1649 2788 2273 2931 Belehrter Hand außzuführen
1647 2955 2547 3165 Ja er gestehe, daß er darzu angeborben
1633 3076 2598 3258 worden, gleichbie alle Übrige angedingen.
1641 3161 2536 3350 Sille umb Verzeichung und Gras¬
1663 3286 2311 3430 Abgelesten und bestahtigete
1650 3377 2381 3558 Actum 22t. Juli. 1789.
2710 337 2814 480 309.
