3024 4032
307 2766 481 2950 Fg
381 483 516 598 472.
655 484 1381 709 Rudolp Maner
540 614 1493 855 Mnis derston gerecet, sonderen selbigen¬
555 742 1471 945 habe lediger Dingen gesagt: Es solle ohne
560 830 1341 997 Blutvergießen vor sich gehen.
546 942 1479 1121 Item Burde dem Wernier von M Pr.¬
558 1054 1479 1217 keutig vorgehalten, daß er ihme über¬
569 1140 1472 1302 etwelche gethane Einwendungen gesagt
552 1251 1479 1408 Er habe freylich nicht Ursach zuklagen,
553 1348 1464 1503 und habe hievter auch gedreckt, bie Er¬
562 1458 1471 1576 aber Ban Er von der Sach werde eine
561 1550 1465 1682 genugsame Bekantschafft haben, werde¬
548 1640 1178 1778 er gantz anderst reden s¬
541 1733 1459 1886 Kließer Verminte der Mermier gleichfall,
540 1821 1462 1964 daß er aber mit Mstr. Grufig von düssen
541 1899 1461 2043 Sachen geredet das laugen er gor nicht¬
560 2014 1460 2152 laißte sich aber praecise nicht zu frrinen,
545 2105 1458 2256 loas eigentlich sie hierüber mit Einander¬
526 2211 1437 2350 gesprochen; Aber obigen Discurs haber
540 2293 1442 2431 gar nicht mit dem Mstr: Hrutig gehalten,
544 2391 1442 2536 zumahlen er auch niemahls in dießeng
525 2502 1067 2627 Gedancken gestanden.
526 2571 1437 2721 Der Mstr. Hautig aber beharrete auf¬
530 2686 997 2819 seiner Deposition.
526 2760 1447 2916 An Mernter: In verigem Prani
507 2839 1444 3014 habe er auch dorffen sagen, Er habe indt
513 2917 1450 3111 Versamblung bey seinem Bruder dand
489 3041 1415 3245 Erd nicht geschwehren, und seÿ erstgch
497 3127 1427 3343 2. Uhr in gedachte Versamblung getrund
497 3183 1446 3418 Ober noch dato darauff beharrn, sld
489 3300 1434 3532 sich aber loohl besinener, und gedenckech
486 3384 1434 3625 daß er allenfalls könte überbise i
1565 741 1627 858 H.
2618 429 2726 545 179.
1660 503 2365 733 Audol Werier.
1627 644 2690 863 To, Er beharre Vestiglich, daß er erst nach¬
1622 740 2680 930 halben 1. Uhr dorthin gelarsen, und hohfes¬
1606 849 2650 1057 Nemand werde ihme das Gegentheill
1610 967 2103 1117 erbahren können;
1615 1049 2665 1222 In Ansehen des Eydes dann könne er auch
1608 1161 2686 1317 nichts anders sagen, als seine in vorigem
1592 1254 2682 1440 Examine enthaltene Außang bestäthigen,
1617 1347 2652 1504 Er biederhohle aber, daß, ban Inand von
1603 1468 2610 1611 dien beygelestenen darüber positioe¬
1601 1557 2661 1702 etwas anders außaagen könne, Er solcher
1597 1664 2295 1780 für bekant annemen wolle.
1604 1756 2597 1898 Über diß sind folgende drey in Hauß¬
1597 1861 2646 1997 Arest sich befindende mit Nahmen Schloßer
1580 1957 2671 2074 Miÿer, Marchand Christen und Marckand
1585 2055 2653 2175 Achß alsobald bescheiden und gegenden
1579 2152 2404 2297 Inquisiten Confrontirt worden.
1487 2219 1653 2334 nfront.
1476 2321 1567 2389 mit
1633 2326 2584 2463 Mstr: Abrahane Meÿer der Schloßer¬
1484 2356 1602 2464 hloßer
1472 2434 1597 2537 Peger,
1606 2427 2648 2557 deponirte in Gegenbarth deß Inquisiten
1581 2535 2628 2646 Er liße so pracise nicht mehr, umb bie viel
1572 2603 2625 2793 Uhren, Sontags den 29ten Juny, der Inqui¬
1577 2697 2638 2877 uSit in die bey dem Marchand Wermer
1569 2806 2591 2952 gehaltene Versamblung gebommen seyn;
1590 2879 2628 3043 Aber deßen errinnere er sich wohl, daß
1573 2963 2654 3154 er Deponent umb 2. Uhr dorthin gekomen,
1570 3046 2569 3244 und der Wermer eeben eine halbe Stund
1577 3145 2333 3320 darnach auch da eingetreffen.
1670 3252 2637 3481 deß gleichen Büßte er Deponent sich¬
1572 3358 2659 3560 auch nicht praecise zu versinnen, ob Merner
1581 3424 2526 3644 bey, und mitgebesen, als ihnen, an der
2372 3627 2559 3766 P.
