3024 4032
387 367 549 498 233.
829 342 1105 460 2t6. Ex:
629 401 1354 620 Rudolk Rrinsarht.
546 583 1538 802 um 2. oder 3 Uhr seÿe er zum Examinan
531 658 1520 869 Alleich gelesten, deme er auch das Vor¬
536 777 1526 974 haben eröffnet und Zugleich ersucht, zu
530 892 1552 1085 seinem Schwager Wermer zu gehen, borau
537 986 1511 1163 der Ulleich gesagt: das seyen bichtige
537 1095 1523 1260 Sachen, mann muße Sehnetsam damit
544 1217 1494 1351 angehen; Übrigens habe er ihme das
549 1311 1521 1465 Geheimmuß versprochen, und seye noch
550 1406 1541 1575 selbigen Abends zum Vermer gegangen
566 1483 1553 1673 welcher ihme Inquisiten sinthero Verdeuten
554 1594 1523 1747 daß der Alleicht ihme den Eydt deß Still¬
546 1705 1510 1850 schweigens praestiret, in mehrers aber
563 1782 1528 1939 sich nicht einlaßen wollen, sonder gesagt
562 1906 1494 2054 Es stehe ihme alß einem Eraminaten
559 1995 1397 2140 nicht an damit zu thun zu haben.
539 2080 1521 2241 Alß er Moendrist hierauch, als Am Mitbochen
533 2185 1513 2337 wiederum Zeym nach Kerstaz gegangen.
532 2293 1455 2449 habe er unterwags den Herber Kuhn
543 2367 1556 2543 Angetroffen, mit welchem er zum Kupte
540 2477 1533 2648 im Sulgenbach gegangen, Sie habind aber
528 2573 1537 2727 dorten etwelche Herren Angetroffen, alß
534 2666 1522 2871 daß sie von keinen solchen Sachen nicht
531 2752 1529 2949 reden konen, Unterwegs aber habind¬
523 2865 1457 3061 sie von denen Angeworbenen geredet
356 2993 1501 3218 Rh. In seinem ersteren Examine habe er
510 3055 1537 3302 deptoniert, Gerber Kuhn habe ihme gesoth
506 3158 1535 3417 Essteye dinstages bey Hr Ochs im Sitze
497 3268 1509 3571 Hoch ein Rersenlung sehalen bern
1411 3375 1527 3499 168
1578 1340 1652 1503 1
1577 1495 1649 1588 4.
2630 369 2745 473 294
1968 383 2256 487 9 t6 Ex.
1780 468 2542 661 Rudolft Reingardt.
1598 613 2662 812 Ob er gebuß büße, daß dem Allso seye?
1659 743 2727 897 Nein, wan er obiges gesagt, so habe er sich
1674 846 2719 1011 außredet; Wohl aber habe ihme der Ruhn
1664 937 2676 1113 gesagt, daß dorten eine Verstamlung
1676 1048 2255 1202 sollen gehalten werden
1653 1136 2694 1291 Ob er nicht dieß Vorhobens wegen, mit
1663 1235 2127 1360 Bauren geredet?
1674 1327 2142 1468 Nein kein Worth.
1674 1422 2682 1567 Ob nicht sein Schlager Marckand Vermer
1670 1518 2703 1660 An selbigem Preytag, allwann er arrestiret
1665 1613 2716 1759 worden sich zu ihme nach Kersahen Verfurgt
1664 1708 2094 1878 vnd beßtbegen?
1666 1770 2686 1965 Ja, ersteye Preytag Morgens, zu ihme reen
1679 1896 2653 2063 umstagte er, ihne zu wahrnen, die weilen
1683 2000 2655 2137 er beförchte, er möchte Als ein Junger
1683 2097 2661 2237 ohnvorsichtiger Mensch vor Hhr Oberherr
1684 2178 2699 2338 Aann Ohnvorsichtige Reden führen, daß
1666 2281 2710 2421 Ihl OberHerr etwas daraus Mecken könte.
1689 2394 2673 2531 hierauf declarirte der Inquisit beiters:
1683 2501 2702 2662 Es steye in der Verstamlung daer beyge¬
1684 2600 2723 2752 bohnet, auch proponiert worden, eines Bahr¬
1678 2689 2732 2841 Zeichens überein zukommen, um sich dabey zu
1690 2798 2682 2949 renen, und das seye gewesen, daß bann
1697 2902 2724 3032 man neben einander Vorbey gehe, so solle
1696 2994 2710 3135 man den Obersten Knopf an dem Rot¬
1697 3072 2734 3252 Ven er eingethan seye, auf, Bau er aber
1702 3195 2735 3350 offen seye, guthun; Wan dann der Ange¬
1705 3291 2769 3463 sroffene von dem Complot steye, so berde er¬
