3024 4032
291 301 428 374 104.
506 265 1204 486 Hanktman Handz
430 439 1447 637 Dm 122e Jali hat er Inquiat bey ang¬
281 497 388 628 A.
422 586 1451 776 hörter Ablesung zu dister letzten Frag un¬
427 692 1429 866 beygefügt. Er habe die pistolets nir eine
425 800 1418 937 vusche Zeit auff sich getragen, maßen er
430 888 1439 1037 selbige ohnnohtig und beschwärlich gefun¬
303 1066 1436 1238 EWelche unter ihnen sich mit Sachpistolet¬
416 1203 731 1334 Verstehen2
416 1310 807 1440 Der Wernier
294 1297 390 1484 d
411 1411 653 1549 Khüyse.
398 1506 805 1655 Kentl. Gueter
425 1591 1411 1755 Wuße nicht, welche noch deren Gehabt
427 1764 1435 1946 Ober nicht gestehen müße, daß sie zu¬
294 1753 425 1946 E
401 1894 1421 2031 dem Endsich bewehrt und mit Pistolen¬
381 1994 1429 2138 verstehen, umb allfählig mit gebalt ihr
403 2090 1080 2232 vorhaben außzuführen
306 2236 1433 2439 E Rein. Er bezeugen, daß dlas nicht sein abs¬
386 2394 1426 2549 hen gelesten, vielmehr seyn die eigentliche
387 2491 1442 2641 Ursach dieser pistoleten gsin, umb nach Im
360 2594 1433 2751 halt deß Erdts sich gegen die allfähligen
357 2737 1388 2877 Verrahter ihres Secreto rachen zu könen;
343 2783 1423 2963 Aber gegen die Oberkeit habe er niemahl
348 2912 1412 3065 gedancken gehabt, sich gbaltthätiger¬
349 3023 1415 3173 Weise zu leidersehen, darvor habe ersten
334 3109 783 3295 Gut gebüßen.
241 3252 1423 3453 D Wann er ein gut gebußen hatte, so bie
324 3391 1394 3573 er nicht getrachtet haben, bey seiner
1231 3433 1435 3610 Shund
1459 3021 1504 3134 d
1459 3184 1527 3272 8.
1494 711 1575 901 e
2607 272 2740 365 1051
1622 301 2488 551 Haubtman Handi
1583 488 2513 684 Erhändigung sich zu Salviren 2.
1604 667 2715 834 Er bekenne, koin er von Jungdorß gekommen,
1587 806 2688 951 und nicht gelaußt, bas unter deßen Allhier
1573 910 2673 1065 vorgegangen, seye er, als er bald bey der
1558 1015 2656 1146 Statt gewesen, und vernomen, daß der¬
1569 1116 2667 1250 Rieutl. Gueter ein Standes Glied Nieder¬
1559 1210 2668 1362 geschoßen, dergestalt erschroben, daß die¬
1566 1310 2718 1474 ses ihm instehe große frechtgebracht, dahero¬
1559 1417 2311 1581 Er getrachtet zu entrinnen.
1481 1602 2661 1759 I Was das für beieffen geloesten, welche er
1551 1695 2695 1850 zu versteben gesucht, und Theils Zerrißen,
1561 1838 2696 1960 s aber bey vorgegangener Visitirung ihme
1569 1909 2612 2058 auß den hosten abgenommen worden
1478 2087 2690 2259 V Es steye die einte schrifft eine liste derjem¬
1567 2217 2669 2360 gen gebesten, Welche zu dem Complot den
1552 2281 2634 2460 Eyd geschworen, das Zerrißene Abersteye
1569 2410 2725 2543 ein indifferenter Brief, viellicht von seinem
1569 2471 2358 2671 Sohn von Marscille gebesten
1471 2667 2681 2886 2 Oballe diejenigen, welche auß der auff¬
1558 2795 2713 3015 ihme gefundenen liste aufgezeihnet sind,
1548 2891 2326 3071 den Eydt geschworen haben.
1539 3012 1685 3193 Jn.
1560 3200 2732 3452 hiemit habe der Mitels dusrest den Eyd
1532 3309 2712 3575 geschworen, maßen er auff ader biste sich
1529 3394 1847 3554 befinde 2
2722 924 2758 1063 1
