3024 4032
378 465 520 579 446.
602 510 1453 745 Musculus, Studiosus
555 657 1473 859 Geist und eine forchtsame Natur zu¬
561 768 1461 973 seinen damahligen Umbständen ge¬
538 871 1482 1062 setzt werde, so hoffe er, daß ihme der
567 978 1455 1159 fehler der Verschbiegenheit, umd so¬
553 1097 1465 1249 mehr geschencket und nachgelassen.
555 1177 1474 1344 werde, Als er denselben deh und¬
556 1280 1465 1422 Wehmüthigst Bereibe furg einte¬
538 1378 1480 1548 Fürd zlegte dan steiß glaube, daß
547 1485 1467 1624 eine Hohe Oberreit die Aufrichtigkeit
554 1571 1400 1721 dießer Verantwortung aus seinem
523 1670 1473 1819 gantzen zukönfftigen Leben schließen.
544 1779 1470 1910 werde, Als welches er zur Ehre und
533 1871 1470 2003 Nutzen seiner Gnadigen Oberteit¬
551 1970 1470 2096 gäntzlich zu loidmen hiemit versprechen
586 2059 1422 2199 Alber das und5.  Weil er bey¬
540 2147 1467 2294 dem Außbruch der Oberkeit durchsin¬
543 2233 1456 2390 Angeben seine Unschuld nicht mehr
534 2321 1468 2484 erbeisten könte, so wolte er bemigstene
524 2414 1460 2595 seine Ergebenheit und Gehorsamdern
517 2510 1460 2683 zeigen, daß er ungehlungen Mechl.
506 2607 1446 2774 Rathoherren Sillier seinen Sehlerber¬
519 2700 1440 2886 kent und freyleitlig angegeben, auh
516 2794 1450 2968 ohne Korcht imer in der Statt verklar
496 2882 1445 3075 oben, leinwohl er gehöret, daß allo¬
502 2947 1454 3189 die, so den Koppelten Erd gethan solle
503 3016 1442 3267 in die Gefangenschafft geführt erder
601 3187 1345 3382 Abgelesen und bestätiget
480 3245 1442 3492 Actum den 28t Julij. 1729
2560 600 2670 685 199
1556 580 2660 791 35. Daniel Stetler Studious
1513 758 2621 985 Aulorite. Er habe die Kolige Mußenschaff¬
1656 920 2609 1074 und Iebantschafft, so er von diesem ley¬
1630 1013 2624 1176 digen Mesten habe, in seinem durch Masle
1642 1119 2583 1258 Landsogt Mutach zu Sumißbald mit
1637 1228 2581 1378 Ihnen gehaltenen Examine aufrichtig
1645 1303 2584 1456 von sich gestellt, welches er nunmehro,
1642 1397 2589 1545 als durch aus der Wahrheit gemäß, be¬
1632 1488 2586 1647 nstätige, mit beziegen, daß er einmahl
1649 1583 2554 1729 nichts mehrers darüber zu sager habe.
1645 1684 2585 1828 Sothanes Examen nun befindet sich
1651 1777 2270 1926 dieses Wörtlichen Lauts:
1663 1880 2555 2068 Hetun Scloß Sumis¬
1636 2045 2422 2197 Wald. den 125 Jury 1749.
1625 2187 2523 2348 Darriel Stettler, Studiosus, H
1634 2313 2545 2445 Caniel Steckler Notarii Sohn ist von
1611 2402 2574 2521 selbsten allhero komen, welchen Ich so dann
1631 2487 2536 2642 nach empfangenem Befehl ernstbörtlich
1634 2580 2545 2719 ermahnet, Mir zu Ganden Mrgshr
1630 2653 2544 2801 alles dasjenige in Treußen zu eröffnen
1625 2759 2551 2887 und zu erzehlen, bos ihme wegendeß
1637 2852 2539 2994 unglückhafftiger Weiste errichteten
1628 2936 2541 3066 Comploto in Müßen, und bie die Sache
1630 3034 2580 3160 seinethalber Haubtsächlichen sich zugetragen
1630 3127 2578 3247 und das ohne Verhälung deß geringsten
1618 3200 2561 3348 Umbstandes pu. Solches hater, unter be¬
1624 3309 2581 3467 theürung alle Mahrheit zu sagen, erstattet,
1615 3388 1906 3546 bii folget.
2347 3455 2499 3614 Vor
