3024 4032
396 269 482 352 156
392 333 551 425 3 46ß
634 270 1369 488 Michel dusrest
405 397 569 484 Ox
506 469 1536 642 Quecependent il avort Siu, quon prendio
404 479 514 641 2
548 563 1537 722 les Armes, et guge lim falloid quelgun pous
537 660 1526 840 de mettre a leur tete, acusi que cela pou¬
535 770 900 903 voit le requider.
417 862 1517 1019 d Juce quil avoct suc quon prendioit les Arme
541 963 1509 1089 il avoit ties fort dacte quils se ponassent
546 1058 1505 1207 une Semblabte Extremite, que ne lu parois¬
528 1150 1247 1276 soit du tout point raisonable
526 1248 1484 1390 Jurue quil leu fallot quelquun pour se
551 1345 1478 1473 mette a ceur tete, quil leur avoet conscillis
530 1441 1481 1590 deprendie an Orif de Disinition Sage
529 1534 1442 1680 come d avoit declare precedement par les
514 1642 1430 1765 lumieres duquel il folloit se condiure.
505 1735 1446 1876 Quen outre cela nauroct,u leregarder
508 1823 1448 1963 pais quil netot poscomi des Bouigesis
493 1925 1469 2048 quil ne Scavoit pus leur langes et quil ne
493 2014 1383 2155 connoissort pas suffisament les lieux.
381 2127 482 2279 2
477 2122 1460 2283 Fil na panten de pomparlet avec Vernier
496 2253 1395 2389 leChirargien de lHCopital an Sujetde
495 2348 818 2467 tes Affaires?
373 2429 1422 2584 D Quon pouvoit Pinformer a lopitae,
465 2530 1451 2695 quon apprendiort quil navoit abfeulemint
439 2630 1441 2795 poent ete en Laison, ni en pourparler ave
441 2737 1395 2890 li, et quil nioit Cormellement Davoir
447 2818 1430 2967 gamaes eu depourparler aver lui sur
447 2924 714 3047 ces Affaires
328 3018 1458 3189 Ryenapanten Snhevie eude poupari
419 3143 1445 3287 Jur cesaffaires avee Handi le Capitaine
2698 99 2849 238 183
1575 188 2548 508 . Mihig 2
1600 377 2818 672 R Quil dulaire de meme que non, quefCundri
1689 488 2784 687 ne lud dvoit jamais parle de ces Affaires a
1676 599 2766 815 Bune quil lavoit vu a nexfChatel en
1669 684 2798 893 Cannie 1745. et 1746. mais quil vavoct
1652 824 2814 1023 point ete question entre euae de la Conjura¬
1667 963 2070 1123 tion Dapresent.
1576 1034 2807 1259 2 Pi le Lieutl Pueter ne lui a pasdonne commu¬
1652 1172 2800 1339 niation des Idces du Capitr. Handij suerces affaiis
1579 1295 2767 1533 R Qut non, quie ne se Souvenoit point. quil
1650 1444 2744 1594 aue ete question du Capit. Hundij dansies
1653 1536 1865 1670 affaiies.
1555 1635 2755 1828 2 Querependent le Lieutl. Fueter declairoet, que
1642 1789 2762 1930 in Muhel, li avoit dit quil netoit point du
1621 1893 2756 2025 Sentiment de Handzi, lequel vouloit dabord
1630 2001 2782 2135 aller an fait, pendant que liu muheli vouloit
1635 2076 2746 2232 ixparavant mettie ces affaues par ecit
1629 2178 2719 2328 cenordie; que consequement il avoit¬
1618 2246 2666 2438 done ete question entre lui et pueter du
1604 2341 2744 2541 Cpitz. Hyndi, quil devoit done declurer
1617 2468 2398 2607 aqui qavoit dome lieu 2
1607 2568 2725 2809 Quil avoit deja repondii, quil navoit point
1606 2716 2734 2900 ete question entee fueter et lu du Capit
1575 2788 2694 2989 Handii et de ses Sentimento sur Caffuire
1587 2878 2653 3106 presente mais Seulement sur le fond de
1571 2987 2717 3243 Repnesentation de 1744. que luMuheli
1585 3094 2715 3321 navoit pas appeoure enie quil proposoit
1578 3137 2688 3424 dintroduire le soct porer les Elections: a
1599 3267 2691 3568 ase que le Sort eyalise le mechant. au
2491 3522 2704 3649 Bon
