3024 4032
342 516 455 592 214
366 2431 446 2582 9
326 2825 445 3004 R
605 552 1260 724 Emannel anecht.
480 684 1429 860 haben Haubtman händ und Lientl.
470 797 1441 942 Pueter Protolets gewiesen, und der Lieute
468 886 1452 1015 Punter sich erklärt, daß derjenige welcher
499 963 1438 1107 die Nach Außbringen wurde, ohnfehl.
492 1049 1444 1233 bährlich Massairint werden solte. Auch
500 1146 1459 1310 erinere er sich, daß damahls von Lieue¬
488 1249 1444 1400 Pueter seye proponirt borden, Mann
488 1347 1443 1476 solle ein Zeichen Abreden, um sich daran
489 1425 1429 1570 zu erkenen; Auch weilen geradt
494 1521 1409 1652 worden, daß noch vor Außführung
494 1611 1413 1762 der Sach eine General, Versamlung
488 1708 1436 1847 solle gehalten werden, und Zwaar auf
485 1805 1444 1955 dem Burten oder sonst in einem
479 1898 1356 2040 Wald, so seye auch vorgeschlagen
472 1974 1447 2123 worden, an einem Pfeiler am Groß¬
460 2073 1372 2228 Vornhauß den Tag und den Ohrt
459 2162 1440 2322 zu schreiben, So etwan könstige Ver¬
457 2266 1428 2440 samlungen sollen gehalten werden
467 2358 1360 2559 Ob er mit noch nachwarts in Rerber
444 2475 1445 2683 Ruhns hauß in einer Verstamlung sich
469 2565 1368 2779 eingefunden, und wer alles dabey
461 2715 720 2882 gewesen.
466 2760 1451 2998 Ja, Abende von dem Außbruch sih
444 2885 1448 3132 ervoneines Conto wegen zu dem Kuhn
445 2976 1441 3250 gegangen, dahin sagen nachbärt¬
445 3092 1441 3334 ver Lientl. Pueter und Pfister Kon¬
428 3215 1429 3443 Welj auch gekomen, da habe der
428 3308 1398 3558 Lintl. Gueter ihnen Declarirte
1489 2631 1569 2771 8
1510 2248 1560 2378 9.
2502 307 2669 427 213.
1733 422 2385 672 Protnl Brech
1585 524 2577 822 sosche denbe gehen aertend
1586 647 2602 894 mehr, Er habe etwalche Herren deß¬
1571 775 2644 982 Standt gestehen, Welche gar eiffeig eine
1579 850 2633 1107 Schrift mit einander gelesten, und habe
1571 952 2662 1198 er für Barole das wort Victoria bekom¬
1590 1062 2678 1257 men, Auß diesem schließe er, es möchte
1589 1162 2669 1351 viellicht etbas entdebet seyn, darnach
1568 1281 2657 1483 habe der Kintl. Güeter, mit dem Kuhn
1576 1388 2667 1550 Gesprochen, Es könte diese Soch etwann
1586 1470 2656 1660 auf kleister Hemrichs Tag füeglich Auß¬
1575 1581 2658 1740 geführt werden, zumahlen er alls dan
1599 1672 2675 1822 die Wacht haben werde, mit Beyfügen
1580 1784 2671 1916 Mann solle ihne dann nur machen laßen,
1590 1865 2647 2009 Anbey habe er dem Kuhn gesagt, Er solle
1591 1977 2623 2087 nnn mit seinen Lauthen reden und ver¬
1578 2058 2657 2219 schaffen, daß sie sich auf künftigen Son¬
1587 2162 2382 2304 Vag bey Schifflenten einfinden.
1602 2279 2689 2452 O. nicht damahlen, auch bey dem Kuhn, seye
1578 2383 2667 2516 geredtworden, wie das vorhaben außzu¬
1585 2465 2642 2635 fuhren, und bas sie dardurch verrichten
1599 2563 1770 2666 ollen?
1601 2660 2698 2870 Er bekenn, daß geredtworden, las deßhal¬
1579 2761 2641 2931 ber in Kientl. Pueters Gloeÿten Examine
1579 2846 2709 3065 16 pag. 62. enthalten, und welche Depo¬
1585 2950 2713 3190 sition ihme vorgelesen worden; Betheu¬
1593 3070 2643 3284 rete Aber dabey, daß in seinem Herzen
1585 3131 2679 3392 er niemahlen gedauken gehabt, diesem
1578 3224 2693 3507 gränlichen Vorhaben sich anzuhängen, und
1571 3330 2520 3608 Sh heher sin gesen lchen
2434 3603 2667 3759 daß ec.
