3024 4032
368 1338 421 1452 6
496 437 608 550 42.
699 372 1467 609 Qalteand Buhr.
485 519 1553 721 WWelcher in dieser Vesamlungend Wort
603 707 866 824 geführt?
622 828 1547 987 Der Haustmann Händs, Mann habe, glei¬
490 882 601 1037 d
608 926 1547 1091 voi in dir ersten Versandlung bey gleich¬
569 1033 1545 1215 Ceremonial, nemblich bey der Praestation
574 1120 1540 1278 deß Eydes, den Anfang gemacht, diesem
583 1198 1535 1372 gen, so damahlen noch nicht Geschwohren
574 1319 1551 1461 hatten, habend solchen damahlen mit auf
580 1398 1547 1563 gehabenen händen braestirt, und habe der
569 1496 1548 1661 Haubtman handt. ihme stelbigen Vorge¬
572 1632 809 1762 prochen
461 1756 1529 1939 E. Wad beitens darbey Vorgegangen?
589 1972 1541 2112 Der Händz habe bider angefangen, ein
427 1971 554 2135 E.
556 2075 1547 2222 von seinen Cahiers abzulesen, und dann auh¬
568 2189 1511 2336 dem hintersten Cahier Ettgelche Plätter,
558 2286 1523 2418 Ansehend die Abänderung eines Theils der
561 2377 1513 2512 Regierung, welche darinn bestanden:
559 2480 1534 2635 5. daß die SechsZechner solten abgestelt,
557 2580 1551 2723 I die anzahl der Ibeyhunderten nach pr.
543 2675 1532 2828 poction der Größe der Gesellschafften abg.
536 2773 1531 2918 theilt, die Erbählung derselben den Gesell¬
524 2883 1517 3029 schafften überlaßen, und sobald einer der
519 2963 1516 3135 Geyhunderten abgestorben, deßen Stelle
518 3065 1545 3249 durch die Zurft genoßen Morndrigen Tag¬
495 3170 1529 3342 solte erganhzt werden; Und das zu dem
485 3257 1545 3458 End und zweit, damit denen Hand Hertert
2675 374 2783 482 43.
1794 400 2680 566 Lieulenant Bucher.
1713 536 2795 682 auß geholten werde. Vermittlist der ihren
1692 649 2198 762 zufallenden Bahl
1591 761 2774 965 E Was endlich in diester Versacklung für ein
1688 921 2462 1066 Erschluß genomen borden?
2586 984 2684 1091 as
1596 1053 2832 1257 R. Bleichfahls bie vorigen mahls, daß nämlich
1698 1179 2816 1338 jeder solches seinem Breund und seinen Brue¬
1714 1272 2813 1431 deren sage; da dann man auch gestagt,
1702 1383 2832 1518 daß, Bann ihre Anzahl auf 100. oder 200.
1706 1469 2809 1631 Berde angebachsten seyn, Alls dann Sie
1694 1580 2817 1726 samethafft das Gebehr ergreiffen wollen,
1703 1681 2859 1848 umb sich des Raht und Zeughaustes zu be¬
1707 1806 2033 1924 meisteren.
1711 1926 2878 2127 Wie Siestich verhalten haben burden, Im
1594 1929 1716 2126 R.
1690 2097 2672 2221 fahl Sie biderstand gefunden hätten
1582 2276 2816 2439 R. Er bekenne, Sie seyen resolviert gebesten,
1676 2382 2791 2547 Gebalt durch gebalt zu vertreiben, und so
1690 2496 2869 2653 man mit Knechten und Außern bieder sie
1685 2584 2856 2756 hätte ziehen sollen, hätten sie aufselbige
1690 2688 2873 2857 feur gegeben doch habend sie in ihren Bey¬
1696 2793 2865 2974 den Versamlungen abgeredt, so Weith mög¬
1670 2887 2832 3081 lich zu Vermeiden, daß nicht blut vergoßen
1676 2998 1910 3139 beede.
1600 3149 2826 3366 2. Was Sie Gemacht, bann sie deß Raht, und
1666 3300 2601 3497 Zeughaußes sich bemeisteret hätten
2620 3529 2719 3632 2
