3024 4032
348 495 474 614 498.
615 527 1088 681 Lambelet
494 616 1439 848 jamais ite rendu, I avoit dit, apislaniu
495 752 1425 931 lu, quon traitort les Neufchalelois comelis¬
486 824 1466 1037 Bougueois de Berne, & que cela occasionit
508 907 1267 1086 chex lestlns & les auties des Griefs¬
511 1039 1434 1199 Voila tout cequil avoit parle an Lieuth:
508 1128 1423 1284 Köueter, mais ce qui concerncit lenoir Com¬
503 1193 1415 1376 plot, qui Setoit trame parmis tes Bourgeois.
510 1304 1441 1448 dicus dernicrement, quil nen avoit eu aucune¬
519 1375 1458 1528 Concissance, iudirectement ni indirectennt,
519 1458 1023 1576 quapres sa de couverte.
339 1523 526 1679 Enguln
547 1561 1448 1697 Quele Lieuth. Joueter avoit cependant de
532 1647 1448 1765 pose contre iuy, quil avoit Convissancedu
502 1717 1396 1837 Complot, qui se tramoit parmis quelques
520 1794 1450 1915 Bourgiows; Quil avoit mime dit, que quand¬
510 1863 1424 1978 ils auroient le Siau deta ville de Berne,on¬
509 1936 1439 2058 leui fouiniroit a lapremicie Requisition
509 2017 1420 2134 400. Homes deNeufchatel, avec cetto lir¬
515 2087 1418 2220 constance eniore, qu alois luy de posant¬
508 2161 1407 2278 qvoit auss done a Fouiter enmeme tems¬
515 2254 1051 2358 le Memoire de Michel?
519 2325 1417 2464 u: Quil ne pouvoit nicr, davoir donea
322 2310 517 2448 Ropon
523 2410 1423 2515 souiter le Memorio de Micheli jen meme
504 2460 1432 2592 tems que le Traitte de Combouigeoisio, 120
501 2545 1417 2671 quil neoit tont le Reste, de cegie Doueter
496 2625 1039 2739 avoit depose Contre Luy.
518 2697 1426 2810 Eue Toueter avoit ausi depose, qu uncatur
322 2725 489 2826 Insiste
491 2751 1352 2892 Maior de Neufchatel, fort me contant de
493 2804 1406 2955 Berne, lem procureroit 100. Stomer, qui
486 2882 1424 3038 netoit point Croyable, que Foueterausd
497 2927 1435 3099 invente tout cela, sans quon lug ago p
476 3030 1410 3177 deces affaires, Suctont au ant declari edd¬
478 3119 1272 3260 plusicuis fois dans sa Procedure.
311 3171 1414 3346 Repondu: Quil pevistrit excere bigerestatl
492 3280 1364 3408 nagant jamais oiie parle de cette affalus
478 3322 1390 3474 oudece quipourivit avoir Rapport beldl
462 3407 1355 3561 priant meme quon prenne les Informatio
475 3448 1423 3653 ace Sujit i Reufehatel an pus de tontei t
448 3615 802 3727 & Capitaines.
2538 434 2697 546 179.
1729 520 2177 687 Lambelet¬
1503 622 2650 857 uud. Quetoss quil a parue devantle Magistrat_
1594 729 2668 886 Meuschatel il avoit declare, quil avvit
1595 810 2684 962 uisage ls Discoursde Doucter, comedestitues
1589 907 2640 1025 ctous fondement & Come nayant aucune Ré
1593 978 2549 1113 aliti, quil falloit par Consequent que
1586 1061 2650 1200 Fouiterlug Comunigue tes Projets, dumoins
1586 1143 1829 1259 inpartur:
1489 1213 2620 1369 Sependu. Quecitoit an Sujet des Griefs, dont Rouiter¬
1590 1313 2629 1445 Cavoit Entretenu, Sansles Specifieri que luq
1586 1393 2647 1518 deposant avoit fact, sadeclaration a Neuschatel
1576 1474 2556 1574 quau Reste il avoit Conseille a Foueter de
1575 1551 2568 1651 travailler plutot a sa Profession, que de¬
1573 1621 2589 1743 Poccupei de ses Griefs, Mais quil mioit for¬
1581 1696 2619 1807 pellement, davoir eu Concissanae de ce Com¬
1578 1781 1699 1871 plot.
1493 1856 2598 1961 lmande. Snavoit rien apris dese Complot, doct
1582 1955 2572 2067 varle cap. Handz), hoit parWeinier, ou¬
1577 2019 2136 2131 pur desauties Complices:
1494 2083 2621 2253 Repondu. Que non. de qui que ce soit, ne leur agant
1558 2183 2088 2292 parle de plusieuis ances.
1484 2266 2641 2420 Pupede Noveau: 1. quela Deposition, dont est question
1561 2372 2630 2510 de Foucter, Setionue facte dansdes Cisconstance¬
1551 2448 2587 2565 quipartont la rendiojent authentique, come¬
1559 2505 2655 2638 faite in articulo mortis, et dans tacte volontaiie
1558 2590 2619 2714 et de Contrition, quil fit dans son 5. Examen 2
1560 2649 2607 2795 2. que celte Deposition etoit Confirmee par
1570 2726 2596 2865 relles des Complices, auxquels Foueter enavoit
1567 2787 2639 2956 donne part, dansdestems, on il ne craignoitrien¬
1587 2872 2644 3041 Que Daillem Foueter lug avoit eu des obligations
1560 2931 2629 3089 & lugavoit marqui dela Confianae, an Surplus
1559 3022 2583 3177 agant ete imprudent V. vif a lexces surcette
1552 3105 2583 3259 mattien, quily avoit plus que de taparence,
1569 3163 2588 3331 quil sen Seoit cuvert a Luy Deposant plus
1554 3226 1789 3309 pu Moins2
1531 3294 2630 3490 pondu: Que quant an premi Chef, quil avoct
1570 3366 2556 3539 tioave dans dautie occasions, que Foueter
1569 3434 2614 3630 Concevoit mal les Choves, & Suivant Ses Ddecs
2439 3615 2565 3707 2
