3024 4032
480 340 613 462 128
696 347 1333 543 Confrontation
842 454 1080 562 Zonschen
607 493 1599 728 Haubtrn. Handz und Lientl. Bu¬
582 688 1578 867 seye der gelesten, daß der Lieut Buebe
614 808 1563 967 mit dem Schnnacher Banthing geredt¬
602 918 1546 1074 welcher ihme geantwortet. Er seye ein
613 1018 1120 1169 Forchsammer Mann
532 1159 1553 1351 Der Rentl. Hunter gestuhnde Übrigen
597 1307 1515 1434 bie daß ihme der Haubtmann Handhi¬
601 1399 1562 1551 gestagte Er wolle auß dem Complot tretten,
601 1509 1497 1669 Er hueter aber den Händzi gefragt.
604 1611 1238 1761 forchtet ihr auch dann
567 1746 1530 1927 Hingegenstagte der Leutl. Gueter,
570 1894 1494 2049 Er habe dem Weriner auch gestagt,
578 1987 1045 2127 Er wolle darauß
597 2155 1479 2305 Actum sub nächst vorgemeltem
806 2250 1022 2371 dito.
863 2445 1034 2587 E
2826 47 2998 182 124
1790 210 2755 553 Ei hrtalen
2128 371 2290 504 Wit
1773 333 2956 685 Eotanhee
1708 458 2979 874 dnsethesten ge tise eng
1741 618 2968 937 gangenen Confiontation, daß der Leute¬
1735 778 2981 1039 Hueter in seinem 2. Tramine Deponirt, der
1737 898 2987 1125 piygert, welcher in gerber Ruhns hauß gemacht
1744 990 2936 1217 Boeden, die Außführung deß Complote auff
1759 1111 2963 1332 den 13. diß vorzunomen, steye Tags vorher¬
1759 1225 2958 1418 dem Haubtmann händzi proponirt worden,
1737 1314 2959 1517 hat sich der Leutl. Gueter darüber erlauthe¬
1757 1445 2982 1631 ret, er könste, ohne sein gewußen zu behaden,
1764 1523 2973 1728 nicht versichern, daß deß ohres dem Haub¬
1760 1668 2981 1819 man Handz Etwas davon geredet worden;
1746 1748 2967 1926 Aber der Pfister Sondel, Gerber Knecht¬
1765 1889 2906 2027 und Gerber Ruhn, sambt ihme, haben¬
1767 1973 2927 2124 in deß Ruhns hause davon mit einer
1756 2076 2139 2197 ander geredet.
1737 2171 2909 2341 Darbey hat haubtman händl an LeutR.
1744 2253 2967 2421 Zueter die Frag gethan: Ob er nicht müße
1611 2365 2965 2566 behuge deßer ihme Keutl. und dem Babriel Eue¬
1742 2442 2977 2680 ter gesagt, Mann solle doch nichts von Gewalt¬
1747 2536 2945 2765 thätigen Mittlen reclen, sondern nur von
1732 2645 2941 2888 Bürgerlicher Liebe und Einigkeit, und auf
1723 2737 2977 3004 dietz reyheiten ein treubes aufsehen zuhalten.
1719 2832 2971 3138 Hat der Liertl. Bueter deßen völliges Zeugnus
1719 2966 2976 3235 Abgelegt und convenirt, mit verdeuten, daß
1733 3062 2920 3322 man auch die Anberbungen auf diesem
1711 3148 2316 3331 Suhhortgebeieben.
1773 3282 2796 3573 Actum den 12. Juli 1749
