3024 4032
382 453 520 562 476.
360 881 572 1060 Befragt
451 1324 545 1465 G.
443 1553 552 1693 J.
444 1940 544 2107 d
679 473 1429 714 RudorP Weinie.
550 704 1455 912 Hierauff burde der Mirneren
610 941 1475 1135 Ob Er nicht im Locle geredet, daß¬
560 1045 1479 1243 ein Tag zu der Execution deß Pro¬
553 1146 1233 1304 njecto bestimmt gebesen?
570 1348 1473 1504 Nein, das habe er nicht geredet, zu¬
554 1445 1397 1587 mahlen er nichts davon gebußt¬
613 1558 1476 1691 Es werde dennoch durch den Justicia¬
581 1645 1487 1808 und Maitie Bourgeow Periet Eyklich
547 1742 1468 1909 Attestirt, daß er dieser geredet, doch
553 1829 1399 1989 ohne Benambstung deß Sages¬
578 1934 1462 2085 Vernemets nichts destobeniger,
549 2068 1461 2246 Confirmirt übrigene gekaut daß
544 2203 1461 2329 Peireto Deposition, die ihme Vorgi¬
527 2313 957 2448 lesen worden.
504 2461 1464 2656 Abgelesten und bestätiget d. G
523 2607 1062 2770 Augusti 1789.
2572 475 2731 585 177.
1630 606 2615 786 Insuitte des Requisitions factes an
1630 691 2697 874 Conseil par Leurs Excellences de Beine¬
1638 814 2616 961 danoleu Lettie du18. du Couriant de.
1625 892 2686 1063 voulori interioger sous Ferment le nome¬
1631 1021 2688 1144 Abram Peiret des Eplatures Justicier du
1635 1106 2687 1252 Locle D. Maitie Bouigeois de Vatengin
1620 1211 2675 1372 pour Pavoi de Luy Klest ura quele
1612 1292 2685 1462 Chyuugien Weinier qui tert Evade, Setort
1608 1427 2652 1547 rendu dl ya quelques Jours choz Luy 2e¬
1613 1511 2668 1641 q avoit declare que Luy et ses Complices-
1609 1619 2633 1737 deioient cectains touis & Coupo demaen,
1600 1708 2656 1840 aucas que Ll. E necoutassent pastes
1594 1809 2635 1947 Representations prealablis, quilose pro¬
1597 1887 2624 2026 posoient de Leur faire: Monscigneus le¬
1609 1989 2640 2129 Gouverneur &le Consel ayant entendu
1606 2081 2642 2228 la Lectire de cet article dela Lettre, de¬
1597 2179 2615 2320 L. L. E. ontout de suite envoye un¬
1588 2265 2504 2402 Messager audit Justicier 2 Maitre
1580 2362 2636 2515 Bouigevis Abram Peuet, pour quil eut
1588 2470 2621 2615 a serendie ce Jouidhuy Sous date en pe¬
1584 2560 2644 2684 Sence demonseigneuz le Gouverneur &¬
1582 2620 2648 2798 de messieurs les Delegius du Conseil detati
1586 2741 2584 2891 a quoi le dic Maitre Bogeois Feriet
1582 2840 2637 3003 agantobeis, Monsiur Biun deolegres¬
1578 2905 2657 3108 Consecllui d. Etat & Maire delaville a cte
1579 3007 2628 3201 Charge de Luy intimer te Serment leplus
1569 3063 2654 3309 fort, quileut a declauei au plus pies de¬
1588 3189 2639 3407 ta Conscience D Sans Egard, nu Support
1574 3282 2627 3540 pour Pesonne, tout ce quil pouria Sacvir¬
1578 3371 2538 3608 Sutes Intenogats quilvatus faiie,
2437 3611 2634 3720 a guor
