3024 4032
294 3064 420 3233 B
400 279 535 354 160.
396 339 578 468 2uh
620 282 1469 507 Miheli dusrest.
545 459 1518 630 dt 2Engegement i dessus netui avoil
541 602 1519 740 pas eti demande par monsieur le Gram
548 680 1505 836 sautier de supart den B. 6C. dic petit
547 784 1096 919 et Grand Conseil
546 936 688 1052 Qui
437 903 541 1084 E
415 1055 1494 1251 D. Aasi le dit Engagement lavoct oblige
546 1175 1521 1357 enver Lol. E c. du petit et Grand Conseil
411 1320 533 1471 d.
551 1336 1476 1478 Qui, maid a ne rien fuire contre Droct.
420 1480 1472 1649 2djl ne croqoit pas, que la conversation
529 1616 1511 1748 quil avoit tenii avec fueter etoct dangereus
438 1728 1504 1898 R. Que si elle avoit ete dangereuse de la part
527 1852 1495 1971 de fueter, ella ne lavoit pus ete de son cot
500 1935 1495 2065 puis que ce que pucter lui avoit dit, avat
512 2035 1478 2161 ete tout come dil avoit dit a une puerri
511 2127 1490 2267 et quil ne lui avoit oonne aucin Consell
508 2218 752 2374 la dessus.
387 2351 1464 2508 x Ril actoit pas vray, quil stot oblige de
495 2477 1462 2601 convenii davoer tenus une convesation
482 2563 1473 2713 Dungereuse avec le Lieutl. Eueter, contrere
468 2659 1442 2792 aua Engagements quil avoit donne a
461 2767 1438 2889 Monsieur le Grand Sautier an nom de
451 2836 1445 2990 N. Cb. Lors quil lui avoit parle dela
445 2943 1383 3103 prse darmes contre Cr. C. du 200.
443 3052 1472 3253 Non, pus quil navoit rien ditdedangeres
422 3198 1474 3357 deson cotte, quil na point d Idees duilles
1315 3317 1461 3430 gun
1551 365 1722 523 Gl.
2679 221 2814 331 151.
1769 271 2531 496 Mutzel, dusrest
1698 471 2749 644 que fueter lin aye parle, quil etoct
1686 588 2788 742 question de prendie les Armes contre CL. Et.
1699 686 2781 829 da 200. et que tout Setoit passe trois se¬
1680 790 2724 939 maines ou un mois avant son Arrest,
1665 899 2786 1063 quil ne la pas vue depuis ne entendu pur,
1671 982 2774 1161 bi, ne parle avec qui que ce soit de cetta
1678 1095 2754 1255 affuire la: quainsi il qavoct toct appa¬
1683 1213 2739 1337 rnce quil navoit point eu connoissance
1671 1303 2725 1451 deComplot, qui avoit pu se faire depuis.
1673 1469 2698 1596 Bourquoy el avoit dit a fucter, quil etoct
1561 1426 1640 1620 J
1660 1554 2693 1708 necessaire de Passuree la pluralite des¬
1649 1659 2502 1807 Sonffrages et cela de beouccup?
1667 1817 2717 1972 sparce que dans une affaire qui intecesse
1557 1825 1633 1968 Ge
1643 1909 2723 2047 touts les Bourgevis de Teerne, sion na pas
1648 1991 2734 2150 la pluratite des Suffrages onett tacitement
1639 2106 2243 2252 desavoice pur les autres.
1647 2226 2729 2410 Cors que fueter lui avoit declare, quon
1632 2347 2737 2498 predroct les Armes, quelle taison il lui avoit
1628 2435 2644 2606 dit pourquoy les Bourgeois vouloient
1624 2550 2082 2664 prendre les Armes
1532 2639 1586 2753 8
1528 2721 1617 2814 E
1629 2615 2670 2875 Pare que on luu iesurit le Dradt dund
1603 2775 2025 2914 Representaton.
1524 2879 2475 3077 Quainsi il etoit oblige Davouer,
2500 2921 2644 3100 que
1590 2999 2657 3233 fucter lui avoit dit, quon vouloit prendie
1609 3088 1968 3243 Er Armes 2.
1510 3192 1790 3384 Rbus.
2576 3470 2692 3544 ce p
