3024 4032
438 1102 488 1157 1
426 1183 480 1338 9
414 1325 470 1458 9
416 1449 485 1534 1
442 548 488 650 13
533 514 660 632 30
495 1158 634 1271 Fr. 23
503 1660 617 1825 Ank.
675 465 1413 704 ister Eramen
879 641 1034 764 M
632 673 1564 863 Riclaus Gerner dem Marchand
625 778 1578 974 Vnd hoahe gleich von anfang bey der folt¬
621 888 1554 1087 baute, und bevor er, darauf gesehzt wurde
642 1071 1570 1260 Obmit, und bas für ein Ban und brein
622 1197 1571 1351 ihren Gottlosten Vorsatz auff den 13. diß zu
628 1293 1561 1445 exequieren, unter ihnen bürtlich beschloßen
617 1384 1561 1571 und in Schrifft verfahlet worden, von Wein¬
619 1493 1526 1657 laßen gunhalts, und bo solcher lige2
682 1657 1567 1808 bezeuge an Bott, daß er nicht das gerin¬
616 1708 674 1809 si
596 1756 1619 1892 ste von einem executionsblan büße, hab.
608 1857 1560 2000 bein solchen gesehen; Leutz. Hueter habe
608 1954 1575 2079 Bohl darvon gestagt, ein solchen zu Veferti¬
605 2053 1562 2185 und nachbährts zu comuniciren, so aber¬
585 2157 1545 2298 seines Büßens nicht gemacht borden, und
596 2264 1539 2395 von deßen zunhalt büße er auch nichts
615 2355 1553 2492 anders, als daß der Lieuth. Bueter gesagt
608 2432 1559 2595 austog der außführung sollen jetzbeilen
601 2551 1531 2714 8. oder 6. mit einander Znacht Spristen¬
586 2643 1563 2784 da er dann des Nachts avertiren wolle;
576 2729 1573 2893 habe auch gesagt, bau er den Blan Verfer¬
567 2817 1553 3001 tigen wolle, berde er sich mit dem duCrest
576 2939 1563 3116 dan noch besprechen, das Übrige, so ihme
571 3010 1544 3209 sonsten von allem diestem bekandt, habe
569 3102 1524 3293 er alles schon in zuvorigen Examinibus
543 3194 746 3353 gesagt.
1312 3404 1553 3579 Grag.
1569 633 1709 748 No. 22
1581 922 1687 1033 rnts
1625 1780 1690 1893 30
1593 2238 1710 2374 Anth.
2670 428 2779 557 31.
1793 465 2564 646 Nulaus Geruer
1715 620 2737 764 In bie beith allfählig der duCrest sich
1697 723 2758 855 hierinen heraußgelaßen, und engugirt
1726 887 2771 1042 lo habe sich niemahl mit selbigem besprochen,
1701 998 2755 1121 vnd biße, als eigentliches nichts darüber;
1697 1077 2796 1228 biße auch nicht, ob sein Inquisiten Bruder
1676 1186 2819 1346 gehmahlen mit ihme geredet von diesen Sachen,
1686 1265 2800 1415 Lintl. Zueter aber habe gesagt, daß Bann
1697 1360 2819 1523 man die Waften ergreiffen burde, der du¬
1685 1459 2843 1614 Erest ihme Versprechen sich ala dete zustellen,
1697 1566 2594 1717 und die Execution zu Comandiren.
1724 1754 2818 1908 Morzu die Beschbohrnen Eyden einem jeden¬
1704 1848 2839 1997 der in den Complot getretten, oder denen sie
1702 1956 2786 2105 von denen stachen geredet, verbunden, und
1705 2061 2527 2219 bie solche verbotim lauthen?
1746 2258 2841 2407 die Verbalia deß ersten Eydes seyen ihme¬
1703 2348 2786 2490 von Lieutl. Hueter mit folgenden worten
1699 2436 2874 2606 vorgesprochen worden: Bey dem dreyeinigen
1703 2547 2871 2702 Bott und Bbey Verlurst heil und Silligkeit,
1701 2665 2872 2825 Niemandem zu eröffnen, bas geoenbahret
1707 2735 2865 2915 berde, und nach 24 stündiger Bedanck Zeit
1695 2865 2865 3033 sich zu erblähren, daß man der Bundtnuß
1696 2942 2861 3149 beytretten wolle; der andere Eydt habeso
1698 3063 2898 3267 Viel er sich ereinere, also gelautet: so in der
1653 3148 2955 3385 Versamlung vorgelesen und beschwohren worden.
1683 3260 2860 3508 Wir schwören zu Bott dem Allmächtigen,
1689 3358 2801 3611 daß bin denen Maseglen so in dem
2613 3593 2905 3766 Projeck
