3024 4032
318 293 442 437 6.
743 344 1441 541 Rulaus Mernier
454 501 1602 693 Ihme aber behnigstend bekandt, Habenseine
475 613 1600 796 Bußens, zbey Versamblungen gehalten, die
487 726 1608 913 Einte vor ohngefahrd 10. tagen, Nächtlicher bye
480 804 1612 1008 bey H Küpfer im Sulgenbach, an der Jahl
477 924 1492 1080 Vierzehen oder Cunffzehen, und zwar
497 1000 884 1153 Nahmendtlich:
460 1117 1605 1267 B. H. Kupter, der zu Wohrlaußsen, vnd der im
1274 1226 1575 1357 Sulgenbach
469 1247 829 1386 Er Inquisit.
457 1329 1261 1473 B. H. Häuhl gebrüederen.
459 1428 1609 1618 2. H. Fueter, der Goldschuid, und Statt Lentl
476 1538 1183 1681 H. Zug der Boldschuid.
475 1641 1113 1775 der Gerber Ruhn.
476 1734 1231 1874 der Boldschund Cheisten.
516 1853 1588 1998 H. Mys. Stuben schreiben beym Mohren
451 1946 1095 2103 der Pister Kupfer
464 2142 1589 2274 Ee könte eigentlich nicht stagen, welcher¬
478 2247 1601 2405 von Obigen der Chef, und das haubt
471 2335 1607 2514 der Versamblung gebesen; H. haubtmen
467 2452 1604 2629 hanzi habe aber den in Schrift verfaßten
453 2544 1602 2735 Project abgelesen, durch selbigen habe
476 2651 1583 2813 mann eine beitlaufige Deduction der
460 2740 1598 2942 Urshrunglichen Institutionen der Bueger
448 2835 1587 3062 schafft vorgestellt, die Abbeichung der¬
463 2982 1583 3173 selben gezeigt, und Endtlich geschloßen,
461 3065 1580 3286 daß die Regierung in den ersten zu¬
453 3167 1600 3406 stand bider eingeseht berde; Dorbiy
444 3312 1591 3516 habend sie sich untereinander Verbinden,
427 3412 1586 3613 Ich einer den andern zu Unterstahen,
1480 3491 1598 3644 2)
2901 183 2986 313 2
1949 299 2863 533 Bilaus Germer.
1800 421 2998 670 Und damit Sie auff alle begebenheiten be¬
1813 561 2987 800 reit seyen, habe ein jeder sich mit gutem ge¬
1797 636 3003 910 behr verstehen, und anbey sich auch Sach fistohlen
1807 758 3013 1016 anschaffen sollen, in der absichtn daß, Bau
1799 882 2983 1084 zu seiner Zeit das Projectirte Memorial
1800 978 2932 1163 werde an Meghl. und Obere übergeben.
1792 1107 2914 1296 seyn, und selbiges übel auffgenomen
1793 1194 2981 1376 werden möchte, also daß gegen die Eint¬
1795 1313 2947 1479 oder andern man streng von deß wegen
1787 1436 2935 1610 wolte verfahren, Sie sich auch könten in
1802 1544 2937 1702 Eine gungstame gegen behrstellen, und
1802 1637 2957 1787 allenfahls mit dem Gebalt der Wafsen
1791 1738 2953 1901 außbuecken könten, bas durch güetige
1797 1825 2972 2004 und gehorsame Vorstellungen Burde unter¬
1794 1952 2934 2078 begen bleiben; Sie habend nun zu
1781 2023 2884 2182 dem End in Obiger ersten Versamblung
1787 2132 2853 2298 Hand in hand geschlagen, und dieses
1771 2230 2951 2391 darbey veraberdet; Ihr abgeredtes Sig¬
1798 2341 2922 2490 valsteye gebesten, Hann sie Burden
1782 2430 2952 2584 hören zum Fenster aus, oder mit Gra¬
1790 2529 2944 2721 naten schießen; denn zumahlen solten
1772 2627 2532 2788 Sie das Gewehr ergreiffen
1701 2746 2854 2989 Dn Gleigte Versaullung seyr Letst
1754 2927 2932 3110 Verleichenen Sontag in sein Inquisi¬
1791 3012 2693 3162 ten Hauß gehalten Borden
1770 3121 2775 3303 darbey habend sich eingefunden:
1768 3263 2529 3499 H. Obs. Her Marchend.
