3024 4032
423 404 538 519 112.
632 371 1378 608 Haudtman händ.
416 480 598 603 Ma
556 515 1568 762 umb ihnen im fahl der Roht, beyzuspringen
449 643 1557 892 R. hoselbsten habe Niemand angeborben, voh
559 793 1554 976 habe er mit seinem Bruder geredet, nach¬
567 870 1543 1063 dem er angeborben gewesen, auch köne er¬
567 979 1545 1156 mit Bahrheit bezeugen, daßer mit keine
577 1066 1544 1260 einzigen Landmann von diesen Sachen
560 1169 1546 1332 stelber geredet, wohl habe ihme der Lieut¬
554 1266 1550 1435 Bueter vor ohngefahrd 14 Tagen gesagt.
572 1350 1577 1550 daß ein Stattwächter, nahmend Sloch, deme
589 1470 1545 1611 der Fueter deßenthalber Comission gegeben,
567 1549 1568 1709 Zueute zur antwort gebracht, er habe mit
587 1664 1516 1814 eint und andern Landleuthen geredet.
472 1808 1497 2016 Woersteine schrifften gehalten?
481 2028 1548 2184 RMehren theilt in H. Lrber und in Gabeiel
571 2135 1534 2271 Hueters hauß, und den gleichen Tag, Als er
573 2217 1489 2363 arrestirt worden, haben selbige sich bey¬
571 2311 1579 2456 Gabriel Hueter befinden sollen, sonsten haben
576 2417 1551 2564 sie jeder Zeit unter den Complices cireulirt.
487 2590 1574 2749 OOb sie nicht getrachtet, eine Persohn von Rang¬
539 2712 1575 2875 vnd Consideration auf ihre Seithe zu bringen?
467 2872 1595 3048 WJa, Sie haben sich Resolvirt, eine solche Ie¬
561 2995 1559 3145 sohn de gre ou den fortes ihnen zuzuziehen
558 3087 1572 3246 Welches dann die Ursach gelesten, daß sie noch
549 3164 1514 3331 zur Zeit nichts possitives, ratione der
551 3296 1576 3441 beselch haberstelle bey der Pxrecution
1648 2845 1779 2954 18
2774 38 2957 164 113
1822 206 2618 506 gutramGung
1578 371 1750 529 2 b
1688 315 2899 673 ereten ersasten
1712 472 2897 736 Antrag ermelter Persohn allererst in pro¬
1721 584 2760 887 cintu der Execution thun Bollen.
1718 715 2904 1044 bb sie nicht beschloßen haben, diesen ihren
1704 794 2931 1130 Complot auf den 13. diß zu vollführen
1624 897 1697 1067 J
1742 994 2936 1238 deßen habend sie noch nicht übereinkommen
1733 1091 2973 1325 können, inmaßen sie darfür Barten Bollen¬
1617 1136 1728 1306 8
1724 1232 2952 1447 biß Ihr der zusahmen geschwornen eine an¬
1726 1324 2938 1541 Zahl von 100. gewesen wären; Müße bey
1744 1384 2954 1623 diesem Anlaß entdleben, daß der Rüchder
1740 1533 2939 1748 im Sulgenbach ihnen proponirt, dann zu¬
1744 1660 2854 1838 mahlen, bann sie eine Anzahl von 100¬
1725 1782 2976 1938 hätten, siie auf dem gurten - oder an einem
1752 1837 2981 2025 andern solchen Ohrt, eine haubt Versammlung
1739 1972 2972 2136 zu halten, und Tatione der Außführung
1773 2080 2965 2227 einen Entschluß zu faßen; Auch habe man
1741 2192 2978 2330 gesagt, daß in instanti der Exccution, ein
1757 2286 2978 2439 jeder bohl etwan einen Grund, haben werde.
1774 2396 2954 2559 den er so gleich mit sich nemen könn, Also
1755 2470 2935 2674 daß dadurch ihre anzahl Veropptet würde;
1759 2579 2896 2769 Neben dem, daß sie gerechnet, Es werde
1747 2680 2638 2874 ihnen noch viel Voll zulaufen.
1788 2868 3022 3125 den 12t Julÿ bey angehörter Ablestung, hat er
1725 2963 3018 3257 sich erläutheret, daß das jenige, bas der Nuph¬
1747 3066 3004 3353 Per von der auf dem gurten zu haltenden Ver¬
1757 3176 3004 3458 samlung geredet, nicht auß diesem Anlaß
1750 3250 2961 3565 geredet worden, sondern er habe das schon
2754 3548 2986 3674 Worher
