3024 4032
444 295 577 414 132.
660 309 1252 498 onfrontation
787 449 1059 582 Zonschen
565 470 1566 721 Piclans Bermer und Haubten: Fugde
514 663 1535 879 Nachdeme bevorderß jedem sein Cxamen abge¬
562 811 1538 971 lesen und von jeglichem Confirmirt worden
562 924 1494 1049 hat der Wermer dem Rupffer unter
568 1008 1541 1163 augen Erhalten, und darauf beharret, daß
557 1108 1532 1258 schon ohngefahrd vor 4. Wochen sie vorgedachte
534 1205 1514 1345 Consersation mit einander gehalten, welches
557 1292 1532 1443 der Rupster auch endtlich eingestanden; Alein
557 1404 1521 1533 Nagte er, der Wermer habe ihme zu diesen
555 1483 1497 1644 ohnvorsichtigen Reden Anlaß gegeben und
550 1578 1526 1745 ihne darzu gereihet; Er negiere aber hei¬
547 1683 1493 1833 ter, daß er dem Wermer die Rugeln
540 1795 1462 1935 in der Absicht gezeiget, sondern selbige
504 1862 1502 2020 stehen da, Nebstnoch viel andern gemischs.
512 2020 1482 2214 Der Weriner hingegen Sutenierte, daß
521 2136 1466 2301 bey Vorbeisung derselben er gesprochen:
503 2249 1497 2402 Sie stehen da umb selbiger in der Occasion
494 2338 872 2469 zu gebrauchen.
481 2506 1474 2682 So negierte der Haubtmann Küpfter, daß
470 2633 1500 2778 er beder dem Kupfter von Wohrlauffen, noch
476 2718 1483 2890 dem Werier, weder durch ein handGelodt,
460 2824 1440 2967 noch sonsten das geheimnuß versprochen.
438 2913 1464 3075 Item negierte er auch den Umbstand, daß
465 3015 1452 3155 er gesprochen: Er habe von 50 Wateren
444 3111 1462 3274 Burgeren gehört, daß Sie ihre alte Zeey¬
415 3201 1040 3349 heiten beschüzen wolten.
2740 145 2882 257 133
1811 287 2370 497 Consiostation
2031 417 2284 540 Zwuschen
1696 438 2874 736 Riland Wernier und Haubten: Kupfter
1666 637 2760 860 Diese beyde Umbständ aber erhielte der
1697 735 2801 959 Weiner dem Küpfter unter Augen, und
1693 866 2774 1076 versicherete, daß er ihme selbsten das
1681 958 2813 1163 hand Gelobt zum geheimnuß abgestattet.
1672 1153 2803 1356 doßgleichen regirte der Küpffer, daß er
1696 1277 2767 1439 mit Dauren von diesen Sachen geredet;
1677 1396 2820 1558 Und bezeugete, daß er den Wegermann
1678 1517 2145 1660 nicht angeworben.
1627 1682 2677 1831 Endtlichen Declarirte der Haubtmann
1644 1806 2752 1938 Kürffer, Welches er in seinem Examine
1640 1896 2782 2062 Vergeßen anzuzeigen, daß der Weiner
1657 2001 2803 2149 in der mit ihme gehaltenen Conversation
1649 2080 2338 2256 anoch verdeutet; Nämblich
2481 2104 2743 2246 Wann
1649 2190 2783 2340 misten der Klapft werde ergangen seyn,
1639 2279 2695 2438 nachbärts alle Bürger etwas bekommen
1642 2390 2777 2546 werden; auch daß sie die Vortheyen auf
1608 2463 2688 2656 Zrey Jahr stehen, und selbige unter der
1615 2583 2763 2749 Bürgerschaft circuliren laßen wollen.
1618 2714 2761 2957 Worüber der Wermer geantwortet: Das erstere
1592 2810 2771 3074 habe er gesagt, auß Anlaß, daß der Küpfter sich
1602 2948 2754 3167 beklagt, er könne keinen Posten erlangen, das
1608 3021 2744 3289 Andere dann habe er gesagt, es seye lautz¬
1586 3135 2185 3332 Sigaclt Vorgeschlagen
1625 3289 2453 3507 Actum den 9t Julÿ 1749.
