3024 4032
348 240 475 335 104.
381 306 1426 566 19. Mst. Rudols Dunckj, de mt
319 577 551 692 Declarus
571 559 1472 782 Er seye in Circa 4. Monath, deß Bahun
503 656 1456 834 dueter, mit deme er sonsten keine Bebant¬
499 754 1447 930 schafft gehabt, zu ihme gekommen, und nach¬
492 861 1449 1012 , dem er schon Zlbeymahl bey sein Peponenten
516 969 1426 1098 Hauß ware, ohne ihne anzutreffen, habe
512 1060 1445 1204 er ihne zum dridtenmahl angetroffen,
526 1165 1461 1328 und da Er Deponent ihne hofflich bebilltern
517 1263 1457 1408 maßen er selbigen vor einen Bradenung
515 1359 1453 1495 Ehrlichen Man gehalten, habe er ihne Bepo¬
516 1452 1450 1587 antgefragt: Ob er ihne in eine Aparte¬
516 1540 1447 1690 Kasmmer führen könne, darauf er ihme¬
506 1654 1453 1780 geantwortet, Nein: Allein sein Alter vatter
523 1761 1451 1874 beliher sich in seiner Stube befinde, werde¬
510 1837 1453 1968 sich freuben ihne zusehen. Weilen er ihne
520 1924 1434 2061 aber in kein Aparte worme Stuben habe¬
499 2026 1442 2167 führen können, so seyn er hunter bieder¬
517 2126 1446 2244 beygegangen, und habe ihme Deponent ge¬
498 2218 1434 2353 "sagt, er solle dann Morgens zu ihme Kurter¬
499 2309 1444 2415 kommen, da er ihme etbas in Particular
513 2401 1437 2527 eröffnen wolle, Merndrigen tags Jegen
504 2486 1428 2614 er nun zum Kueter gegangen, indem Eir
493 2564 1431 2729 sich nicht einbilden können Has der Fucher¬
496 2661 1443 2821 ihme zusagen habe? Da habe er ihn apell¬
501 2763 1435 2929 empfangen und gesagt: Er berde auch ba
488 2841 1429 3014 bißen, bin daß die Bürgerliche Fröpheihmn¬
496 2951 1427 3126 noch und nach in Verfall gerathen, dertbge
479 3025 1424 3201 etwelche Brate Bürger ein Haus der Einge¬
459 3124 1422 3336 keit aufrichten wollen, umcb die in derfalle
1173 3236 1405 3357 getle
2517 296 2637 424 1051
1646 272 2258 475 pletiger Junchi.
1619 493 2621 644 gekomenen Hreyheiten bieder in der Stand
1595 608 2617 760 zubringen, mit befragen, ob Er Repor¬
1607 721 2627 858 inent sein Mort nicht auch darzu geben bollen
1625 822 2594 959 Moraufhin Er Deponent geantloortet:
1607 912 2609 1080 Erlouße von denen Sachen nichts, im Übrigen
1611 1016 2600 1136 aber wolle er läoder die Hohe Oberkeit nichts
1607 1107 2564 1242 helfen vornemmen, und seyn in seiner
1600 1200 2588 1338 station Wohl zu frieden und vernngt, als
1600 1305 2579 1449 lang er die Sandberdes, freyheit, biebis
1596 1396 2569 1539 her genießen könne, darüber Er zum
1601 1500 2517 1630 Kauß hinauß gegangen ohngefehrt¬
1610 1592 2571 1726 3. oder 10. Tag darauf, seyn er nochmahlen
1580 1686 2588 1808 zu ihme gebomen, und habe ihme proponat¬
1583 1773 2584 1918 Er solle mit ihme anein Ohrt zum Thor hinauß
1596 1860 2550 1988 komen, welches er Deponent auch auße¬
1598 1941 2538 2077 geschlagen und gesagt: Er habe ihme Vor¬
1592 2046 2502 2153 mahlen schon verdeutet, daß er damit¬
1601 2129 2550 2232 nichts zu thun haben wolle; darauf der
1596 2213 2566 2354 fueter ihne starck angeschaubet, und zu ihme
1604 2301 2554 2433 Deponent mit einem Schluhe gesagt: Ich
1602 2401 2522 2492 hätte geglaubt, ihr bäret ein anderer¬
1588 2492 2577 2627 Mann; Worüber Er Deponent erbiederet.
1588 2584 2565 2729 Er seyn ein Ehrlicher Man, und seyn gantz¬
1600 2677 2166 2795 Sonisch darvon gegangen.
1612 2759 2555 2888 Gras Mornbrigen Tags hernach seye er
1595 2854 2571 2983 zum Dridtenmahl bieder zu ihme gekommen,
1608 2942 2570 3079 und selbiges mahl ihme Verdeutet, das gantze
1593 3033 2562 3186 Project seye anjetzo gantz Nall und nichtig,¬
1602 3128 2558 3249 und er bätte ihne, Niemandem etlas Von
2403 3231 2585 3355 den
