3024 4032
266 250 418 370 406
467 256 1296 496 HaubtmanHand
265 458 802 638 R Er glaube Jar.
403 647 1381 819 Vor den Micheli angeworben habe2
265 648 361 797 L
396 786 1189 952 Blaube der Luntl Bunter:
253 805 389 955 R
258 985 1406 1161 EEr habe vorgegeben ihre Absichten seyen
361 1106 1428 1243 nicht dahin gegangen, jemand durch diesen
330 1185 1412 1340 Complat zu beleidigen, Wan dem Also bäre
350 1306 1403 1449 Weßwegen sie dan einen so schärpsten Eyde
373 1390 1423 1551 der Verschwiegenheit und darauf gesetzte be¬
364 1487 1379 1654 Drohung unter sich geschworen haben?
227 1671 1391 1834 R Samntelad Feeret nicht ruchtbahr werde,
337 1782 1404 1936 Welchen fahls man ihnen niemahls zu¬
345 1901 1398 2027 gelaßen hätten in einer so starten an¬
339 1976 1187 2133 Zahl eine Vorstellung zu thun.
187 2109 1420 2347 OObermicht gebußt oder gehört, daß pro¬
313 2287 1418 2427 jectirt worden, daß, im fahl es Termen gebe¬
327 2379 1400 2526 auf ein abgeredtes Signal ein jedersich be¬
307 2490 1410 2646 lehrt auf einem Sammelplatz einfinden solle,
331 2591 1411 2740 umb mit Gbalt ihr vorhaben außzuführen?
168 2721 1394 2942 EEr stegen viellicht in denen Versamlungen
304 2894 1391 3041 dergleichen Absurde Discoursen gefallen,
313 2990 1343 3158 darauf aber Niemand refleitirt habe.
321 3184 1406 3352 Oer nicht auch gestehen wollen, daß sie bede¬
301 3304 1404 3480 unter einander verabredet, daß so siesch
1451 2349 1517 2490 B
2616 236 2772 383 1031
1626 287 2539 545 abtmann Handz
1568 476 2696 679 Einmahl deß Raht und Zeughauses Burden
1573 588 2732 741 bemeisteret haben, Er so dann sich Anerbotten
1572 682 2698 834 hin Mandat an alle AmcbtLeuth ergehen zu
1580 794 2669 951 laßen, umb ihnen zu insinuiren, sich
1574 901 2510 1090 nicht in den Lormen zu mischen?
1477 1034 2728 1306 Er büße nichts davon, lie er schon hieoben
1561 1200 2758 1350 Gesagt, seyen viellicht solche Disioursen geführt
1555 1322 2735 1462 borden, Aber ohne daß man einiche Achtung
1574 1412 2725 1563 darauf gehabt; Auch Negire er heiter, das
1565 1509 2680 1654 ersich anerbötten, an die Hh. Amtleuth
1551 1622 1887 1758 zu schreiben
1480 1785 2750 1955 zusirt. Er solle sich bohl bestinen, und gedemcken, daß
1579 1923 2768 2058 er Regierenden fahls werde überbiesen werden,
1546 2022 2730 2145 Inmaßen man ihme verdeuten müße, daß
1558 2115 2747 2277 er schon albereits von seinen Complices deßen
1567 2206 2366 2348 beklugt und verleicdet worden.
1545 2402 2707 2598 Er berde der Confrontation mit gutem
1572 2514 2158 2653 gebüßen erbarten.
1673 2625 2691 2858 Wurde bidler an sein ohrtgeführt.
1553 2770 2702 3029 Aitum in der Obern gefangenschafft,
1547 2902 2494 3117 Sambstags den 6t Julÿ 1749.
1551 3044 2557 3348 Alst vergelhen vnd bestichtiget
1622 3236 2362 3443 den 12. Julÿ 1749.
