3024 4032
384 479 520 577 188.
434 2834 525 2977 G.
407 3209 495 3366 H
435 1836 545 1996 G.
471 2125 538 2250 B
684 464 1382 695 Dalis Sug.
570 611 1452 842 Erentrut, dorten habe er einighe¬
559 738 1505 980 Zeit gearbeitet, und darnach sich auf¬
569 822 1498 1040 Besancon begeben, Alllor er gear¬
563 942 1489 1109 "beitet und Verblieben biß den 273
555 1050 1500 1228 August, Als er von seinem Bruder
560 1131 1497 1339 benachrichtiget worden, Er solle sich
555 1255 1505 1428 ohngefaumt hieher verfuegen, darauf
572 1361 1501 1535 er sogleich von dorten Verreißet, unde
572 1446 1495 1593 den Mey inzbey und ein halben tagen
563 1556 1477 1696 gemacht, und sich allhier in der Bei¬
556 1648 1277 1800 fangenschafft eingestellt,
577 1818 1483 1965 Ob während seiner Abliesenheit, Er
546 1920 1463 2071 Nimans von denen Übrigen Rluchte¬
557 2040 1028 2160 plingen gesehen?
1045 2123 1081 2177 2
576 2107 1458 2259 den Boldschund zueterhabene zu¬
562 2210 1461 2341 Prontrut angetroffen, mit ihre s
558 2316 1473 2443 er von dar auf Besancon gegangen
546 2397 1464 2544 und anjezo, glaube Er, berde selbge
549 2470 1472 2689 auf Paris Verreißet seÿn, von
538 2546 1462 2747 Bauen er Vorhabens seyn in Engeln
522 2720 942 2881 sich zu begeben.
544 2767 1457 2935 Ob er diß Comploto habben nichtsils
522 2863 1459 3063 auch mit Jemam geredet und getrof
513 2929 1458 3151 ptet anzulierben, sintemahl der E
520 3099 1161 3241 sie darzu verbunden?
517 3131 1447 3370 Rein, Er hab Niemand angebectet
499 3222 1451 3470 Aber ein paar Tag nach der Erstats
495 3334 1439 3576 esamblung seye er zugegengebescht
1291 3428 1437 3578 9
1523 2650 1589 2784 z
1521 2155 1594 2244 9
2541 513 2691 649 187
1739 544 2253 729 Dalis Jug.
1636 654 2694 849 Us der Boldschmind Kunter dem Methgen
1624 796 2598 953 Puntz auf der Gaß etbas von diesen
1634 886 2677 1045 Sachin gemeldet, sagend: Es seyn umb¬
1621 984 2630 1165 Varstellung der Bürgerlichen Freyheiten
1638 1060 2643 1219 win auch umb die Rechtsame der Sand
1625 1184 2643 1334 Wirckeren zu thun, mit befragen,
1629 1289 2323 1412 ob er auch wolle mit halten?
1625 1371 2652 1549 deß gleichen seyn der Boldschens Bucker
1629 1478 2631 1635 auch Siur gewefen den Geintz in eine
1619 1570 2630 1708 Versamblung zuführen. Ob aber solches
1609 1651 2599 1798 geschehen, das biße er nicht, Sonsten
1610 1765 2605 1888 aber habe er beiters Bey Anberbungen
1623 1857 2622 2016 nichts zu thun gehabt, Werde solches
1612 1944 2257 2067 niemand reden können.
1644 2116 2515 2265 Ob über dießes, ihme nicht noch ein¬
1613 2232 2604 2361 mehrers, von solchen Complots begen
1601 2312 2521 2422 in Wißen, und Ob er in allem die¬
1595 2409 2612 2540 furr Mahrheit also gerecet, daß er
1598 2495 2474 2654 dabey zu gestehen sich getraube?
1613 2647 2569 2820 Da Er habe alles aufrichtig bekennet,
1606 2756 2426 2884 und werde dabey Verbleiben.
1673 2843 2600 3025 Bätte umd eine Gnädige Urtheill fu¬
1611 2950 2356 3094 Abgelesten und bestätiget.
1586 3041 2588 3208 Actum in der Oberen Befangenschafft
1595 3130 2525 3300 durch Michgson Rathsherren Von¬
1589 3205 2638 3380 Graffenried und Melsioi Großbac
1597 3311 2576 3469 Willading und Gricht Schreiber Bat¬
1577 3398 2532 3617 schat den 1.t Septembris. 1749.
