3024 4032
381 503 504 602 424.
604 529 1328 715 Ublrich, Candidatus
561 683 1460 848 geschloßen, daß der Lieutenant Bu¬
567 762 1472 933 ster da Interessiert sich befinden bönte,
562 854 1466 1006 seye er, aus Compassion gegen die¬
549 956 1464 1112 selben zu ihme hinaufgegangen, und
550 1071 1458 1214 habe ihne Avertirt, Er solle seine Pra¬¬
548 1157 1439 1304 "Caution nemen, Maßen man der
557 1252 1467 1404 Sach genaub nachforsche se. Morauf er¬
554 1340 1464 1492 alsobald bieder fortgegangen; Gabe
558 1449 1459 1587 aber von der greuldlichen Beschaffen¬
534 1544 1463 1676 heit deß Projects nichts gebußt, un
548 1642 1462 1775 in sobeith nicht geglaubt zu fehlen, wme
540 1735 1463 1894 nleseden Menschen zn avertierem, in der¬
543 1822 1452 1966 Geglaubnnß, daß, bau er sich burde
544 1931 1464 2046 fortgemacht haben, nachlerts eine Johe¬
535 2016 1457 2158 Oberkeit nichts beiters von ihme zube¬
517 2113 1451 2248 fahren hädte. Er erkenne jetzunder
522 2193 1446 2332 aber bohl, daß er darinnen gröblich
518 2299 1427 2449 gefehlet, und biste dafür umb ster¬
513 2422 771 2535 Zeichung.
519 2498 1434 2653 Es seyr ihme übrigens außert dem
518 2574 1436 2729 cieutenant Hueter auch Niemand ver¬
508 2677 1421 2821 nambset worden, gegen Belchen er¬
499 2746 1427 2893 obige ohnvorsichtige Demarche umdt sie
500 2856 1414 2991 chender gethan, beilen er ihme offerd¬
485 2922 1423 3135 Bücher aus der Bibliothec gelehmt,
486 2986 1426 3226 und dannhero zimblich bohl gebennet
469 3129 1428 3325 Er könne aber bezeugen, daß er ihme ¬
490 3185 1433 3391 mahlen von diesen Sachen geredet, Gh
447 3288 1427 3508 habe er offters Mal Contente und 10l9
445 3431 1407 3643 rische Discorersen geführet, darauf
1576 847 1641 980 8
2549 607 2670 694 1eh
1749 607 2468 776 Allrich, Candidatus
1665 736 2639 910 Er aber nichts dergleichen muthmaßen könne
1682 829 2616 994 Ob er dem Reinhardt nicht das geheimbnuß
1651 923 2595 1080 oder Sillschleigen über das ihme erösfente
1659 1020 1950 1152 versprochen.
1656 1132 2591 1264 ein, und auch hab er es ihme nicht ange¬
1654 1220 1878 1329 muthet?
1659 1270 2580 1451 Wißster biter herlber gernchte ge
1643 1414 1908 1532 deponieren.
1769 1506 2406 1641 Abgelesten und bestätiget.
1632 1586 2556 1735 Bate annoch, daß, beile er vernommen,
1637 1699 2555 1821 der Lieutenant Kunter habe Herren Candi¬
1637 1794 2552 1914 dato Lombach und Herren CantorStoos,
1628 1882 2569 2016 All die beilen Sie denen Laequirten Delin¬
1617 1977 2561 2100 quenten in der Befangenschafft zuge¬
1625 2058 2497 2196 sprochen, etbas über ihne ausgesagt,
1636 2151 2551 2296 welches sie ihme aber nicht eröffen dersten
1626 2243 2532 2368 oder sie Berdind dazu befelcheet, diese
1617 2333 2542 2471 zbey Herren hierüker Eydklich vernommen
1613 2413 2563 2550 werden, obschon er nicht biße, ob es
1619 2519 2550 2652 zu seinen Gonsten oder Ungonsten
1597 2633 1750 2722 sage.
1626 2686 2412 2841 Actum den 26t Julÿ. 1749.
