3024 4032
363 487 494 591 438.
580 489 1428 738 Musculus, Studiosus.
548 649 1479 858 bie ihme sein Schläger seÿn, das Ersten
545 764 1462 928 mahl zu sehen und zu sprechen, Allein
545 851 1466 1044 Er bedrohete ihne Bieder mit dem Ver¬
534 932 1449 1113 dacht, den er damit über sich ziehen¬
554 1058 1468 1210 Burde, wan er jetz fortgienge, Und¬
548 1147 1465 1302 damit zlange er ihne zu dem Werene¬
526 1244 1479 1415 hinauf. Er Deponent wäre nicht nider¬
525 1360 1472 1486 geseßen, Als der Wermer beyde Stun
533 1436 1457 1605 eben Thüre Verschloße, die Umbhäng¬
540 1540 1483 1703 Vorzoge, und ihme 1. Von den Ver¬
534 1624 1460 1775 glohrnen Freyheiten der Burger, und¬
534 1732 1369 1873 einem Schirm, Brieff vorsagete;
525 1831 1422 1957 2. aber dero Project mit gleichen
542 1923 1435 2060 Umbständen und Morten, bie der¬
530 2022 1436 2155 Kunhardt auf dem Kirchhoft, vor¬
531 2121 1472 2264 sagte, auß genommen, daß er ihme
523 2215 1443 2367 Abey Sach Piotolet verlegten und
521 2295 1470 2411 der Reinhardt ein mit aufgepflangten
514 2397 1452 2544 Bajonet (: Wie er sagte :) geladener
503 2472 1452 2620 Gebehr hervorhohlete, und ihmen beyde
516 2564 1326 2739 mit diesen Worten zuredeten:
509 2671 1444 2820 darmit macht man die Kirthe schluge
505 2772 1446 2955 und schlöhren. Wir nun in dieser Aue¬
487 2833 1460 3043 ginscheinlichen Gefahr mit Verzbeih
488 2939 1448 3130 uleten Leuthen zu thun sahe, solare
479 3031 1446 3245 sein Endtschluß den Erd dermitauß
465 3117 1426 3352 zuflichen, daß er sich in Worten und
474 3226 1431 3442 Gesicht ihmen gönstig erzeige, deuch¬
477 3308 1449 3537 in diester Angstfragte w: Ob sie de
465 3380 1440 3682 ien Deget mi gelach ih sihe
1264 3486 1431 3626 bb
2527 592 2651 706 29.
1646 582 2494 778 Musculus, Scudiosus.
1640 736 2624 885 bollen, daß sie so bebaffnet seyen.
1640 824 2597 966 Morauf der Wermer ihme in folgenden
1629 914 2518 1061 Worten geantwortet: Ihr vorhaben
1627 1014 2603 1159 faße nichts Blutiger und Mörderisches
1633 1112 2605 1255 in sich, sonderen sie seyen nur für einen
1643 1212 2588 1348 Angriff belraffeet. Worauf er sich in
1633 1283 2588 1449 Gesicht Stellung und Reden ihnen etbes
1626 1401 2498 1531 gefälliger und gönstiger bezeigte,
1637 1493 2575 1611 Welche Angst und Zlrang-Morte aber
1628 1593 2553 1729 die mit Verstellung Er zu dero Gonsten
1607 1674 2545 1795 geredet, ihme nicht berden können übel
1618 1763 2553 1896 genomen, und zur Last geleget werden
1626 1858 2540 1987 indem erselbe mehresten theils selbst
1630 1941 2537 2078 nicht mehr beißt, und der hernach¬
1625 2032 2511 2184 auß geschlagene Eyd seine Unschuld
1595 2126 2541 2284 genug anzeiget. Als er aber doch noch
1620 2212 2532 2346 imer dem Wermer einihe Einbürste,
1599 2305 2463 2448 hat er ihme seine Sibel geleiesten,
1607 2387 2547 2530 darauß einen bezeichneten Spruch¬
1619 2464 2538 2616 vorgelesten, der ihne zu dem Enttschluß
1608 2563 2560 2719 gebracht. Uns der Kernharr bedrohete
1605 2670 2534 2791 ihne Wieder, nichts mehr zu raidonieren,
1610 2760 2546 2887 weil er sich nur verdächtig mache. Als
1602 2842 2553 2977 er nun zu seiner Erlösung 10. Uhr schlagen
1599 2931 2535 3063 hörte und noch Hausche gehen wolte, son
1607 3006 2528 3149 drange der Wermer anher, die Eyd
1601 3125 2524 3262 der Verschliegenheit zu schlööhren, so
1602 3201 2549 3349 lie er sagte, daß ihne alle die, bas
1610 3298 2502 3439 dason lußten, haben thur müßen,
1586 3394 2472 3528 Worüber er ihme geantbortet: Er¬
2400 3456 2553 3604 acht
