3024 4032
411 448 531 566 168.
745 496 1196 632 Dxamen
886 613 1001 681 mit
668 599 1396 795 Schloßer Akhalther.
589 774 1508 962 Nachgebohnter Exsportation, die Gahe¬
571 905 1484 1035 heit über alles das Jenige, das ihme
569 1000 1486 1141 Bebußten leydigen Anschlags halber
557 1095 1222 1237 In Kußen seye, zu stagen,
575 1209 962 1327 Declarirte Er¬
571 1307 1508 1482 Ats verbruchenen Freystag steye erden
581 1433 1496 1575 Neubenburg zuruck auf dern gekommen
545 1528 1499 1681 Unterbrgs zu Kappelen habe mann
563 1637 1500 1770 ihme gesagt, es steye Lermen zu Hern¬
541 1748 1507 1884 Sey seiner Ankoufft habe ihme seine Bre
538 1837 1486 1978 Verdentet, man habe sie avertert, daß
544 1933 1486 2076 sie ihme entgegen schicke, und sagen
547 2043 1468 2166 laße, bie daß die Red gehe, er seye
541 2128 1495 2249 auch auf der Lisle, belches sie aber nicht
528 2211 1485 2354 thun bollen, Indeme sie ihne Anschuldig
523 2285 1485 2464 geglaubt; Am Abend seye sein Siune
532 2396 1485 2566 gewessen, zu dem Zeughauß auf seinen
516 2495 1492 2642 Wosten zu gehen, seye aber in die Gefa¬
521 2595 1179 2754 genschaft geführt worden.
544 2700 1483 2908 Alles, das ihme von diesen Sachen be¬
517 2839 1486 3007 kannt, seyn, daß er wegen eines Gract¬
491 2951 1484 3110 Sischen Bolschnuds gesellen zu deß Pute¬
496 3036 1489 3210 Hauß gegangen Horaufhin der Lündl
472 3155 1486 3328 Suter sden er sonderbahr nicht gekand
502 3240 1489 3427 und zuvor niemahld bey ihme gebehe
484 3363 1472 3561 Prihme gekommen, und nach etwlher
1252 3450 1483 3615 Hhaus
2657 212 2803 347 169.
1837 336 2549 585 Golopl. Malser.
1644 514 2776 797 Schmählen zu ihme gestagt: Ob er auch die
1641 623 2779 889 Bürgerliche Breyheit wolle schutzen und
1628 736 2795 996 schiemen helffen, Horauf er ihme geant
1639 854 2763 1057 wortet: das seye ein Jeder Ehelicher Man
1633 946 2694 1164 zu thun schuldig; da aber der Lieutz.
1636 1065 2769 1264 Gueter Beiters habe reden bollen, habe
1629 1166 2771 1373 er ihme Verdeutet, wie daß er nicht an der
1628 1272 2739 1468 Zeit habe ihne anzuhören. Er habe seine
1625 1404 2664 1572 Beschäfte, und habe ihme also Abscheid
1641 1549 1877 1673 gegeben.
1627 1597 2779 1770 Ewwas Zeits hernach, seye er zu dem Indier¬
1622 1706 2700 1880 renfabricant Kupffer im Sulgenbach
1617 1803 2764 1989 gegangen, Allwohin et wann eine Stunde
1629 1911 2713 2075 nach seiner Ankunft, der Gleicher Ochs
1627 2028 2735 2169 und der Lieuth. Guter auch gebommen
1624 2123 2725 2260 welcher letztere über Meysen die Ruhte
1591 2192 2767 2376 start geschmahlt und selbige durchgezogen
1604 2327 2737 2468 Er Inquisit aber, habe ihme eingeredt
1608 2383 2771 2576 darauf der Bueter ihme den Schiembrifff
1611 2502 2724 2705 und die Hand Veste zu lesen gegeben
1617 2588 2644 2800 wollen, welches er aber außgeschlagen
1606 2670 2748 2908 und nicht habe thun wollen. Die zwey
1614 2797 2722 2983 übrigen, Ochs und Küpffer, haben nicht
1603 2874 2754 3090 viel darzu geredt, als sie gesehen, auf
1596 2946 2672 3192 Belchem Chon er es mit dem Bueter
1609 3098 2773 3338 genomen habe; Etwelche Tag hernach¬
1586 3180 2778 3422 habe er dem Pastehten, Deb Ziegler seinem
1606 3246 2757 3525 Dochter Mann gesagt: Der Lieutz. Fueter
1615 3376 2652 3649 werde ein Narr, wie der geistliche,
