3024 4032
359 550 500 641 206.
666 574 1173 769 Pister Vys.
507 736 1456 890 gelaußt, weilen er nicht schlören wollen
516 829 1431 1003 Obschon der Goldschund Pueter ihme den
517 960 927 1082 Eyd angemichtet.
645 1012 1414 1188 Er seyn Ad. 1745. von denen
512 1115 1416 1252 Memorialisten einer geloesten, steinth
515 1209 1459 1336 welchem er sich wohl gehuetet, und Jeder
505 1296 1437 1439 Zeit zur Warnung dienen laßen, nicht
507 1402 1071 1533 dergleichen anzustellen.
599 1481 1402 1648 habe hiervon beiters nichts in
492 1586 1453 1695 laußen, und bitte unterthänigest um
503 1674 1390 1844 die Erlaßung der Gefangenschaft¬
494 1808 1275 1978 Actum unter gleichem Dato¬
1490 903 1557 1048 4.
1487 1269 1559 1435 H
2525 359 2668 484 201.
1804 478 2392 678 Examen mit
1569 642 2354 856 Davis Vürstenberger,
1741 757 2210 903 etatis 60 Jahr.
1584 822 2675 1010 Werde ermahnet, eine Aufrichtige Bekant¬
1585 914 2572 1098 uuß von dem Jenigen, so er belaußter
1586 1006 2663 1233 veyiliger Sach halber in laußen habe, zu
1582 1168 2111 1330 tchun und abzulegen.
1606 1225 2669 1408 Er werde ganz frey und Aufrichtig alles
1610 1378 1789 1485 Tagen.
1581 1434 2617 1591 Den 30. Junÿ letsthin seye der Lientl.
1574 1535 2665 1662 Gueter um Abenls-Zeit unerwarteter weiste
1571 1635 2664 1770 zu ihme gebomen, und habe dieser ihme
1584 1724 2686 1840 anbebaute Man, belcher mit Stob, dägen
1584 1832 2695 1965 und Dat bistolets verstehen bare, ihme eine
1588 1914 2679 2073 Visite gemacht, und nachdemeEr sich infor¬
1591 2014 2658 2167 mirt, Ob Niemand hier herum seyn, und
1594 2118 2674 2252 er Jegst mit kein geantbortet, habe sel¬
1587 2203 2680 2364 biger ihme eröffnet, Es seye eine schöne
1583 2298 2659 2455 Anzahl ansehenlicher Bürger, belche sich
1596 2396 2695 2555 wegen den Freyheiten zusahmen Gethan,
1598 2495 2671 2632 und er Jegst habe Weib und Kinder, mit
1591 2576 2691 2751 befragen, Ober nicht auch dazu helffen
1595 2678 2708 2859 Wolle und wie er sich hierüber verlauten
1603 2785 2583 2962 laßen, Er wolle nichts damit zu thun
1587 2892 2691 3059 haben, habe der Fueter erliederet, es
1583 3000 2693 3185 seye um bein Blut, vergießen und um
1588 3089 2689 3317 nucht dergleichen zu thun, sonder die Sach
1609 3177 2736 3406 berde in der Großen Kirch Außgemacht
1599 3265 2665 3497 frden deß wegen ihme selbige nicht
1590 3364 2712 3608 gehährlich geschienen; hurauf habeer,
