<?xml version="1.0" encoding="UTF-8" standalone="yes"?>
<PcGts xmlns="http://schema.primaresearch.org/PAGE/gts/pagecontent/2013-07-15" xmlns:xsi="http://www.w3.org/2001/XMLSchema-instance" xsi:schemaLocation="http://schema.primaresearch.org/PAGE/gts/pagecontent/2013-07-15 http://schema.primaresearch.org/PAGE/gts/pagecontent/2013-07-15/pagecontent.xsd">
    <Metadata>
        <Creator>prov=University of Rostock/Institute of Mathematics/CITlab|PLANET AI GmbH/Gundram Leifert/gundram.leifert@planet-ai.de:name=Transkribus German Kurrent M2(htr_id=29820)::::v=2.6.7
prov=University of Rostock/Institute of Mathematics/CITlab|PLANET AI GmbH/Tobias Gruening/tobias.gruening@planet-ai.de:name=de.uros.citlab.module.baseline2polygon.B2PSeamMultiOriented:v=2.6.7
prov=University of Rostock/Institute of Mathematics/CITlab|PLANET AI GmbH/Gundram Leifert/gundram.leifert@planet-ai.de:name=Kurrent_1515_ENHG_v3(htr_id=40510)::::v=2.6.7
prov=University of Rostock/Institute of Mathematics/CITlab|PLANET AI GmbH/Tobias Gruening/tobias.gruening@planet-ai.de:name=de.uros.citlab.module.baseline2polygon.B2PSeamMultiOriented:v=2.6.7
prov=University of Rostock/Institute of Mathematics/CITlab|PLANET AI GmbH/Tobias Gruening/tobias.gruening@planet-ai.de:name=/net_tf/LA73_249_0mod360.pb:de.uros.citlab.segmentation.CITlab_LA_ML:v=2.6.7
Transkribus</Creator>
        <Created>2022-05-02T15:17:50.775+02:00</Created>
        <LastChange>2022-09-12T15:21:28.907+02:00</LastChange>
        <TranskribusMetadata docId="1334849" pageId="52362919" pageNr="88" tsid="114644802" status="IN_PROGRESS" userId="9570" imgUrl="https://files.transkribus.eu/Get?id=SPWSBQTDYHBSTJYQUVTULYOB&amp;fileType=view" xmlUrl="https://files.transkribus.eu/Get?id=UREUDORKTOPYXTDSBETEIVXL" imageId="30687421"/>
    </Metadata>
    <Page imageFilename="IMG_5788.jpg" imageWidth="3024" imageHeight="4032">
        <ReadingOrder>
            <OrderedGroup id="ro_1687513635131" caption="Regions reading order">
                <RegionRefIndexed index="0" regionRef="r1"/>
                <RegionRefIndexed index="1" regionRef="r2"/>
                <RegionRefIndexed index="2" regionRef="r3"/>
                <RegionRefIndexed index="3" regionRef="r4"/>
                <RegionRefIndexed index="4" regionRef="r5"/>
            </OrderedGroup>
        </ReadingOrder>
        <TextRegion orientation="0.0" id="r1" custom="readingOrder {index:0;}">
            <Coords points="422,409 422,567 509,567 509,409"/>
            <TextLine id="r1l1" custom="readingOrder {index:0;}">
                <Coords points="419,554 445,559 452,553 479,562 493,546 521,551 511,446 471,446 452,460 441,462 426,456 419,463 411,463"/>
                <Baseline points="422,515 451,517 480,512 509,509"/>
                <TextEquiv>
                    <Unicode>170.</Unicode>
                </TextEquiv>
            </TextLine>
            <TextEquiv>
                <Unicode>170.</Unicode>
            </TextEquiv>
        </TextRegion>
        <TextRegion orientation="0.0" id="r2" custom="readingOrder {index:1;}">
            <Coords points="561,492 561,1834 1515,1834 1515,492"/>
            <TextLine id="r2l1" custom="readingOrder {index:0;} person {offset:0; length:15;}">
                <Coords points="724,613 815,634 995,607 1062,622 1127,588 1363,612 1356,480 1291,449 1127,424 990,488 866,415 717,483"/>
                <Baseline points="729,573 760,573 791,572 822,570 853,568 885,565 916,562 947,560 978,557 1009,554 1041,551 1072,549 1103,547 1134,545 1165,545 1197,543 1228,543 1259,545 1290,546 1321,548 1353,552"/>
                <TextEquiv>
                    <Unicode>Schloßer Walter</Unicode>
                </TextEquiv>
            </TextLine>
            <TextLine id="r2l2" custom="readingOrder {index:1;}">
                <Coords points="554,791 651,798 753,747 901,766 961,728 1015,756 1098,711 1294,768 1424,734 1507,776 1521,677 1413,632 1001,607 949,645 861,632 724,692 552,712"/>
                <Baseline points="561,756 608,752 656,747 704,741 751,735 799,730 847,724 894,719 942,714 990,711 1038,707 1085,705 1133,704 1181,705 1228,707 1276,710 1324,717 1371,724 1419,735 1467,748 1515,764"/>
                <TextEquiv>
                    <Unicode>so sich im Schleht befinde, Er thue iige</Unicode>
                </TextEquiv>
            </TextLine>
            <TextLine id="r2l3" custom="readingOrder {index:2;}">
                <Coords points="572,852 665,882 874,815 934,842 994,815 1126,863 1190,814 1312,865 1508,877 1507,807 1197,739 1008,761 947,733 900,765 790,748 651,797 571,787"/>
                <Baseline points="579,843 625,841 671,837 717,835 763,830 809,826 855,821 901,817 947,813 993,809 1039,806 1085,804 1131,803 1177,803 1223,804 1269,808 1315,812 1361,820 1407,829 1453,839 1500,852"/>
                <TextEquiv>
                    <Unicode>als schmählen und Man solle dergleichen</Unicode>
                </TextEquiv>
            </TextLine>
            <TextLine id="r2l4" custom="readingOrder {index:3;}">
                <Coords points="582,966 730,935 895,962 1094,907 1192,951 1291,917 1466,965 1464,875 1313,864 1255,829 1131,869 1009,826 886,838 740,900 580,877"/>
                <Baseline points="588,936 631,934 675,931 718,927 762,924 805,920 849,917 892,912 936,909 979,906 1023,903 1066,901 1110,900 1153,899 1197,900 1240,902 1284,906 1327,910 1371,916 1414,925 1458,935"/>
                <TextEquiv>
                    <Unicode>Sachen nicht gehör geben, sonder zu¬</Unicode>
                </TextEquiv>
            </TextLine>
            <TextLine id="r2l5" custom="readingOrder {index:4;}">
                <Coords points="560,1082 663,1039 773,1080 1027,1011 1085,1037 1210,1020 1263,1065 1465,1032 1463,977 1379,953 1285,982 1106,934 1051,973 922,943 809,985 696,942 558,1004"/>
                <Baseline points="566,1034 610,1034 655,1032 699,1029 744,1026 788,1023 833,1020 877,1017 922,1014 966,1011 1011,1007 1056,1005 1100,1003 1145,1002 1189,1001 1234,1002 1278,1004 1323,1007 1367,1011 1412,1017 1457,1026"/>
                <TextEquiv>
                    <Unicode>Peiden seyn, wie er dann auch dem</Unicode>
                </TextEquiv>
            </TextLine>
            <TextLine id="r2l6" custom="readingOrder {index:5;} person {offset:0; length:7;}">
                <Coords points="558,1157 758,1190 832,1142 969,1131 1038,1167 1197,1116 1348,1168 1484,1153 1483,1088 1412,1053 1319,1096 1206,1022 1059,1058 976,1025 758,1091 702,1058 557,1082"/>
                <Baseline points="564,1136 609,1134 655,1133 700,1130 746,1127 792,1124 837,1122 883,1118 928,1115 974,1112 1020,1110 1065,1108 1111,1107 1156,1107 1202,1107 1248,1109 1293,1112 1339,1116 1384,1122 1430,1131 1476,1140"/>
                <TextEquiv>
                    <Unicode>Kupfter gestagt, Er für seinen Theil¬</Unicode>
                </TextEquiv>
            </TextLine>
            <TextLine id="r2l7" custom="readingOrder {index:6;}">
                <Coords points="571,1254 636,1277 720,1239 854,1256 1011,1217 1504,1254 1504,1174 1393,1148 1338,1171 1284,1132 1074,1144 1028,1177 982,1140 905,1180 827,1140 748,1198 571,1187"/>
                <Baseline points="579,1233 624,1230 670,1229 716,1226 762,1223 808,1220 854,1217 900,1214 946,1212 992,1211 1038,1209 1083,1208 1129,1208 1175,1209 1221,1210 1267,1212 1313,1216 1359,1221 1405,1226 1451,1234 1497,1244"/>
                <TextEquiv>
                    <Unicode>sege mit der Oberkeit Bohl zu friden</Unicode>
                </TextEquiv>
            </TextLine>
            <TextLine id="r2l8" custom="readingOrder {index:7;}">
                <Coords points="581,1343 673,1384 808,1320 958,1327 1001,1367 1209,1323 1357,1374 1434,1336 1498,1362 1498,1306 1241,1234 1123,1267 947,1236 580,1302"/>
                <Baseline points="588,1334 633,1332 678,1331 723,1329 768,1326 813,1324 858,1320 904,1317 949,1314 994,1313 1039,1310 1084,1308 1129,1307 1174,1307 1220,1308 1265,1310 1310,1313 1355,1317 1400,1323 1445,1331 1491,1340"/>
                <TextEquiv>
                    <Unicode>und habe nichts ab Ihra zu Klagern.</Unicode>
                </TextEquiv>
            </TextLine>
            <TextLine id="r2l9" custom="readingOrder {index:8;}">
                <Coords points="572,1416 702,1457 763,1419 950,1462 1216,1414 1489,1453 1489,1357 1460,1350 1339,1384 1239,1333 1030,1384 807,1322 672,1384 572,1346"/>
                <Baseline points="579,1415 624,1416 669,1418 714,1419 759,1419 804,1418 849,1416 895,1416 940,1413 985,1413 1030,1411 1075,1410 1120,1409 1165,1409 1211,1409 1256,1410 1301,1412 1346,1415 1391,1420 1436,1424 1482,1431"/>
                <TextEquiv>
                    <Unicode>Weiters und seither habe er von diesen</Unicode>
                </TextEquiv>
            </TextLine>
            <TextLine id="r2l10" custom="readingOrder {index:9;}">
                <Coords points="576,1562 720,1528 791,1567 931,1572 1071,1521 1226,1569 1275,1543 1483,1550 1482,1498 1400,1449 1329,1464 1240,1433 1119,1490 994,1438 942,1478 856,1445 703,1478 629,1442 575,1481"/>
                <Baseline points="582,1515 626,1517 671,1518 716,1520 760,1520 805,1520 850,1518 894,1517 939,1515 984,1515 1029,1512 1073,1511 1118,1510 1163,1509 1207,1509 1252,1509 1297,1509 1341,1511 1386,1513 1431,1517 1476,1521"/>
                <TextEquiv>
                    <Unicode>Sachen nichts gehört, und sich nicht in</Unicode>
                </TextEquiv>
            </TextLine>
            <TextLine id="r2l11" custom="readingOrder {index:10;}">
                <Coords points="560,1636 705,1675 856,1643 978,1677 1034,1637 1072,1652 1257,1609 1256,1576 1140,1550 954,1596 738,1540 641,1552 558,1531"/>
                <Baseline points="567,1620 601,1621 635,1622 669,1622 703,1622 737,1622 771,1622 806,1620 840,1619 874,1619 908,1617 942,1616 976,1616 1010,1614 1045,1613 1079,1613 1113,1611 1147,1611 1181,1610 1215,1610 1250,1610"/>
                <TextEquiv>
                    <Unicode>das behnnigste eingelaßen.</Unicode>
                </TextEquiv>
            </TextLine>
            <TextLine id="r2l12" custom="readingOrder {index:11;}">
                <Coords points="568,1805 747,1792 1028,1870 1136,1811 1270,1825 1388,1773 1261,1729 1165,1755 978,1723 885,1765 852,1738 800,1777 684,1729 569,1748"/>
                <Baseline points="576,1803 616,1801 656,1800 696,1799 736,1797 777,1797 817,1796 857,1796 897,1796 937,1796 978,1797 1018,1797 1058,1799 1098,1800 1138,1800 1179,1802 1219,1803 1259,1805 1299,1806 1339,1808 1380,1809"/>
                <TextEquiv>
                    <Unicode>Actum den 83 Julÿj. 1749.</Unicode>
                </TextEquiv>
            </TextLine>
            <TextEquiv>
                <Unicode>Schloßer Walter
so sich im Schleht befinde, Er thue iige
als schmählen und Man solle dergleichen
Sachen nicht gehör geben, sonder zu¬
Peiden seyn, wie er dann auch dem
Kupfter gestagt, Er für seinen Theil¬
sege mit der Oberkeit Bohl zu friden
und habe nichts ab Ihra zu Klagern.
Weiters und seither habe er von diesen
Sachen nichts gehört, und sich nicht in
das behnnigste eingelaßen.
Actum den 83 Julÿj. 1749.</Unicode>
            </TextEquiv>
        </TextRegion>
        <TextRegion orientation="0.0" id="r3" custom="readingOrder {index:2;}">
            <Coords points="1547,2057 1547,2221 1596,2221 1596,2057"/>
            <TextLine id="r3l1" custom="readingOrder {index:0;}">
                <Coords points="1531,2186 1542,2192 1559,2215 1578,2210 1591,2217 1632,2074 1624,2070 1619,2073 1606,2065 1594,2047 1583,2038 1574,2037"/>
                <Baseline points="1547,2157 1596,2171"/>
                <TextEquiv>
                    <Unicode>8</Unicode>
                </TextEquiv>
            </TextLine>
            <TextEquiv>
                <Unicode>8</Unicode>
            </TextEquiv>
        </TextRegion>
        <TextRegion orientation="0.0" id="r4" custom="readingOrder {index:3;}">
            <Coords points="1566,878 1566,1034 1604,1034 1604,878"/>
            <TextLine id="r4l1" custom="readingOrder {index:0;}">
                <Coords points="1550,1030 1560,1032 1568,1029 1597,1011 1606,1015 1622,913 1615,912 1590,882 1574,884"/>
                <Baseline points="1566,978 1604,984"/>
                <TextEquiv>
                    <Unicode>4</Unicode>
                </TextEquiv>
            </TextLine>
            <TextEquiv>
                <Unicode>4</Unicode>
            </TextEquiv>
        </TextRegion>
        <TextRegion orientation="0.0" id="r5" custom="readingOrder {index:4;}">
            <Coords points="1602,215 1602,3504 2804,3504 2804,215"/>
            <TextLine id="r5l1" custom="readingOrder {index:0;}">
                <Coords points="2668,338 2726,323 2749,327 2772,317 2780,305 2819,308 2799,193 2772,208 2737,213 2719,207 2709,219 2693,219 2668,255 2653,256"/>
                <Baseline points="2666,287 2693,287 2721,283 2748,277 2776,270 2804,266"/>
                <TextEquiv>
                    <Unicode>171.</Unicode>
                </TextEquiv>
            </TextLine>
            <TextLine id="r5l2" custom="readingOrder {index:1;}">
                <Coords points="1968,572 2021,572 2070,540 2156,565 2253,515 2378,526 2453,491 2442,422 2405,435 2315,409 2244,410 2196,456 2145,443 2107,467 2042,470 2006,505 1956,493"/>
                <Baseline points="1971,549 1997,546 2023,543 2049,539 2076,535 2102,530 2128,525 2154,521 2181,517 2207,513 2233,508 2260,503 2286,499 2312,496 2338,493 2365,489 2391,488 2417,486 2444,485"/>
                <TextEquiv>
                    <Unicode>Dxamek</Unicode>
                </TextEquiv>
            </TextLine>
            <TextLine id="r5l3" custom="readingOrder {index:2;} person {offset:4; length:13;}">
                <Coords points="1721,745 1848,764 1906,709 2132,658 2246,706 2338,631 2487,642 2693,580 2685,529 2574,496 2368,536 2314,513 2148,582 1869,601 1710,676"/>
                <Baseline points="1724,720 1772,711 1820,702 1868,694 1916,686 1964,678 2012,670 2060,662 2108,654 2156,646 2204,640 2252,632 2300,625 2348,618 2396,612 2444,605 2492,599 2540,592 2588,586 2636,579 2684,572"/>
                <TextEquiv>
                    <Unicode>Mit Johannes Iltz, dem</Unicode>
                </TextEquiv>
            </TextLine>
            <TextLine id="r5l4" custom="readingOrder {index:3;}">
                <Coords points="1917,787 1962,786 2023,821 2070,778 2147,798 2229,746 2358,775 2397,730 2425,726 2416,650 2375,675 2324,662 2297,695 2243,705 2133,661 2072,697 2010,681 1909,715"/>
                <Baseline points="1922,762 1948,761 1974,761 2000,758 2026,755 2052,753 2078,750 2104,746 2130,742 2156,738 2182,734 2208,731 2234,727 2260,723 2286,721 2312,719 2338,716 2364,715 2390,714 2417,714"/>
                <TextEquiv>
                    <Unicode>Kupferschund /</Unicode>
                </TextEquiv>
            </TextLine>
            <TextLine id="r5l5" custom="readingOrder {index:4;}">
                <Coords points="1649,1002 1703,961 1913,957 2167,891 2326,921 2714,860 2753,838 2742,746 2669,746 2593,810 2525,785 2388,829 2215,790 2125,870 2054,838 1962,871 1789,811 1628,829"/>
                <Baseline points="1650,945 1704,940 1759,935 1814,929 1868,923 1923,916 1978,910 2032,904 2087,897 2142,890 2197,884 2251,877 2306,871 2361,863 2415,857 2470,850 2525,843 2579,837 2634,830 2689,824 2744,818"/>
                <TextEquiv>
                    <Unicode>Weilen bekannt: daß er sich auch in</Unicode>
                </TextEquiv>
            </TextLine>
            <TextLine id="r5l6" custom="readingOrder {index:5;}">
                <Coords points="1661,1088 1847,1096 1921,1036 1978,1060 2077,1017 2177,1040 2447,970 2746,956 2789,934 2774,811 2584,892 2502,868 2267,931 2201,900 2092,960 1872,944 1767,987 1703,960 1651,1010"/>
                <Baseline points="1664,1053 1719,1045 1775,1038 1831,1031 1887,1024 1943,1017 1998,1011 2054,1004 2110,998 2166,991 2222,986 2277,979 2333,973 2389,966 2445,960 2501,952 2556,945 2612,938 2668,930 2724,922 2780,912"/>
                <TextEquiv>
                    <Unicode>den leydigen Complot verpflichtet, so unter</Unicode>
                </TextEquiv>
            </TextLine>
            <TextLine id="r5l7" custom="readingOrder {index:6;}">
                <Coords points="1649,1177 1828,1182 1993,1125 2064,1167 2150,1114 2289,1136 2609,1051 2800,1081 2789,983 2700,961 2407,1033 2276,1013 2235,1056 2077,1016 1643,1121"/>
                <Baseline points="1655,1157 1711,1150 1768,1142 1824,1136 1881,1129 1937,1122 1994,1116 2050,1112 2107,1106 2163,1100 2220,1095 2277,1088 2333,1082 2390,1076 2446,1069 2503,1062 2559,1053 2616,1046 2672,1037 2729,1027 2786,1017"/>
                <TextEquiv>
                    <Unicode>einer Anzahl Bürger aufgerichtet worden,</Unicode>
                </TextEquiv>
            </TextLine>
            <TextLine id="r5l8" custom="readingOrder {index:7;}">
                <Coords points="1643,1289 1763,1239 1840,1270 1927,1229 1997,1273 2185,1204 2396,1191 2498,1228 2782,1178 2774,1094 2657,1068 2600,1117 2524,1090 2330,1148 2258,1116 2099,1176 1632,1172"/>
                <Baseline points="1646,1250 1702,1243 1758,1237 1814,1230 1871,1226 1927,1220 1983,1215 2039,1211 2096,1205 2152,1200 2208,1195 2264,1190 2321,1185 2377,1181 2433,1177 2489,1172 2546,1166 2602,1161 2658,1155 2714,1150 2771,1143"/>
                <TextEquiv>
                    <Unicode>umb welcher Urstachen dann er in gefang¬</Unicode>
                </TextEquiv>
            </TextLine>
            <TextLine id="r5l9" custom="readingOrder {index:8;}">
                <Coords points="1642,1421 1725,1355 2598,1304 2725,1274 2722,1235 2569,1209 2323,1248 2129,1225 1996,1272 1933,1234 1839,1272 1628,1257"/>
                <Baseline points="1643,1350 1696,1345 1750,1341 1804,1335 1857,1330 1911,1326 1965,1321 2018,1316 2072,1313 2126,1308 2180,1303 2233,1299 2287,1296 2341,1291 2394,1287 2448,1283 2502,1278 2555,1274 2609,1270 2663,1265 2717,1260"/>
                <TextEquiv>
                    <Unicode>lichem Verhaft sich befinde; So werde er</Unicode>
                </TextEquiv>
            </TextLine>
            <TextLine id="r5l10" custom="readingOrder {index:9;}">
                <Coords points="1634,1512 2150,1416 2518,1438 2702,1389 2752,1318 2607,1295 2497,1359 2408,1325 2146,1357 2052,1330 1627,1420"/>
                <Baseline points="1637,1448 1692,1442 1748,1437 1803,1433 1859,1428 1914,1425 1970,1421 2025,1418 2081,1413 2136,1411 2192,1408 2247,1403 2303,1400 2358,1397 2414,1393 2469,1388 2525,1385 2580,1379 2636,1374 2691,1368 2747,1362"/>
                <TextEquiv>
                    <Unicode>anJetzo ernsthafft erinneret, seinen fehler</Unicode>
                </TextEquiv>
            </TextLine>
            <TextLine id="r5l11" custom="readingOrder {index:10;}">
                <Coords points="1634,1622 1738,1556 2036,1577 2159,1523 2286,1555 2381,1516 2720,1521 2715,1399 2455,1464 2151,1416 2048,1478 1910,1444 1629,1530"/>
                <Baseline points="1637,1547 1690,1543 1744,1538 1798,1535 1852,1532 1905,1528 1959,1524 2013,1521 2067,1519 2120,1516 2174,1513 2228,1511 2282,1508 2335,1506 2389,1502 2443,1499 2497,1497 2550,1494 2604,1491 2658,1487 2712,1484"/>
                <TextEquiv>
                    <Unicode>in wie weith er sich schuldig gemacht, auf¬</Unicode>
                </TextEquiv>
            </TextLine>
            <TextLine id="r5l12" custom="readingOrder {index:11;}">
                <Coords points="1643,1662 1728,1685 1867,1639 2191,1625 2315,1665 2758,1595 2754,1526 2718,1518 2674,1546 2414,1525 2363,1559 2146,1524 2028,1581 1902,1551 1639,1589"/>
                <Baseline points="1649,1640 1704,1638 1759,1637 1814,1635 1869,1633 1924,1631 1979,1628 2034,1626 2089,1623 2144,1620 2199,1617 2254,1614 2309,1611 2364,1607 2419,1605 2474,1602 2529,1598 2584,1595 2639,1592 2694,1590 2750,1586"/>
                <TextEquiv>
                    <Unicode>richtig zu bekennen, und eine freye Bahre</Unicode>
                </TextEquiv>
            </TextLine>
            <TextLine id="r5l13" custom="readingOrder {index:12;}">
                <Coords points="1631,1798 1709,1754 1871,1774 2041,1723 2186,1752 2474,1721 2519,1758 2722,1697 2720,1656 2526,1613 2394,1677 2272,1639 2062,1678 1868,1638 1735,1686 1626,1645"/>
                <Baseline points="1637,1736 1690,1734 1744,1731 1798,1729 1852,1727 1906,1725 1960,1724 2013,1722 2067,1722 2121,1720 2175,1719 2229,1718 2283,1716 2337,1715 2390,1712 2444,1710 2498,1707 2552,1705 2606,1702 2660,1698 2714,1694"/>
                <TextEquiv>
                    <Unicode>bekandtnuß von allem dem, das ihme</Unicode>
                </TextEquiv>
            </TextLine>
            <TextLine id="r5l14" custom="readingOrder {index:13;}">
                <Coords points="1627,1861 2246,1835 2311,1864 2760,1803 2758,1729 2639,1719 2496,1776 2417,1743 2119,1770 2041,1727 1872,1775 1625,1746"/>
                <Baseline points="1634,1832 1692,1831 1751,1830 1810,1829 1869,1827 1928,1826 1987,1826 2046,1824 2105,1823 2164,1823 2222,1821 2281,1820 2340,1819 2399,1818 2458,1817 2517,1815 2576,1815 2635,1814 2694,1812 2753,1812"/>
                <TextEquiv>
                    <Unicode>in Bußen seye, von sich zu geben, Als Vor¬</Unicode>
                </TextEquiv>
            </TextLine>
            <TextLine id="r5l15" custom="readingOrder {index:14;}">
                <Coords points="1624,2009 1951,1937 2006,1975 2704,1936 2703,1874 2546,1834 2480,1879 2245,1834 1762,1889 1686,1845 1621,1869"/>
                <Baseline points="1629,1932 1682,1931 1735,1931 1789,1931 1842,1931 1895,1930 1949,1929 2002,1929 2055,1929 2109,1928 2162,1926 2215,1926 2269,1925 2322,1923 2375,1923 2429,1921 2482,1919 2535,1917 2589,1915 2642,1913 2696,1910"/>
                <TextEquiv>
                    <Unicode>durch er die beleydigte hoche Oberkeit, wo</Unicode>
                </TextEquiv>
            </TextLine>
            <TextLine id="r5l16" custom="readingOrder {index:15;}">
                <Coords points="1630,2046 1726,2074 1940,2033 2022,2067 2360,2028 2643,2075 2663,1933 2564,1972 2299,1948 2251,1982 2150,1947 1994,1984 1903,1942 1702,2007 1629,1993"/>
                <Baseline points="1637,2024 1688,2025 1739,2025 1790,2027 1841,2027 1892,2027 1943,2027 1994,2028 2045,2027 2096,2027 2147,2027 2198,2027 2249,2025 2300,2024 2351,2024 2402,2022 2453,2021 2504,2019 2555,2018 2606,2016 2657,2015"/>
                <TextEquiv>
                    <Unicode>möglich, zur Gnade leuten Berde?</Unicode>
                </TextEquiv>
            </TextLine>
            <TextLine id="r5l17" custom="readingOrder {index:16;}">
                <Coords points="1635,2181 1775,2204 1997,2168 2102,2205 2174,2168 2316,2212 2381,2167 2628,2159 2722,2190 2761,2177 2762,2057 2233,2096 1636,2045"/>
                <Baseline points="1643,2142 1698,2145 1754,2148 1809,2151 1865,2153 1920,2154 1976,2156 2031,2156 2087,2157 2142,2157 2198,2157 2254,2157 2309,2157 2365,2157 2420,2157 2476,2156 2531,2156 2587,2156 2642,2156 2698,2156 2754,2157"/>
                <TextEquiv>
                    <Unicode>Hierauf stelte der Inquisit folgende iebautnuß</Unicode>
                </TextEquiv>
            </TextLine>
            <TextLine id="r5l18" custom="readingOrder {index:17;} person {offset:41; length:5; continued:true;}">
                <Coords points="1622,2236 1665,2275 2155,2259 2206,2299 2301,2253 2361,2294 2511,2255 2610,2298 2746,2253 2748,2182 2357,2223 2192,2183 2133,2223 2081,2190 1830,2172 1777,2212 1687,2165 1624,2181"/>
                <Baseline points="1629,2223 1684,2226 1740,2228 1795,2232 1851,2234 1906,2237 1962,2238 2017,2241 2073,2243 2128,2244 2184,2246 2239,2247 2295,2249 2350,2249 2406,2250 2461,2251 2517,2252 2572,2252 2628,2252 2683,2252 2739,2252"/>
                <TextEquiv>
                    <Unicode>Vonsich: In verbihenem Apeillen habe der Gold¬</Unicode>
                </TextEquiv>
            </TextLine>
            <TextLine id="r5l19" custom="readingOrder {index:18;} person {offset:0; length:15; continued:true;}">
                <Coords points="1623,2351 2367,2342 2507,2356 2600,2421 2758,2361 2743,2276 2579,2309 2486,2271 2278,2267 2225,2302 1901,2290 1829,2252 1626,2271"/>
                <Baseline points="1632,2315 1690,2318 1749,2319 1808,2322 1867,2324 1926,2326 1985,2328 2044,2330 2103,2331 2162,2334 2220,2336 2279,2337 2338,2339 2397,2340 2456,2342 2515,2343 2574,2345 2633,2346 2692,2348 2751,2348"/>
                <TextEquiv>
                    <Unicode>schund Christen ihme Allererst verdeutet, Es seye</Unicode>
                </TextEquiv>
            </TextLine>
            <TextLine id="r5l20" custom="readingOrder {index:19;}">
                <Coords points="1623,2419 1804,2464 1876,2426 1954,2467 2016,2432 2220,2439 2375,2498 2567,2458 2660,2476 2662,2422 2579,2421 2524,2366 2373,2396 2318,2352 2196,2355 2001,2406 1892,2348 1625,2364"/>
                <Baseline points="1631,2409 1682,2411 1733,2412 1784,2415 1835,2417 1886,2420 1937,2421 1989,2424 2040,2426 2091,2428 2142,2430 2193,2432 2244,2434 2295,2436 2347,2438 2398,2439 2449,2442 2500,2444 2551,2445 2602,2447 2654,2448"/>
                <TextEquiv>
                    <Unicode>etwas obhanden, unter der Büegerschaft, um</Unicode>
                </TextEquiv>
            </TextLine>
            <TextLine id="r5l21" custom="readingOrder {index:20;}">
                <Coords points="1618,2500 1778,2564 2093,2523 2202,2575 2301,2543 2589,2599 2752,2569 2717,2507 2653,2530 2169,2449 2103,2480 2045,2449 1802,2463 1623,2419"/>
                <Baseline points="1626,2501 1684,2505 1743,2508 1802,2513 1861,2516 1920,2519 1979,2522 2038,2525 2097,2528 2156,2530 2214,2534 2273,2537 2332,2539 2391,2543 2450,2546 2509,2549 2568,2553 2627,2558 2686,2561 2745,2565"/>
                <TextEquiv>
                    <Unicode>weder zu den alten Freyheiten zu gelangen,</Unicode>
                </TextEquiv>
            </TextLine>
            <TextLine id="r5l22" custom="readingOrder {index:21;}">
                <Coords points="1617,2602 1819,2662 2004,2644 2121,2693 2261,2653 2712,2694 2718,2611 2257,2558 2189,2590 2046,2543 1902,2597 1727,2544 1619,2580"/>
                <Baseline points="1625,2598 1679,2601 1733,2606 1787,2609 1841,2613 1895,2616 1949,2619 2003,2623 2057,2627 2111,2630 2165,2634 2219,2637 2273,2640 2327,2643 2381,2647 2435,2651 2489,2654 2543,2658 2597,2661 2651,2665 2706,2669"/>
                <TextEquiv>
                    <Unicode>mit befragen; Ob er Inquisit nichts davon ster¬</Unicode>
                </TextEquiv>
            </TextLine>
            <TextLine id="r5l23" custom="readingOrder {index:22;}">
                <Coords points="1626,2707 1958,2770 2260,2754 2385,2808 2517,2768 2695,2821 2731,2816 2739,2714 2641,2745 2257,2655 2120,2693 1907,2639 1756,2695 1630,2658"/>
                <Baseline points="1634,2694 1688,2702 1743,2708 1797,2714 1852,2720 1907,2724 1961,2729 2016,2732 2071,2735 2125,2739 2180,2744 2235,2745 2289,2750 2344,2753 2399,2757 2453,2762 2508,2766 2563,2771 2617,2777 2672,2783 2727,2789"/>
                <TextEquiv>
                    <Unicode>nomen, Wie er hierauf mit kein geantwortet,</Unicode>
                </TextEquiv>
            </TextLine>
            <TextLine id="r5l24" custom="readingOrder {index:23;}">
                <Coords points="1599,2826 1867,2825 2112,2895 2638,2875 2688,2918 2729,2904 2734,2837 2226,2805 2103,2748 1978,2777 1688,2724 1604,2752"/>
                <Baseline points="1608,2790 1663,2797 1719,2803 1775,2810 1831,2816 1886,2821 1942,2825 1998,2829 2054,2834 2109,2837 2165,2841 2221,2845 2277,2849 2332,2853 2388,2856 2444,2861 2500,2864 2555,2869 2611,2873 2667,2878 2723,2883"/>
                <TextEquiv>
                    <Unicode>habe ihme der Cheisten gesagt, er werde es noch</Unicode>
                </TextEquiv>
            </TextLine>
            <TextLine id="r5l25" custom="readingOrder {index:24;}">
                <Coords points="1610,2943 1707,2909 2069,2983 2138,2947 2535,3005 2616,2976 2692,3024 2738,3014 2744,2930 2637,2875 2519,2924 2483,2889 2430,2913 2202,2870 1950,2898 1620,2795"/>
                <Baseline points="1620,2891 1675,2896 1731,2902 1786,2908 1842,2913 1898,2919 1953,2924 2009,2928 2065,2933 2120,2937 2176,2941 2232,2945 2287,2948 2343,2952 2399,2955 2454,2958 2510,2961 2566,2965 2621,2967 2677,2970 2733,2973"/>
                <TextEquiv>
                    <Unicode>schon bernemmen; Er habe aber beim Achtung</Unicode>
                </TextEquiv>
            </TextLine>
            <TextLine id="r5l26" custom="readingOrder {index:25;}">
                <Coords points="1616,3020 1669,3009 1736,3071 1869,3027 2063,3097 2217,3056 2290,3107 2403,3077 2465,3114 2769,3111 2742,3015 2444,3016 2290,2966 1902,2981 1735,2912 1623,2933"/>
                <Baseline points="1626,2985 1682,2994 1739,3002 1796,3010 1853,3016 1910,3023 1967,3029 2023,3034 2080,3039 2137,3044 2194,3047 2251,3051 2308,3055 2365,3059 2421,3062 2478,3065 2535,3069 2592,3072 2649,3076 2706,3080 2763,3083"/>
                <TextEquiv>
                    <Unicode>darauf gemacht; Gegen das End gleichen Monaths</Unicode>
                </TextEquiv>
            </TextLine>
            <TextLine id="r5l27" custom="readingOrder {index:26;} person {offset:22; length:13;}">
                <Coords points="1591,3122 2562,3184 2672,3229 2748,3224 2757,3127 2634,3148 2581,3101 2403,3077 2315,3116 2224,3065 2034,3112 1935,3057 1735,3071 1677,3012 1600,3017"/>
                <Baseline points="1602,3080 1659,3089 1716,3096 1773,3103 1830,3110 1887,3116 1944,3123 2001,3129 2058,3134 2115,3140 2173,3145 2230,3150 2287,3155 2344,3159 2401,3164 2458,3167 2515,3171 2572,3174 2629,3177 2686,3180 2744,3183"/>
                <TextEquiv>
                    <Unicode>seye er mit Leutl und Kabriel Puter vor dieses</Unicode>
                </TextEquiv>
            </TextLine>
            <TextLine id="r5l28" custom="readingOrder {index:27;}">
                <Coords points="1615,3221 1807,3215 2019,3299 2189,3251 2361,3288 2495,3265 2571,3316 2727,3281 2732,3230 2262,3171 2173,3210 1910,3134 1807,3162 1624,3124"/>
                <Baseline points="1626,3176 1680,3185 1735,3194 1790,3202 1845,3209 1899,3216 1954,3222 2009,3228 2064,3234 2118,3237 2173,3243 2228,3246 2283,3250 2337,3254 2392,3257 2447,3261 2502,3264 2556,3267 2611,3270 2666,3275 2721,3278"/>
                <TextEquiv>
                    <Unicode>letsteren Laden geseßen; der letztere nach Ab¬</Unicode>
                </TextEquiv>
            </TextLine>
            <TextLine id="r5l29" custom="readingOrder {index:28;}">
                <Coords points="1607,3314 1823,3369 2010,3345 2164,3388 2241,3356 2308,3410 2476,3379 2553,3435 2729,3435 2736,3355 2644,3298 2536,3323 2077,3274 2004,3311 1717,3203 1615,3225"/>
                <Baseline points="1617,3272 1672,3284 1727,3295 1783,3305 1838,3314 1894,3322 1949,3328 2005,3334 2060,3339 2116,3344 2171,3348 2226,3351 2282,3356 2337,3359 2393,3363 2448,3366 2504,3369 2559,3372 2615,3376 2670,3380 2726,3384"/>
                <TextEquiv>
                    <Unicode>steits deß ersteren, habe ihme gesagt, Es seyen</Unicode>
                </TextEquiv>
            </TextLine>
            <TextLine id="r5l30" custom="readingOrder {index:29;}">
                <Coords points="1608,3429 2009,3500 2125,3461 2400,3522 2474,3488 2721,3509 2728,3434 2672,3419 2566,3447 2507,3405 2051,3400 1974,3354 1726,3362 1619,3312"/>
                <Baseline points="1620,3372 1674,3384 1729,3395 1784,3405 1839,3413 1894,3421 1949,3429 2003,3435 2058,3440 2113,3445 2168,3450 2223,3453 2278,3458 2333,3461 2387,3464 2442,3467 2497,3469 2552,3472 2607,3475 2662,3478 2717,3480"/>
                <TextEquiv>
                    <Unicode>Viele, die den Burgeren wirdtr zu ihren alten</Unicode>
                </TextEquiv>
            </TextLine>
            <TextEquiv>
                <Unicode>171.
Dxamek
Mit Johannes Iltz, dem
Kupferschund /
Weilen bekannt: daß er sich auch in
den leydigen Complot verpflichtet, so unter
einer Anzahl Bürger aufgerichtet worden,
umb welcher Urstachen dann er in gefang¬
lichem Verhaft sich befinde; So werde er
anJetzo ernsthafft erinneret, seinen fehler
in wie weith er sich schuldig gemacht, auf¬
richtig zu bekennen, und eine freye Bahre
bekandtnuß von allem dem, das ihme
in Bußen seye, von sich zu geben, Als Vor¬
durch er die beleydigte hoche Oberkeit, wo
möglich, zur Gnade leuten Berde?
Hierauf stelte der Inquisit folgende iebautnuß
Vonsich: In verbihenem Apeillen habe der Gold¬
schund Christen ihme Allererst verdeutet, Es seye
etwas obhanden, unter der Büegerschaft, um
weder zu den alten Freyheiten zu gelangen,
mit befragen; Ob er Inquisit nichts davon ster¬
nomen, Wie er hierauf mit kein geantwortet,
habe ihme der Cheisten gesagt, er werde es noch
schon bernemmen; Er habe aber beim Achtung
darauf gemacht; Gegen das End gleichen Monaths
seye er mit Leutl und Kabriel Puter vor dieses
letsteren Laden geseßen; der letztere nach Ab¬
steits deß ersteren, habe ihme gesagt, Es seyen
Viele, die den Burgeren wirdtr zu ihren alten</Unicode>
            </TextEquiv>
        </TextRegion>
    </Page>
</PcGts>
