3024 4032
313 3185 407 3327 2
384 293 539 380 14. 2.
581 286 1337 506 Micheli duErent.
393 354 556 478 12. Ca
505 470 1529 634 lait esperer, mais quil navoct fact aucum
517 601 1518 736 Attention la dessus, et luj avoit Simpleman
518 678 1490 847 repondii, quil li feroit bien de (Honneu
535 795 1521 967 Si Fuster ne lavoit pas consulte Sur les Mgin.
392 771 529 985 2
535 934 1458 1053 cetterieurs a prendie pour parvenir a ces
517 1008 1490 1145 fino, que ceua du Ches. Iome de
496 1115 1519 1294 Pete p quil liu avort actuellement indiqui
550 1276 796 1432 uenon
394 1285 519 1436 E.
544 1428 1467 1552 Si dans les Entretins, que lii et fueter
400 1445 506 1566 E
521 1503 1473 1647 avcient tenu ensemble, ie dernier ne lu
525 1606 1499 1738 qvoit pas comunique les juees du Capitain
519 1676 1263 1819 Handzi Jur les projects en question
1269 1692 1352 1818 2
396 1774 688 1977 B. n
392 1994 1463 2124 dQuil devoit se Souvenir purtant, davon
471 2085 1471 2215 parle du Capitaine Hande;, puis que fucter
481 2171 1443 2283 avoit depose, que Setant entretenus avci¬
476 2250 1447 2392 li Sue cette matiere, il avat dit: Quil
482 2334 1449 2496 nitort pant du Sentiment de HCandzi, le¬
464 2448 1413 2582 quel vouloit Dabord aller an fait, pendant
450 2529 1464 2689 que luu voloit mettre auparavant ces Assaes
444 2629 1433 2781 par eerit et en ordie; que cela prouvotb¬
431 2728 1164 2888 quil avoit parle de Handii.
363 2817 1443 3032 2. Qail nicit, quil aye jamais ete questin
430 2983 1414 3138 entie lui et fueter du Capitaine Handz
421 3091 922 3208 dur cette matiere.
425 3200 1428 3374 Si le Leutenant Fucter navoct pas 1aiz
1493 2959 1574 3091 2
1461 3203 1575 3332 8
1536 1739 1608 1867 E
1527 1903 1610 2027 E
2687 -4 2853 120 143.
1541 97 2707 508 Ollagt d iu
1649 249 2832 620 lt eten
1653 461 2500 733 erhe ate de
1591 650 1658 759 E
1676 480 2816 846 Vrenge hetelidig
1652 678 2836 975 ilne le li ordit pas resusi quindependamen
1659 750 2812 1043 il nen avoit jamais parle a personne, eroiant
1628 893 2825 1203 que la Confianie, que Pucter liu avoit temorg¬
1652 1013 2794 1237 re liu en avoit tautement impose le Sucret¬
1537 1202 2812 1455 2 Si sur les Ouvertures, que Fucter lui avoiddit
1628 1299 2787 1526 duComplot, que se tramoit entre les Boulgevis
1608 1433 2799 1622 zl nelin avoit pas repondii Quil lui paro,
1601 1531 2690 1710 sooit que la poire commenioit a ie mauir.
1594 1705 1645 1775 Non
1631 1707 2764 1857 Quaumoins il ne sen Souvenoit pas du tout.
1632 1842 2757 2021 Vje ne de Souvenoit pas, que dans desisittes
1604 1978 2714 2129 quil avoct fact en Ville, il y a cuviron 1S
1608 2084 2741 2264 Gours ou rois semuines, il navoit pasdit adeo
1609 2193 2724 2364 quersonnis duy, quesaus quil aie des Corespondance¬
1605 2287 2694 2490 a Gerede, qui Cependant par les resleaione
1606 2400 2733 2604 quil avoit fait par les Convissames quil avoit
1602 2488 2531 2676 Epardes Certarius Combinaisous ibe
1602 2586 2714 2836 prevoqvit quile Gouveruement daujourdtuu
1602 2687 2715 2973 ne pouvoit pas subsister, e quavant
1575 2756 2708 3028 lesin de Lannee shl servit totulement
1593 2869 2153 3031 resondu &t Mhang. 2.
1581 3017 2747 3298 mil desavonort Cormellement davoirtenii
1578 3103 1860 3243 ce disiours.
1581 3258 2731 3644 en  eeie
2534 3614 2689 3702 Me
