3024 4032
412 464 536 557 178.
838 397 1079 488 1 46 Ex:
634 454 1369 632 Goh. Griderich Kugfer.
560 580 1510 773 Brachschlaget, auch unter schiedenliche ohn
555 680 1494 860 Vorgeschlagen, soo eine zusamenkuns am
554 780 1503 957 fünglichsen köe gehalten werden, Er
558 867 1473 1047 habe er Inquisit seinen Schopff darzu
563 980 1519 1146 offerit; Seye auch damahlen Abgeredtn
571 1064 1475 1226 worden, an einem bestimten Tag deß
565 1178 1507 1314 Nachst dort zusamen zukommen, Einze¬
557 1256 1474 1439 Nng hernach seye der Lientl. Guter ge¬
567 1385 1482 1519 komen, mit Verdeuten, daß dieser be¬
563 1471 1498 1628 stumte Tag nicht werde besucht werden,
566 1571 1491 1720 Sie hingegen, den Nachstfolgenden Mit¬
548 1671 1480 1816 Wochen dazu bestimmet, und seyen auf
549 1761 1504 1902 diesen bestimmten Tag deß Nachts um 11 Uhr
555 1868 1504 2008 ihrer 12 ohne ihne selbsten dazu gerechnen
547 1966 1470 2101 dahin gekommen; Tags voeher seye sein
522 2055 1488 2202 Inquisiten Truder Geschafften halber son
531 2151 1486 2280 wohrlauffen zu ihm gebomen, welch em er
532 2226 1488 2392 von dieser Hachgeredet; darauf er ihme se
531 2330 1495 2495 dentet, daß er auch schon etwas dason Ver¬
532 2443 1492 2598 nomen habe; Er der Inquisit fragte ih
519 2526 1485 2671 Ob er Morgens Abend auch in die sersem¬
519 2616 1501 2752 lung komen wolle, allwo man eine Schif
501 2710 1485 2871 diese Sachen betreffend, verlesen werde;
489 2808 1493 2974 Belches er mit Ja beantbortet, inso sch
508 2912 1486 3065 er bomen köne, Die Persohnen, so
498 3011 1493 3194 diestem vernamheten Mit Bochen erschiene
475 3146 912 3272 Baren folgende:
452 3213 758 3386 upter.
867 3224 1399 3406 er Inquisit selbsten.
655 3327 1433 3482 Joh: Aud: von Vorlauffen
916 3435 1260 3584 der Pfister.
1958 358 2226 458 1 6x:
1684 419 2464 649 G. Böitenns Kupter
1847 601 2233 721 Kaubtmann
1606 643 1793 822 Hul.
1857 680 2473 829 Kieutl. deßen Bruder.
1849 796 2180 934 Leutenant.
1605 832 1772 968 Guter.
1836 879 2501 1043 damiel der Bald Schmid.
1834 1004 2170 1130 Boldschmid.
1618 1027 1824 1150 sag.
1626 1104 2227 1267 Cheisten, BaldSchmit¬
1596 1207 2197 1361 Weriner, Marchand.
1606 1287 2665 1468 Vy, Andolf, Stubenschel. bey Möhren.
1600 1413 2008 1549 Roder, Kuefer.
1602 1515 2068 1685 Ruhn, Herber.
1725 1602 2642 1732 Auf obstermeldt angesezte Stund
1613 1697 2679 1852 hebind sie sich in dem Schopft versamlet, und
1599 1798 2705 1950 seye in Burtzem darauf die quast. Schrift
1620 1900 2713 2039 von H. Haubtman Häntzi abgelesen worden.
1607 1989 2725 2151 darauf einer von der Versamlung gesprochen:
1597 2086 2734 2231 Es steye schon recht, Aber ob beiters bein Cran
1618 2195 2712 2337 Vorhanden seye. Worauf der Haubtmann
1613 2299 2683 2424 händ geantwortet, er habe dießmahlen
1623 2394 2720 2534 Rchts weiters, und er zeige solchen diese¬
1619 2475 2729 2623 mahlen nicht; Bald darauf habe der haubt¬
1610 2575 2698 2724 mann Händz angebracht, daß dießmahlen
1617 2656 2674 2830 darum zu thun seyn wolle, daß sie sich
1612 2759 2614 2925 bey Eyden verbinden, und Versprechen
1602 2875 2647 3014 vo diesere Sach geheinm zu halten, und
1692 2965 2280 3099 nicht außzubringen;
1588 3026 1660 3157 2.
1678 3051 2393 3210 Einander getreut zu seyn:
1582 3140 1646 3235 9.
1683 3169 2675 3306 Un bann der Eint oder andere Unter¬
1681 3259 2694 3412 ihnen sie verrahten burde, Man nicht
1644 3348 2663 3518 Ruhen, und das Außerste Anwenden
2647 334 2766 442 179.
