3024 4032
339 245 464 339 388.
632 248 1223 432 Lutz, Marchand.
509 372 1450 620 ob schon ihrmen der Marchand Oßs gesagt, den
1233 535 1260 596 5
518 507 1446 706 kunter sey bey ihme gelesen, und habe ihme
533 579 1442 762 verdeutet, sie sollen mit einander zu dem
521 680 1427 858 Kupster in Sulgenbach gehen; daraufer¬
516 776 1457 974 gefragt: Man. habe er geantbortet, noch¬
533 879 1444 1059 dem NachtEßen, und Vielleicht bleibens
524 978 1447 1147 draußen, Auf welches er dem Ochs ge¬
527 1087 1437 1247 dienet: Er solle dem Kupster sagen, si¬
534 1185 1449 1340 berden beyderseits nicht kommen, begen¬
532 1276 1448 1425 Beschafften, so sie zu Thorberg haben, und¬
545 1388 1441 1513 weilen er nicht gewohnt, Nachts außet¬
533 1476 1436 1603 dem Hauß zu bleiben, Welches der
531 1575 1455 1697 Icht verrichtet, und der Kupfer geant¬
545 1667 1159 1801 Worth, es seyn schon gut¬
539 1765 1441 1892 Montags zuvor, ehe dieste Sach aufge¬
531 1859 1452 1961 brochen, habe ihme der Wermer morgens
542 1951 1445 2089 frühe bey seinem Hauß nachgefragt und¬
529 2051 1445 2174 ihme verdeutet, er habe ihme etloas apacti¬
527 2148 1439 2272 zu sagen, ihn auch in deß Ochsen Compton¬
531 2218 1420 2360 geführt, und allda ihne gebacten Fiese¬
518 2312 1448 2431 Wochen einsten zu ihme zukommen, und¬
517 2398 1434 2552 als er ihme geantwortet, Er habe es nicht
530 2506 1425 2647 an der Zeit, habe der Mermer erbiedert.
517 2607 1435 2754 Wann er am Tag nicht könne, so solle er deß
508 2685 1439 2843 Nachts umb 9. oder 10. Uhr rommen, es konn
524 2766 1430 2932 eine und kan, übertag und umb diese
512 2879 1437 3045 Zeit, Bürger zu ihme, mit demers schb
516 2970 1429 3135 denen Bürgerlichen Angelegenheiten uer
507 3055 1424 3247 rede, Worauf Er Deponent gantzbit¬
513 3170 1403 3370 geantbortet: Er wolle schauben, des
1259 3219 1410 3350 serit
1548 2328 1590 2420 H
1528 2519 1584 2606 d
1542 2600 1595 2687 d
1518 2691 1580 2780 .
1542 2970 1590 3055 F.
1540 841 1608 958 B
1545 1155 1604 1257 d
1546 1338 1608 1432 8.
1533 1506 1603 1637 Z
2514 304 2637 430 389.
1696 313 2305 465 Lutz, Marchand.
1626 452 2609 603 Vermer aber ihn pressirt, bau er die Wochen
1640 533 2574 681 durch nicht komme könne, solle er am Sontag
1631 630 2575 799 komen; habe ihme aber nichts versprochen,
1649 826 2567 989 Ob nicht schon zu vor, ehe der Wermer mit
1625 936 2584 1074 ihme geredet, schon jemand anders mit ihme
1622 1021 1950 1140 gerect habe?
1642 1124 2504 1265 Ee köne an Bodt bezeugen, daß zuvor¬
1627 1223 2291 1346 Niemand mit ihme geredt habe.
1636 1325 2504 1461 ob Babriel Gueter niemahlo mit ihme
1615 1409 2236 1539 dieser Sachen halber gereck?
1636 1525 2501 1636 kein. Er habe nichts mit Ihme hierüber¬
1612 1609 2544 1742 geredt, Als daß Er einsten, daer vor deß¬
1605 1708 2525 1834 Fueters Laden vorbeygegangen, ihne bey
1613 1788 2538 1917 der Hand genommen, selbige ihme getruckt,
1607 1876 2533 2024 und dazu gesagt: Alu bis auch ein rechter¬
1616 1970 1862 2083 Bürgerlin¬
1616 2058 2545 2188 Ob er Niemand Becer Eyd noch gelübet, noch¬
1602 2142 2505 2265 Versprechung der Verschliegenheit gethan¬
1614 2242 1942 2344 und praestirt
1625 2331 2527 2455 Nein. Er habe beder das Eint, andere noch
1606 2420 1953 2533 dridte praestirt.
1618 2515 2547 2623 Ob man ihme nichts dergleichen zugemuthet
1615 2604 1728 2696 kenn
1617 2685 2547 2831 Ob man ihne nicht gefragt, ob Er mit gebehr¬
1600 2778 2290 2917 und Munition versehen seÿn?
1619 2869 1739 2970 Nein
1619 2940 2551 3102 Ob man Ihme nicht erößenet, durch bas für
1596 3058 2548 3201 Mistell sie zu der Wiederherstellung der
1580 3152 2329 3291 Handlung fu. po. gelangen bollen?
2370 3252 2493 3388 3.
