3024 4032
462 334 590 448 268.
710 349 1298 563 Buch Mß
592 558 1493 761 Den 25ten Julÿ 1749. fügte er sie
609 646 1487 863 Examini annoch bey, daß der Wernien¬
612 763 1486 953 ihm gesagt: Er Wernier habe auch mit¬
617 862 1505 1051 etlörlchen Methgeren dieser Sachen halber¬
601 960 1502 1138 geredet, unter welchen er sich an keinen¬
596 1057 1452 1249 Nahmen errinnere, als deß Heinthen.
593 1228 1474 1403 Licutenant Buetor dann habe ihnen auch
591 1343 1484 1511 einsten gesagt: der Baubtman Herbort¬
591 1443 1486 1599 nachdeme er aus dem Complot gegangen,
586 1531 1476 1694 habe Wohl. gethan, sich fort zumachen, dann
565 1628 1497 1785 sonsten, so er ihne nachbahrts angetroffen
572 1727 1477 1886 heite er ihme ein Kügel durch den Kopf¬
564 1819 1493 1972 gesagt; Welches dann ihne starit intimi¬¬
558 1915 711 2010 diret.
553 2006 1488 2156 Bezeugete anbey, daß grad nach dem Auß¬¬
542 2117 1465 2231 obruch der Sach, ehe ihme der Arrest ange¬
532 2203 1460 2326 leget worden, und besonders, da Er Son¬
536 2289 1459 2422 stagt darauf, auf dem Rathhauß Schilt¬
530 2389 1461 2522 Macht gestanden, Er entschloßen gebesen,
509 2474 1446 2606 sich selbsten anzugeben, und so er nicht in¬
509 2584 1464 2701 forchten gestanden wäre, Man wurde ihm
494 2671 1463 2807 so gleich vor aller sich da befundenen Mugsr
475 2769 1416 2906 faßen, hadte er sich sicherlich bey Merchgslr
485 2866 1444 2978 Rathsherr Manuel angezeigt, und habe¬
486 2969 1434 3114 auch darüber den Hrn Doctor Myctenbach¬
476 3073 1417 3201 seinen Schbaher, Consultirt, der ihme ge¬
457 3162 1420 3312 gantlorfete die Sach seyn böß, Allein Er¬
444 3248 1445 3427 Wolle den Ir. Raths H Mannes darüber derchig¬
1264 3349 1393 3475 uu
2595 264 2744 401 869.
1749 328 2369 596 Hudols. 119
1689 530 2676 733 und was dan derselbe deß Ahrts befinde
1670 680 2400 883 Wolle er Ihme hernach sagen.
1671 830 2396 1064 REctum ut Supra.
