3024 4032
295 306 433 447 59.
523 324 1366 543 Lieutenant Chueter.
716 515 834 586 habe
315 512 1470 655 D. der Miheli hierauf etwas auf ein Carte
305 587 366 680 2
435 621 1479 769 geschrieben, und ihme stelbige gegeben, die
448 723 1482 869 er in seinen Calender gethan und verwahrt
321 896 1461 1044 Ob er nicht nach mehrere Schrifften, von
432 1013 1106 1161 Mitzelj hintersich habe?
287 1108 985 1320 B. Sonsten gar nichts¬
338 1316 1450 1450 ob er nicht noch mehrmahlen bey dem
435 1411 962 1572 Muheli gebesten?
317 1542 1496 1753 H Eestage zu deny oder vier Verschindenen
432 1707 1438 1841 mahlen in allem bey ihme gebesten.
281 1845 1508 2038 E.Was sie mit einander geredet, als er den
422 1974 1401 2140 Miheli das zweyste mahl gesehen
429 2169 1494 2327 Sie haben jederheit von diesen Sachen ge¬
254 2196 412 2399 2.
422 2288 1505 2440 redet, und da er Inquisit ihme vom Haus
414 2388 1488 2544 mann Handz gesagt, und ihme sein deß
405 2487 1475 2678 Händhis gedanben wößnet, und gefragt,
396 2599 1493 2773 bat er von ihme halte, habe der Mühel
392 2699 1452 2878 geantwortet: Je ne suid pas du meme
373 2799 1498 2979 sentiment que tiu it veut dobord aller au¬
374 2889 1495 3094 fait, et moid je veuae mettre mes affa¬
382 3029 1083 3201 par eserit et en ordie
274 3162 1508 3407 EWornn deß haubtmann Händhis gedente
370 3312 1505 3542 bestanden, die er dem Michel eröftnet.
2643 317 2752 424 15.
1745 375 2592 585 Lieutenant Pucter
1640 552 2228 697 Dre prendie tes Armes
1545 567 1632 690 E.
1524 699 2771 851 A. zu bas Zeit man die Waßen ergreiffen sollen?
1526 871 2766 1111 D. das steye noch nicht eigentlich Diterminirt worden
1620 991 2667 1153 der H. Lerber habe dem Gorbeibel Schenrer
1641 1085 2726 1240 einstenh im Marzilli gesagt eman werde
1626 1185 2660 1342 in den ferien die Wassen ergreiffen;
1608 1292 2783 1430 dieses habe der Gorbeibel ihme Inquisiten
1629 1381 2758 1572 in gegenbart Haubtman handzis in sein
1620 1511 2321 1662 Inquisiten Hauß erzehlet.
1544 1642 2801 1844 A. Auß belchen Tag, und ob nicht auf einen Tag¬
1628 1792 2820 1948 da er Inquisit die Wacht haben sollen, Mann
1628 1904 2419 2061 das Gelehr ergreiffen sollen
1527 2086 2839 2251 R. Absteye bahr, daß er ihnen proponirt, bau
1656 2209 2771 2370 er die Wacht habe, und auch schon, bau er
1632 2318 2782 2451 die Wacht nicht nicht habe, deß morgens
1645 2407 2818 2568 umb drey Uhr, oder Nachts, wie und Bau
1629 2505 1967 2635 sie Bollen.
1551 2678 2855 2890 OOb er sich nicht mit dem Micheli unterredt,
1641 2788 2598 2970 begen errichtung eines Brans
1524 2988 2864 3210 Eein. Es seye damahlen bein Han ereich¬
1628 3111 2777 3334 set worden, Aber das habe der Michel
1627 3238 2818 3407 gesagt, quil faudicit adoir un home de
1611 3340 2838 3535 Distinction davis leur parti, auff welches
2668 3537 2847 3685 Eo 5.
