3024 4032
425 2119 515 2268 2
330 236 429 349 990.
664 245 1222 410 zuleytes Examen
812 365 951 447 Mid
508 410 1419 676 Audol 1ß, dem Stubenshen¬
586 571 1073 704 ber bey Mohren.
305 721 551 892 Cxporls
576 769 1430 959 Mann könne an seinem Vorigen Ex¬
506 868 1414 1042 namine sich noch nicht ersättigen, der
512 963 1426 1154 begen Er in mehrerem Befragt und¬
499 1054 1432 1227 eerinneret berden müße, seine Völligen
500 1151 1411 1320 Bekantnuß, der Mahrheit gemaß von
509 1255 1417 1434 sich zustellen, derolegen solle er deutlich
510 1362 803 1499 Antshorten.
528 1518 1419 1699 Obin der Versammlung im Sulgenbach¬
383 1556 490 1713 G.
509 1654 1424 1791 alllos Er beygebohnet, nicht geredet
505 1752 1429 1888 loorden, Man Wolle Rath und Bürger¬
516 1839 1422 1970 mit Bebalt absethen, und alles, bau¬
512 1947 1430 2072 sich wiedersetzen werde, niedermachen
531 2126 1402 2244 Er könte mit gutem Gelißen nicht
522 2221 1391 2352 sagen, daß er in der Versamlung¬
504 2309 1413 2463 dießer gehört; Mohl. habe ihme Hautte¬
493 2407 1425 2562 eman Händtz gesagt, Er bolle sich auh¬
500 2496 1425 2633 bewehrt machen, darauff er Inquisi¬
479 2587 1423 2761 gesagt: Wann man also bebehrt erscheine
507 2681 1427 2846 und sich versamblen Bolle, so kontende
487 2778 1420 2920 leicht ein Tumult und Blutvergeßen
497 2859 1430 3025 abgeben, darmit er gar nichts Bolle¬
494 3015 903 3137 zu thun haben.
1134 3179 1244 3303 9.
1488 2055 1563 2194 9
1485 599 1568 712 9
1502 1024 1587 1181 2
1721 284 2160 415 Examen
1613 379 2316 540 Mit Rudol Maß.
1617 517 2536 653 Er habe jetz gesagt, daß er Büder alles¬
1610 605 2519 751 bluf vergießen protestert, daraus er¬
1594 711 2542 854 hälle, daß er einmahl von Veolenten
1593 809 2162 932 Mittlen gehort reden
1632 989 2498 1117 Von Caputieren eint und anderer
1594 1100 2490 1263 Magistrats, Persohnen habe er nichts
1585 1192 2498 1324 gehöret; Wohl haben ihme Haubtman¬
1612 1286 2484 1438 Händtz; und Vereine gesagt, vor ebe
1582 1391 2504 1529 welchen Herren, bieder die sie einen star¬
1577 1488 2507 1620 ecken Qrollen haben, für belche sie nichts
1600 1570 2534 1706 versprechen bollen, daß ihnen nicht etbas
1587 1667 2504 1808 begegen könte Coner zu etber kame.
1593 1767 2521 1895 von Heubr einlegen oder Häußer an¬
1593 1861 2483 1998 hunden, habe er auch nichts gehöret.
1586 2028 2427 2178 Wiees möglich seye, daß er so benig
1581 2101 2495 2255 buße, da ihme doch nabst der Hauftmann
1577 2183 2519 2344 Handth; das ober Comando zugedacht
1588 2284 2522 2443 gewesen, und bieder ihne deponirt borden
1597 2365 2544 2517 daß er von dener geliesen, die am Steübe¬
1580 2502 2026 2634 Ruder gesaßen.
1606 2662 2510 2820 Darvon habe er nichts gebußt, hätte nach
1582 2785 2528 2889 kein Commando angenommen, Auch seyen
1602 2867 2518 3006 ihm die Artükel deß Projects nicht be¬
1589 2952 2544 3093 rloußt gelesen, wolche er jethund Vernemme,
1586 3054 2553 3179 Wohl habe er viel recen gehört von Wieder
1587 3154 2548 3292 Aufrichtung der gemeind, und aus ließen
2362 3220 2580 3353 angehörten
2515 287 2622 392 281.
