3024 4032
355 408 487 542 839.
806 505 1156 648 Kamen
764 596 984 724 Mi
501 675 1457 888 Wol Ggang Ridolß Maußl de
790 827 1093 967 Rohtgießer.
501 898 1467 1096 Nachdaeme er allerforderst durch eine Breis
516 1036 1457 1181 ge Errinnerung zur Aufrichtigen Zebant¬
524 1147 1456 1282 nnß seines Fehlers, und bie Beither sich¬
543 1261 1456 1384 in den Complot verbicktet, ermahnet vor¬
527 1353 1444 1479 den, hat Er selbige folgender maßen von
533 1443 1437 1593 sich gestelt und bezeuget, daß es die gund¬
526 1557 972 1674 liche Wahrheit seyn.
531 1719 1446 1865 Gabriel. Gunter sein Bekanter und alter
535 1820 1452 1964 guter Greund seyn ohngefehrt auß gehendts
520 1937 1461 2057 Januarii zu ihme gekommen, habe ihme an¬
517 2016 1450 2155 gefangen von diesen Sachen zu reden und¬
515 2125 1381 2255 zu Gemicht geführt, bie übel es umb die
520 2216 1448 2353 Bürgerlichen Freyheiten stehe, auch daß in
510 2313 1446 2449 sonderheit ihme Inquisit bedaurlich seÿn¬
513 2409 1458 2538 solle, daß Megthr einen frembden dießer
518 2502 1458 2626 in den Zlöigelhorft gethan, mit verdencken,
500 2597 1461 2722 Man solte doch darzuthun; Er habe darauf¬
502 2694 1451 2843 geantbortet: Er habe das verschmerzet, und¬
496 2790 1464 2925 überlaße alles dem lieben Godt, Solang¬
489 2884 1461 3034 er dörffe Wein ausgeben, seine Fraub ihren¬
482 2983 1452 3144 Handel und er den Überbleibsel seiner Gand¬
473 3079 1458 3234 berits treiben, so seÿn er wohl zufrieden;
489 3186 1433 3343 Vorauf der Kunter ihme gesagt: Man¬
466 3258 1440 3433 dörßfe ihm Bochpetbar erößfenn, der Haut¬
2564 323 2688 420 240.
1643 425 2636 670 Wol)gang Rudol D Mäußl
1639 582 2667 803 Haubtman Hänth Bolle nach Paris gehen,
1649 674 2676 868 ums dorten einen Gharacter und Patronin
1643 790 2655 982 zu suchen, und Bau er mit dem Gharacter¬
1660 877 2594 1054 wieder nach Kauß komme, so berde er¬
1660 964 2630 1158 Bohl 50. oder so viel Bürger finden, die¬
1639 1084 2669 1253 ihme helßen berden, die Sachen in beßeren
1640 1193 2662 1343 Stand zu bringen, damit Ihme Inquisit auch
1643 1269 2662 1444 geholfen werde. Auf dieser habe er¬
1652 1376 2641 1520 versetzt: Mit Memorialen wolle er nichts
1653 1475 2653 1641 zuthun haben, zumahlen er schon albereits¬
1659 1582 2583 1746 eine fraurige Experienz deßhalber ge¬
1660 1684 2616 1824 macht, Anbeÿ habe ihne gefragt, bie Sie
1647 1781 2627 1917 die Sach Wollen vornehmmen? So habe er¬
1658 1883 2652 2028 geantwortet: Sie wollen nicht nachlaßen
1652 1990 2217 2123 biß sie er erhalten sn.
1654 2083 2640 2207 Im Stagen hinabgehen habe er ihm gefragt,
1664 2167 2661 2302 was er durch das Nicht nachlaßen verstehe?
1667 2254 2648 2379 worauf er gedienet, Er kome Bohl. noch mehr
1651 2374 2585 2489 zu ihme, daß er ihm das Mehrere sagen.
1661 2450 2661 2583 könne. Ohngefehrs 3. Tag hernach seÿn der
1662 2544 2603 2686 Babriel. Gunter bieder zu ihm kommen,
1668 2669 2653 2778 und habe ihme verdeutet, das nicht nacs¬
1664 2744 2631 2879 laßen seÿn, ban er mit gutem mit gehen
1658 2840 2638 2962 wolle, so müße Mann Gebalt brauchen,
1661 2916 2699 3061 Darauf er erwiederet: Ob sie Burger gegen
1651 3022 2634 3173 Bürger stellen und ein Bolut band anrichten
1677 3124 2646 3254 Wollen, mit beyfügen, Megs n können in
1671 3212 2698 3357 einem Augenblick mehr volck aufstellen alo¬
1673 3330 2678 3456 sie in einem Jahr, uns bas sie machen bueden
2512 3432 2657 3528 Bare
