3024 4032
341 254 497 337 382.
445 322 555 439 97
332 586 538 710 doclarient
551 239 1359 446 Pau Beodat Braas
670 380 1405 567 Kantzley Franstator.
599 576 1440 761 Vor ohngefehrt 5. Machen seyn er¬
541 688 1430 860 auf der Hreytag-Schantz gebehen,
529 794 1450 986 looselbst er sich biß nach 8. Uhr aufe
538 897 1424 1061 gehalten; Im Hheim sehen habe ihren
545 1000 1441 1156 der sich auch dort eingefundene
539 1089 1438 1260 Marcband Vermer gesagt, Er
548 1206 1442 1348 nochte ihme etbas eößnen, daer¬
540 1306 1441 1432 aber gesehen, daß der Mermer
539 1389 1440 1516 Zimlich starck mit Mein übernommen
539 1483 1379 1626 habe er ihme verneutet, er solle
549 1582 1453 1727 auf Morndrigen Tag zu ihmen komme,
631 1677 1440 1829 Wermer habe sich aber ersetzt,
550 1770 1429 1916 nesch selbigen Abend mit ihme zu¬
549 1870 1443 2003 reden; Woraufhin er ihme Depor¬
531 1969 1440 2107 nent noch Hauß begleitet. Da¬
551 2079 1389 2191 Er dann in sein deß Deponentin¬
539 2153 1436 2285 Schreib- Stuben ihme alsobald ein¬
531 2257 1441 2389 Eis zu gemüthet, welchen er aber¬
537 2361 1433 2497 auß geschlagen, sagend: Er seye
527 2458 1427 2613 Nemand einen Eys schuldig als¬
536 2521 1437 2673 Gott und seiner Oberreit; Nachten
528 2630 1441 2797 Er von dem Ers abgestanden undt
512 2715 1429 2881 gesagt: Er halte ihne Deponent¬
518 2822 1421 3018 vor einen Ehrlichen Mann, habe¬
531 2903 1433 3094 ernachberthr angefangen zusach
518 3005 1433 3194 die Alten Bürgerlichen Hrisite
1749 299 2487 459 Franslator Braast.
1629 443 2556 598 so mann biß hiehin durch Repra¬¬
1629 547 2542 665 Sentationen nicht habe erhalten.
1628 652 2549 760 können, mußen nun dermahlen¬
1642 729 2565 865 mit dem Schwerdt erobiret berden,
1632 842 2535 973 darzu seyen bürcklich Bohl 200
1631 941 2526 1078 oder 300. die sich verpflichtet und
1610 1038 2486 1164 zusamen verschwohren, Denne.
1621 1133 2545 1268 habend sie bürcklich die Vier Land¬
1626 1233 2432 1354 "Gricht zu ihrer Disposition,
1610 1317 2533 1451 Item auch die Statt Macht. Morü¬
1625 1415 2475 1552 ter Er Deponent ihme gesagt, Er¬
1605 1510 2466 1648 solle das Niemand sagen, sonsten¬
1616 1604 2538 1717 könte er in großes Ungleibkommen.
1598 1693 2506 1829 Darauf habe der Wermer 2. Pisto¬
1617 1788 2525 1920 dlets aus seinen beyden Taschen ge¬
1605 1885 2520 2006 zogen, und selbige ihme Deponent¬
1620 1972 2472 2099 auf die Srust gesetzet, mit Ver¬
1601 2063 2514 2182 "melden: Voila, come nous Somes¬
1600 2162 2447 2273 Armes, so gleich aber die Pistolets¬
1608 2242 2444 2369 bieder in seine Sach gesteckt, und.
1599 2328 2547 2461 seye davon gegangen. Welches alles
1607 2423 2534 2542 Ihne Deponent nicht nur besteiffet,
1607 2516 2443 2645 daß der Mermer voll Meins,
1592 2596 2490 2725 sondern gar auf die Gedancken¬
1607 2690 2534 2825 gebracht, Er seyn ein Karr Borten¬
1745 2783 2452 2913 Zinstags darauf seÿn Er
1604 2869 2516 2997 Mernier bieder zu seinem Hauß¬
1601 2972 2522 3092 gekommen, habe angeklopffet und
1605 3066 2532 3200 ihme nachgefraget; Er habe aber eben
2301 3176 2436 3334 2
2517 285 2662 395 383)
