3024 4032
332 240 471 320 378.
680 248 1364 438 Boltz -Marchand.
550 361 1437 565 mit denen Memorialioten gangen s.
534 458 1432 683 Der Wermer habe darauf gesagt: Er¬
545 574 1430 775 siye ganth andern, und Man berde¬
545 678 1430 869 es auch anders vornemmen; Er Be¬
540 777 1438 959 ponent aber erbiederet, Was ihm
545 893 1430 1043 belange, so habe er nichts zuklagen,
536 980 1431 1151 seyn mit seiner Oberkeit Bohl zu
539 1082 1446 1238 frieden; Uns als nach dießem
551 1189 1454 1324 das Thor Bald habe Beschloßen ber
539 1279 1378 1439 den sollen, seyn er zurück nach¬
545 1377 1439 1523 Hauß gegangen, Sinthero habe
554 1481 1448 1615 ihme zwar der Wernier etwelche
531 1575 1453 1715 Mahl bey Hauße nachgefragt, Er¬
548 1673 1438 1802 habe sich aber verlaugnen laßen.
703 1762 1446 1893 Auf befragen, Ob Vermer-
542 1869 1435 1980 ihme nicht ein Eyd oder Gelübet zu¬
544 1955 1442 2093 gemuthet? Versprache er sich ein¬
542 2054 1439 2151 Sonder der Mermier hhabe ihmen nur¬
546 2139 1454 2281 die Verschloegenheit an Recomendirt
544 2251 1451 2371 welche er ihme ohne Abstattung eines
532 2318 1443 2468 Erdes oder Gelübdes versprechen;
530 2428 1443 2538 Und als der Wernier ihme gesogt¬
533 2519 1445 2664 Er wolle ihme unter der Verschbiegen¬
510 2603 1415 2762 heit etbas erößfnen, habe er der¬
518 2695 1423 2857 ponent sich eingebildet, er bolle¬
525 2788 1427 2941 ihme im Vertrauben sagen, daß¬
531 2882 1431 3040 er etban begen übelen zustandet si
522 2966 1430 3154 Handlung sich davon machen bold¬
627 3051 1416 3250 Vnd Urigen beheuge Er big
507 3157 1410 3362 seinem Guten gelißen, daß Er se
1716 316 2381 468 Boltz -Marchand.
1632 439 2500 568 Abänderung der Regierung nichts
1622 539 2477 680 gehöret, auch sonsten kein einziger
1618 623 2558 774 Mensch von dießen Sachen mit ihme
1625 722 2575 861 geedet; Wohl habe ihme der Werund
1638 843 2541 962 annoch gesagt; Er seyen Brate Leuth
1635 939 2561 1070 darinnen Interessirt, Als zum Exem¬
2307 1038 2372 1090 0
1625 1041 2482 1166 pel die Hh. Marchands ueter,
1622 1131 2550 1250 Buße auch beiters hierüber nichts¬
1690 1222 2441 1351 Abgelesen und bestätiget.
1644 1326 2489 1487 Actum d. 29ten July. 1749
2532 262 2636 372 377.
