3024 4032
414 283 536 363 158.
635 270 1395 491 Miheli duCrest.
420 333 595 492 3 2
533 465 1519 620 Pon et exclut toute Cmulation dans um¬
548 560 1475 712 Republique, et quun ayant raisonnri
556 661 1479 815 aver le Capit. Handii a neufehatee i
550 767 1457 930 avoit pari se renyer a son Sentiment
563 871 1529 1047 Que sareponse ne peut point etre relatin
446 892 552 1024 2
551 989 1476 1121 a ce que fucter a declare avoir dici de lui
542 1083 1490 1245 quele Cupl. Händii vouloct aller an fait
544 1183 1505 1318 tandis que lu vouloit mettre auparava,t
548 1273 1458 1417 ces affuires par cirit et en ordre, puis que
550 1362 1470 1523 deprojeiter detublii le Sort ne peut point
535 1481 1024 1607 Pappeler aller an fait.
426 1591 1466 1742 l quil convenoit. que cela ne quadicit poent
542 1688 1473 1810 ais quil navoct amiune Idie, davoir dit
520 1765 1490 1906 afueter que leCapl Handi vonloit aller
515 1859 1443 2004 an fact, et quil navoit auiun Interet la
517 1949 688 2064 dedans
518 2051 1483 2194 sil na point prete Serment a Liutl. fulter
392 2018 526 2204 2
508 2151 1243 2300 ou a quelquiin des conjures
393 2269 1453 2443 Que non, quil sen rapportort a ces priue¬
493 2396 961 2502 dentes Declurations.
391 2495 1471 2668 Hil ne Sest pointengage de preter Sermer
488 2592 983 2703 avant EExecution.
353 2725 463 2870 B.
483 2707 712 2856 Que non
358 2840 1465 3010 R Sil na pas promis dentrer dens les menus,
453 2964 1357 3100 quon prendroit pouer (Execution.
354 3065 743 3246 R Lece non.
312 3203 1399 3395 2 Pib nest pas oblige de Sadvouer tres
1204 3308 1454 3469 Enprale
1530 2473 1612 2601 2
1533 2779 1599 2931 2
1567 1591 1635 1698 8.
1582 827 1642 1009 2
2696 106 2845 248 159.
1847 218 2571 459 Migel dused
1592 365 1683 452 11
1596 347 1802 523 be
1676 361 2822 656 Coapable de setre meli de cella affaice non
1689 502 2735 719 obstant ses Engagements, et la promesse
1666 593 2563 822 formelle quil afacte et Signe?
1681 730 2790 959 Cujl ne pouvoit pas en consuenie Sadvouer
1662 823 2770 1066 Coupoble la ou il se cioyat inoient, quil
1675 957 2780 1148 reles avoct point incitte ni conseille sur
1670 1065 2274 1272 les mayens dlaecution.
1577 1182 2773 1413 2 Die ignoroct, quayant connoissanie dun
1640 1331 2791 1487 pareit Complorton nedoit point le ieler, mais
1659 1434 2803 1569 an contruire en informer le Souverain
1654 1555 2755 1714 Quetant egalement Combourgeois des uen
1656 1679 2773 1815 Adesautres, il ne pouvoct pus dans cette, Occa¬
1647 1780 2742 1917 sion reveter a lun duns offenser lautee,
1646 1874 2777 2032 in fucre le vit office de delateur sans sedes¬
1649 1983 2761 2116 honnorer, et queie que fueter lui en avoit
1647 2073 2747 2221 dit etoct tant come Pie lavoit dit a une
1624 2202 2750 2336 pierre, quil nen avoit parle a pesone
1632 2288 2725 2423 ny aua un ny aua autres, ne voulant
1625 2367 2232 2520 point se meler de cela.
1639 2476 2776 2666 Si le Lieutl. fulter ne lui a pus declurer quon
1624 2616 2716 2792 Soutoit Mhunger l Gouvernement et en
1627 2677 2212 2849 Etablin un auhe 2
1621 2813 2718 3033 Que non, et quil navoit ete question que
1625 2902 2454 3133 du Decressement de leur Griefs.
1611 3039 2754 3313 Nachdeme er nun nochmahlen träffig ermant
1626 3157 2780 3389 borden, Frey und klarherauß zu reden, unter¬
1604 3311 2712 3506 noch mahliger Bedechung der Marter,
2506 3470 2684 3618 2.3
