3024 4032
338 366 472 486 190.
772 354 1205 485 Confrontation
494 414 1458 626 Marchand Vernier und Friseriis
773 536 1051 674 Küpster.
476 568 1474 778 Nachdeme nun die beyden Inquisiten
483 707 1507 892 Obiges Ablesend angehört, und bestähtige
477 797 1504 984 und Sie wieder an ihre Ohrt geführt son
485 894 1363 1063 und Baten demichtig em Buad.
689 1000 1490 1193 der Kupfer dann betheirete noch¬
483 1101 1484 1271 daß er, Obschon er im Complot gewesen,
484 1219 1463 1347 denoch in beinem so bösen vorhaben ge¬
470 1291 726 1437 standen.
725 1301 1516 1476 Waß ihne, diesem Verbund
481 1414 1515 1568 nnß beyzupflichten, Am mehreßten bestihe
472 1522 1492 1665 seye, daß man ihme gesagt, die Bräfsten
492 1612 1498 1774 Leuth, wie H. Horstner, Baudars und¬
485 1711 1495 1859 Andere seyen auch davon. Er habe
478 1801 1498 1965 auch den Wahren zuhalt deß Projects ine¬
490 1914 1496 2059 mahls recht gelaußt; Wann aber
477 2017 1501 2170 Eine hohe Oberbeit ihme Buad erweisen
462 2111 1507 2272 wolle, werde er Zeit seines Lebenstrachten
453 2202 1474 2362 seinen vergangenen fehler, durch eine
468 2300 1486 2462 Ohnunterbrochene Treul außzuschaften.
455 2428 1387 2601 Actum den 15t. Juliÿ 1749.
2603 249 2753 391 191
1752 358 2453 653 Cnsionlalion
1964 506 2261 631 Zbuschen.
1597 527 2663 797 Lieutenant Bueter und Johann
1708 669 2331 856 Sisterh Kupfer.
1560 753 2735 1013 Alß nun auß Anlaß obiger Zonschen Ver¬
1609 835 2782 1090 mier und Küpster vorgegangenen Confrontation
1596 948 2738 1186 der Küpter anach gesagt, daß der Lutl. Guter
1606 1046 2756 1285 ihm verdeutet, der Muhali Aebeite Auch fue
1594 1168 2756 1377 sie, Ist hierauf der Lieutl. Guter sogleich
1606 1297 2664 1486 hirüber gegen den Küpfer confrontirt
1612 1401 2750 1563 wrden; Da dann über getrubte Question
1613 1469 2775 1636 An Lientl. Guter: Ob er obiges dem Kupfer
1598 1593 2713 1776 vom Michelli geredet, nemlich, daß er
1607 1699 2684 1867 gesagt, Er arbeite auch für sie; hat der
1592 1794 2725 1961 Fietl. Bueter geantwortet, Er köne sich
1610 1893 2751 2012 einmahl daran nicht erineren, Wauer aber
1610 1997 2697 2160 das jetz geredet, so solle Kupfer sich nur
1605 2076 2732 2200 trunten, Er werde einmahl anders nicht
1606 2180 2758 2336 gesagt haben, Also der Micheli könte wohl
1593 2282 2689 2418 Pürstie arbeiten, wan er aber postio
1607 2365 2735 2517 Gesagt habe, der Mihali arbeite für sie,
1590 2474 2568 2619 so habe er die ohnwahrheit geredet.
1601 2562 2732 2726 dabey hat der Kürffer dem Lieutl. Guter
1607 2672 2761 2829 Vorgehalten ob er nicht auch gestehen müße
1616 2772 2729 2930 daß, da er Kupfter zu verschiedenen mahlen
1594 2873 2719 3042 sich vermeldet, Es dunbe ihne gefährlich, Es
1602 2965 2741 3153 seyn Glone der Constitutionen nicht berichtet,
1611 3057 2660 3245 Hann er aber dieselbe werde gesehen haben
2660 3138 2689 3242 i
1611 3142 2781 3363 Alsdann wolle erschauten, Ob er damit zu thun
1601 3244 2672 3436 haben, und ob man nichts alß rechmäßige
1613 3316 2794 3558 Sachen, die Mann vor Bots und der Ehebaren
