3024 4032
357 1328 409 1446 1
365 455 587 581 1. 414.
680 405 1433 607 Keutemant Budler
458 524 1528 769 d Sogleich habe der Haubtman Haud ein
579 640 1544 829 mandat, so er parat gehalten hätte, Allen
587 726 1527 905 Orten im Land publiciren laßen sollen.
586 810 1537 1026 durch Belchet alsonderlich die Hhl. Land tögt
567 923 1522 1086 Bären ermahnet Borden, still zu bleiben
581 1017 1538 1186 und das Landvoll zu hinterhalten, sich nih
577 1119 1524 1300 in Bürgerliche Sachen zu mischen, Deme,
559 1216 1527 1381 nach hätten sie auch so gleich in der Großen
556 1323 1198 1480 Kech Gemeind gehalten.
582 1497 1522 1648 Obdieses der gefaßte Entschluß ihrer Ver¬
457 1531 557 1684 .
570 1622 1099 1753 sammlung gebesten?
564 1785 1523 1946 Das seÿe nur der Einten oder andern Mei¬
415 1812 565 1989 B.
555 1904 1535 2054 nung gelesen; Allein man habe sich noch
526 1979 1517 2150 zu nichts Eigentliches verglichen; der¬
509 2081 1531 2234 haubtman Haudz habe versprochen Verschro¬
530 2191 1491 2335 Mandat parat zu halten, mit verdeuten,
523 2298 1529 2424 Vermittlest deren berde alles in der stille
514 2392 1533 2535 ablauffen, Auch habe er angerahten, diese
495 2495 1496 2639 sin Project in der nacht, (: damit der
491 2592 1498 2749 Schrebe Gegster, und Niemand erscheine,
484 2690 1534 2854 außzuführen, Andere aber boltenselbi¬
471 2797 1535 2958 ges Morgens ums 3. Uhr, und die dritte
476 2888 1523 3063 des heiteren Taget, alldrbeil Meythl auß
467 3000 1530 3176 dem Rahthauß waren verstammlet geleste
452 3141 847 3294 außzuführen.
314 3338 1523 3535 I. Er habe gesagte eErstache nur in Zbegen
2657 368 2774 483 4. 5.
1727 403 2592 578 Lieutenant Gulter.
1680 558 2749 700 Versamlungen gelesen, Ob er sonsten von
1687 661 2708 804 keiner andern Versamlung, so gehalten
1688 746 2158 881 borden büße 2
1719 893 2772 1090 Bey seinem Bußenseyn sonsten auch beine
1587 894 1694 1088 R
1694 1013 2711 1163 fernere Versamlung gehalten worden.
1580 1188 2812 1355 E. Ob ihme nicht noch andere Burger und Per¬
1677 1295 2806 1453 sohnen Äußert denenjenigen hieobvernamse¬
1682 1398 2803 1543 sten Persohnen so sich in denen Versamlungen
1691 1491 2817 1636 eingestelt, berant steyen, Welche zwahr nicht
1682 1593 2834 1754 die versammlungen Bestuchen wollen, denoch
1695 1685 2829 1851 aber versprochen, daß allenfahls sie sich ein¬
1675 1807 2739 1947 stellen, und sie unterstühen werden.
1576 1980 2812 2142 R. Ja, deren steyen viele, luße aber nicht
1691 2100 2783 2253 Ob sie Eydlich dazu verbunden worden,
1696 2203 2264 2329 oder nit; Also
1656 2309 2256 2493 Punbi der Mehger
1659 2439 2416 2584 Wiegstam, der Suttler.
1669 2540 2398 2729 Alh der Kupferschund.
1642 2675 2837 2867 Köntestie alle nicht nauchten, der hauben
1695 2798 2843 2988 mann Handzi aber habe ihme gesagt, der
1673 2918 2775 3071 Verbündeten seyen Albereit 42. die den
1676 2999 2826 3178 Sund Geschwohren haben, Äußert obigen
1674 3114 2851 3271 G. Welche zwar den Knd nicht geschworen,
1695 3209 2864 3388 denoch sich einzufinden, und sie zu Sonte¬
1683 3331 2806 3488 einen Versprochen, seyen nochstoviel
2662 3467 2830 3613 abs
