3024 4032
294 312 426 445 50.
579 354 1385 531 Freutenand Gruter.
300 508 1490 664 R. So gleich als einer für das erste mahl daher
458 632 1511 751 gekommen, habe mann ihme den Eyd intimi¬
451 723 1515 861 welchen seines bußens, alle ohnsterbeigen
437 819 1502 953 Prastirt, Einmahl habe ie gegen Niemand
439 916 1496 1052 gestehen deßhalber gebalt außüben, oder
462 1016 1274 1149 deßen jemand zu bednohen
340 1192 1510 1350 L. Ob in der in deß Marchand Wermiers hau¬
458 1307 1480 1445 gehaltenen Versammlung einer nicht zu
443 1408 1537 1560 praestation desEydt, mit zweyen ihme au
460 1511 1510 1671 die Brist gehaltenen pistolen angehalten
466 1627 739 1738 worden?
475 1770 679 1875 kein.
304 1734 428 1935 B
329 1890 1517 2078 EErstagen er habe eine von deß haubtman¬
441 2007 1526 2165 Handhis liste abgeschrieben, Auß welcher alle
450 2115 1520 2256 die Verbundte aufgezeichnet sich befinden
445 2205 1532 2356 und denoch habe er außert denen, so in dem
443 2301 1523 2460 Versamlungen gewesen, nur vier enzige ge¬
466 2408 1541 2574 naucset; Es seye ihme nicht zuglauben, daß
431 2522 1534 2680 Er sich sonst an Niemand ereinere, zumahl¬
435 2625 1517 2803 Es ihrer sehr viele auf gedachter liste
440 2739 1108 2908 auffgezeichnet waren?
301 2934 1542 3158 E. Er gestehe, daß deren sehr veiele seynn
438 3046 1532 3238 und ersie alle kenne, Allein er¬
428 3117 1538 3331 Versinne sich gar nicht an sie, Bau
412 3228 1531 3473 Er sie aber hörete nambsten, so burd
1387 3398 1530 3535 guber
423 3397 1095 3561 er sich wohl besinen.
2634 328 2769 455 Et.
1772 372 2596 554 Lieutenant Püeter.
1651 562 2597 706 Actum den 55 July 1749.
1648 706 2758 853 Den 1 1 dito Ihme nochmahlen völlig
1661 820 2790 974 abgelesen, und durch ihne den Inquisiten
1656 925 2161 1070 völlig bestähtiget
