3024 4032
376 321 521 405 148.
533 311 1384 526 Maheli duCiest
371 392 534 505 2 6.
502 496 1474 660 d Depresentations a lui facte par Mons
515 618 1477 755 le Grand Sautier et les Menares qui lui fir.
503 705 1479 852 gpul Serait derechef transporte a Aarbourg
509 800 1502 950 encus quil ne vocilut pas Signer le nouvcau
500 884 1447 1039 formulaire qui lui aportait, par oce it
509 1009 1441 1108 auroit renonie a tous ies Droct, cequi
499 1096 1446 1218 ne voulut pas faire jl aurot offert de
482 1191 1446 1337 Signer le premiere Artile de laDeclaration
504 1275 1473 1401 quil avoit fait a Aarbourg Sans Explication
510 1356 1458 1489 que ce reduit a ceuj: Je Sousigne Declare
504 1436 1447 1603 et promets formellement, de nentieteni¬
502 1544 1365 1697 aucune Corespondance Suspecte, ni¬
495 1681 1450 1788 navor de Conversation dangereuse avee
490 1737 1351 1887 persore ce que L. L. C. E. auroient
478 1875 741 1996 auepa
391 1962 1443 2127 Arome je avoit observe et Engugement:
372 2103 1260 2274 RQuil Cavoit fort bun observe.
395 2251 1438 2408 d Douquoy donc il Tetoit embourbe aveel
473 2368 1359 2493 Lieutl. Bueter dans cette malheureuse
462 2454 1005 2593 assluire en question
353 2595 1437 2744 Quil re pretenooit point Sy etre enboerei,
447 2683 1380 2838 tout ie quil avoit fait a ce sujet, etort
439 2791 1427 2913 davor conscille a fueter, quil devivient
440 2859 1438 3010 avoer pour Chef. un home de Distenction s.
422 2974 1421 3108 parleslumieres du quel il falloit se conduire
328 3116 1423 3261 . Mais quil mgnoroet pas, quil ne falloit
390 3225 1430 3376 pus confeller au Gens que entreprenoier
1322 3328 1405 3406 des
2635 174 2778 307 179
1753 265 2580 492 Micheli du Credt.
1519 357 1710 528 122.
1565 446 2706 656 des Affaires de Kranchison contre leier
1641 536 2731 743 saverain, et quau contracie on doct
1624 647 2684 825 lesfaile concitre poue prevenir les suctas
1638 744 2746 967 dangereuses que des Choses de cette nature
1645 893 2240 1051 trainent apres soy 2
1638 1026 2755 1177 Quil avoit des Engagements des Deua cotis
1624 1147 2563 1305 tunt avec les Pourgeois quavee le
1615 1242 2661 1401 Mlagistrat, envectu des traittes de
1615 1331 2681 1501 vom Bourgeoisie qui subsistorent entre
1620 1447 2715 1592 les Avojers Conseil et Bourgeois de Terne
1612 1532 2700 1686 June part, et les Syndics, le Conseil les
1604 1664 2665 1777 Bourgevis et toute la Communante de
1601 1741 2652 1913 Geneve dautre part: que ce Traitte
1609 1854 2693 2002 qvoit ete conclus paresement a mains
1602 1971 2690 2111 levees entre toutes les parties, que chaque
1594 2042 2726 2189 partie etoit oblige de ce preter reuproquemen
1581 2143 2677 2297 Secours et Assistanie pou la mantention de
1580 2245 2708 2372 da liberte et de ces Drocts legitimes, et que
1572 2325 2679 2478 par CArtiele 8 an 9. il etoit Stipule ex,
1575 2409 2708 2586 pressement que chaque partie conserveroit
1582 2519 2684 2712 tes Drocts pur consequant, que Pagissant
1582 2611 2681 2787 ra dune querelle civille, ou les Baugeas
1564 2703 2686 2889 de Perne puroissorent revendiquer des Drocts¬
1567 2807 2694 3009 qui lin puroissorent legitimes et bien fondes
1562 2897 2666 3101 rene pouvoit pointreveter, ce qui pouvoit
1545 2997 2671 3199 tendie a leui faire detort, sans trahir ses
1559 3094 2654 3314 Engagements, et quil ne lue avoit dailleurs
1539 3205 2642 3413 pant parie quil eeut dans leur dessein
1557 3282 2623 3464 Aucune affaire de Frachison contre la
1555 3369 2054 3524 Viluce Bane
