3024 4032
373 314 505 422 136.
628 325 1176 521 Christen Goch.
490 508 1523 674 Corpder guerde gesagt. Wann er schleigen
521 636 1500 786 und nichts offenbahren wolte, so berde er
521 736 1520 887 ihme ein andermahl ein Mehrersstagen
493 828 1467 968 Hierauß der Lieutenant Zueter die Haus
504 940 1478 1077 aufgehalten, und ihne den Inquisit auch
493 1041 1496 1173 geheißen seine Hand aufzuhalten, belchen
509 1126 1475 1272 er gethan, und versprochen Niemand et¬
511 1205 1470 1374 bas davon zu sagen; Einen Eyd aber
524 1327 1493 1478 habe er nicht geschworen, noch den heiligen
513 1409 1481 1555 Nahmen Bottes zum Zeugen angeruffen
514 1516 1475 1656 Von dem Übrigen der Lieutl. Zuetern
498 1612 1503 1720 Vorhaben aber habe er ihme nichts eröffnet.
472 1700 1478 1857 Wahr steye zwar, daß er versprochen, mit
490 1799 1441 1923 Dem FreyWeibel und anderen Landt¬
475 1884 1429 2043 Luthen zu reden, wegen deß Reiß¬
468 1980 1461 2108 gelts, und daß er hernach dem Lieutl
468 2067 1465 2222 hueter Juruck gebracht, Er habe mit dem
453 2167 1468 2298 Brey Weibel davon geredet, belches er¬
475 2242 1437 2410 aber in der That weder gethan, noch
453 2325 1476 2503 innd gewesen solches zu thun; Auch habe
466 2448 1424 2573 er ihme gestagt, Megshl. Wollend die¬
447 2538 1444 2682 Sann Zehnlen, und am Call auf den
447 2630 1453 2796 Herd legen, von jeder Imharten so¬
371 2717 426 2830 si
435 2727 921 2856 viel, oderso viel
314 2827 1427 3076 Ab er nicht gestehen müße, daß er
435 3009 1465 3170 unter Anrufdung Göttlichen Nahmen
403 3099 1445 3285 dem Lieutl. Bueter den Eyd geschworen.
315 3201 652 3350 8 Nein.
1306 3281 1437 3427 In
1537 1670 1640 1862 2
2665 -40 2833 76 17.
1716 143 2489 490 Ahistelg
1621 283 2796 665 electe
1622 414 2735 765 sege
1630 506 2766 873 geitben d
1627 663 2682 966 der Keutl. Bueter dem Kloch einen
1616 696 2790 1056 sh hdegshehen den
1616 872 2719 1144 wer derselbe die hand aufgehalten
1616 995 2701 1283 allein aber die vorgesprochenen Wort
1620 1179 2200 1379 nicht nochgestrochen.
1642 1317 2723 1544 Ob er sonsten keine Weitere bekandt¬
1627 1494 2194 1656 schafft hier von habe
1625 1666 2683 1854 Nein) im geringsten nicht; habe
1614 1802 2510 1966 alles gestagt, was er gewußt.
1611 1958 2750 2149 Sitte demnehtig, daß ihme doch seine
1589 2108 2653 2263 Stell in der Stattwacht möchte
1611 2201 2127 2330 conservirt werden
1624 2349 2484 2540 Actum sub eodem dato.
