3024 4032
367 242 464 345 314
697 209 1292 404 Emariuel Icht
533 431 1427 632 selbige Supplicando zu suchen, von Mah¬
533 567 1325 701 wrerim aber habe er nicht gehort¬
497 693 1422 914 Eon Zeichen anden Pfeileren büße
538 858 1433 1016 er auch nicht das geringste; von dem
533 963 1444 1116 Zeichen aber, boran Mann Einander erkenne
536 1072 1448 1226 solle, nämlich von Auf, und zuthrung der¬
508 1151 1443 1320 Knopffen oben am Rock seyn geredt borden,
699 1265 1422 1424 Weiters habe Man auch gesagt:
531 1363 1434 1515 Ein Jeder solle etban ein Project aufsetzen
537 1455 1371 1592 bie die Verbeßerung der Bürgerlichen
533 1563 1159 1691 Beeyheiten zu erhalten seyn.
546 1747 1429 1884 Er habe biß hiehin nur von einem gethanen¬
442 1757 525 1889 9
536 1849 1438 1965 Gelubdt geredet, Ob Er dan keinen Eyd ge¬
534 1935 766 2057 oen?
436 2127 1417 2254 R: Ja, Er habe der Eyd leichtsinniger Musdi
541 2222 1412 2348 der Versamblung geschwohren, bas aber
538 2314 1422 2452 sothaner Eyd in sich gehalten, könne er
517 2429 1028 2552 gar nicht mehr sagen.
561 2587 1435 2715 Ob Er nicht von einer annoch zu holtendn
433 2591 525 2747 9
533 2689 1026 2823 Versamblung gehört?
539 2849 1412 3000 von einer Anderen Versamblung halder¬
439 2857 525 2990 2
535 2977 1419 3106 nicht gehört, Man habe gesagt, es seyn gu¬
506 3071 1364 3220 gung, daß man in einer gebesten seyd.
1497 2870 1567 2991 9
1501 3032 1584 3186 2
1516 1862 1582 1988 2
1513 2132 1583 2251 H
1526 579 1596 690 7
1532 724 1613 857 2.
1518 1054 1593 1164 9
1539 1286 1609 1419 2
2489 268 2623 384 215.
1709 282 2266 463 Emanuel Ochs.
1635 492 2519 640 Ob Er beine Sack, Pistoleto gesehen?
1634 684 2571 863 deß Wernier Sach- Prötolchs habe er auf
1615 802 2144 930 dem Sisch ligen gesehen.
1631 980 2550 1139 Man und bie dieser Project habe sollen
1613 1091 2122 1228 auß geführt berden?
1625 1289 2501 1413 Von dem Tag oder der Zeit der Außfuh¬
1616 1395 2511 1520 rung deß Projects habe Er nichts gehört
1616 1485 2521 1605 Man habe ihme gesagt, er solle auch trachten
1619 1580 2488 1705 Reuth anzuberben, welches er aber nicht
1601 1666 2481 1805 gethan, und Niemand daten gereck habe.
1608 1862 2450 1988 War der Innhalt deß Beschloehrem Ercks
1614 1953 1830 2064 gebehen ?
1619 2114 2473 2257 Er habe den Eydt zue Verschliegenheit, und
1586 2216 2471 2341 zur Knach gegen die, so das geheimeß Ver¬
1591 2307 2435 2438 rathen burden, bin auch außführen zu¬
1588 2395 2480 2529 helffen, gethan; Von Ablefung eines
1607 2488 2472 2602 xecution, Projecto, oder Samel, Plath,
1609 2592 2465 2736 Sie auch von einem Kynal habe er nichts
1602 2689 1905 2796 gehört reden.
1604 2849 2478 3014 Ob nichts von dem, so geredt, auf geschrieben¬
1606 2961 1806 3066 worden?
1607 3054 2499 3173 kein. Man habe gesagt, Man solle kleine
1602 3151 2483 3298 Versamblungen halten, und nur etban hbey
1616 3239 2226 3366 und Hlony zusamen kommen.
2329 3248 2513 3402 Von
