<?xml version="1.0" encoding="UTF-8" standalone="yes"?>
<PcGts xmlns="http://schema.primaresearch.org/PAGE/gts/pagecontent/2013-07-15" xmlns:xsi="http://www.w3.org/2001/XMLSchema-instance" xsi:schemaLocation="http://schema.primaresearch.org/PAGE/gts/pagecontent/2013-07-15 http://schema.primaresearch.org/PAGE/gts/pagecontent/2013-07-15/pagecontent.xsd">
    <Metadata>
        <Creator>prov=University of Rostock/Institute of Mathematics/CITlab|PLANET AI GmbH/Gundram Leifert/gundram.leifert@planet-ai.de:name=Transkribus German Kurrent M2(htr_id=29820)::::v=2.6.7
prov=University of Rostock/Institute of Mathematics/CITlab|PLANET AI GmbH/Tobias Gruening/tobias.gruening@planet-ai.de:name=de.uros.citlab.module.baseline2polygon.B2PSeamMultiOriented:v=2.6.7
prov=University of Rostock/Institute of Mathematics/CITlab|PLANET AI GmbH/Gundram Leifert/gundram.leifert@planet-ai.de:name=Kurrent_1515_ENHG_v3(htr_id=40510)::::v=2.6.7
prov=University of Rostock/Institute of Mathematics/CITlab|PLANET AI GmbH/Tobias Gruening/tobias.gruening@planet-ai.de:name=de.uros.citlab.module.baseline2polygon.B2PSeamMultiOriented:v=2.6.7
prov=University of Rostock/Institute of Mathematics/CITlab|PLANET AI GmbH/Tobias Gruening/tobias.gruening@planet-ai.de:name=/net_tf/LA73_249_0mod360.pb:de.uros.citlab.segmentation.CITlab_LA_ML:v=2.6.7
Transkribus</Creator>
        <Created>2022-05-02T15:17:50.520+02:00</Created>
        <LastChange>2022-09-12T15:21:07.862+02:00</LastChange>
        <TranskribusMetadata docId="1334849" pageId="52362831" pageNr="73" tsid="114644695" status="IN_PROGRESS" userId="9570" imgUrl="https://files.transkribus.eu/Get?id=BQMTLYXJTDPYRFRLVXKCBZPI&amp;fileType=view" xmlUrl="https://files.transkribus.eu/Get?id=TVWFHVASFZSJKDFECETCNKTX" imageId="30687336"/>
    </Metadata>
    <Page imageFilename="IMG_5773.jpg" imageWidth="3024" imageHeight="4032">
        <ReadingOrder>
            <OrderedGroup id="ro_1687513634589" caption="Regions reading order">
                <RegionRefIndexed index="0" regionRef="r1"/>
                <RegionRefIndexed index="1" regionRef="r2"/>
                <RegionRefIndexed index="2" regionRef="r3"/>
            </OrderedGroup>
        </ReadingOrder>
        <TextRegion orientation="0.0" id="r1" custom="readingOrder {index:0;}">
            <Coords points="384,2588 384,3326 482,3326 482,2588"/>
            <TextLine id="r1l1" custom="readingOrder {index:0;}">
                <Coords points="389,2719 417,2726 449,2712 461,2719 469,2712 488,2714 486,2572 462,2581 443,2600 418,2610 408,2621 387,2623"/>
                <Baseline points="396,2688 424,2690 452,2688 480,2688"/>
                <TextEquiv>
                    <Unicode>2</Unicode>
                </TextEquiv>
            </TextLine>
            <TextLine id="r1l2" custom="readingOrder {index:1;}">
                <Coords points="390,2972 415,2958 435,2967 490,2957 489,2803 469,2806 449,2821 435,2813 425,2819 388,2818"/>
                <Baseline points="396,2904 424,2903 453,2903 482,2903"/>
                <TextEquiv>
                    <Unicode>E</Unicode>
                </TextEquiv>
            </TextLine>
            <TextLine id="r1l3" custom="readingOrder {index:2;}">
                <Coords points="385,3317 399,3312 422,3317 437,3299 460,3292 427,3118 399,3122 393,3131 381,3132 367,3148 353,3151"/>
                <Baseline points="384,3276 415,3265 447,3264"/>
                <TextEquiv>
                    <Unicode>2</Unicode>
                </TextEquiv>
            </TextLine>
            <TextEquiv>
                <Unicode>2
E
2</Unicode>
            </TextEquiv>
        </TextRegion>
        <TextRegion orientation="0.0" id="r2" custom="readingOrder {index:1;}">
            <Coords points="443,309 443,3487 1559,3487 1559,309"/>
            <TextLine id="r2l1" custom="readingOrder {index:0;}">
                <Coords points="438,391 472,388 486,379 495,380 502,373 521,369 565,366 562,322 550,328 534,316 527,318 519,311 478,304 461,315 449,311 432,317"/>
                <Baseline points="443,362 471,362 500,360 528,356 557,353"/>
                <TextEquiv>
                    <Unicode>140.</Unicode>
                </TextEquiv>
            </TextLine>
            <TextLine id="r2l2" custom="readingOrder {index:1;} person {offset:0; length:14;}">
                <Coords points="650,468 803,452 835,479 959,448 1028,492 1105,468 1226,502 1365,466 1447,519 1495,512 1496,357 1351,318 1252,369 1100,297 969,319 880,286 651,357"/>
                <Baseline points="657,447 698,446 740,443 781,441 823,440 864,438 906,437 947,434 989,433 1030,432 1072,432 1114,432 1155,432 1197,433 1238,435 1280,438 1321,442 1363,446 1404,452 1446,458 1488,467"/>
                <TextEquiv>
                    <Unicode>Michel duCresl</Unicode>
                </TextEquiv>
            </TextLine>
            <TextLine id="r2l3" custom="readingOrder {index:2;}">
                <Coords points="437,485 458,490 473,476 496,484 514,482 520,476 542,475 553,464 594,469 594,406 573,408 532,377 524,380 512,372 478,399 471,395 437,405"/>
                <Baseline points="444,452 472,458 501,458 529,457 558,455 587,456"/>
                <TextEquiv>
                    <Unicode>N2 G.</Unicode>
                </TextEquiv>
            </TextLine>
            <TextLine id="r2l4" custom="readingOrder {index:3;}">
                <Coords points="557,642 615,669 1146,603 1264,653 1345,613 1557,688 1558,565 1483,585 1274,482 989,546 930,508 859,553 788,522 622,534 558,487"/>
                <Baseline points="564,624 613,624 662,624 712,622 761,620 810,617 860,614 909,611 958,608 1008,606 1057,603 1106,602 1156,602 1205,603 1254,605 1304,608 1353,614 1402,622 1452,632 1501,643 1551,657"/>
                <TextEquiv>
                    <Unicode>Redressement et coment il falloit </Unicode>
                </TextEquiv>
            </TextLine>
            <TextLine id="r2l5" custom="readingOrder {index:4;}">
                <Coords points="573,731 760,767 806,735 906,800 1027,720 1256,719 1362,768 1435,728 1433,645 1396,640 1266,678 1180,654 573,685"/>
                <Baseline points="581,725 623,723 665,722 707,720 750,719 792,716 834,713 877,712 919,710 961,708 1004,707 1046,705 1088,704 1130,704 1173,704 1215,705 1257,707 1300,710 1342,713 1384,719 1427,725"/>
                <TextEquiv>
                    <Unicode>conduire pour parvenie an but</Unicode>
                </TextEquiv>
            </TextLine>
            <TextLine id="r2l6" custom="readingOrder {index:5;}">
                <Coords points="587,908 794,931 849,896 885,922 1052,887 1141,915 1281,883 1337,920 1522,915 1522,869 1302,794 1033,823 857,802 756,835 587,797"/>
                <Baseline points="594,885 640,885 686,885 732,885 778,884 824,882 870,881 916,879 962,878 1008,876 1054,875 1100,873 1146,873 1192,873 1238,875 1284,876 1330,879 1376,882 1422,888 1468,894 1515,902"/>
                <TextEquiv>
                    <Unicode>Doni quil lin avoit fait voirun</Unicode>
                </TextEquiv>
            </TextLine>
            <TextLine id="r2l7" custom="readingOrder {index:6;}">
                <Coords points="445,958 480,959 523,942 544,923 563,929 570,802 545,802 538,795 507,810 497,808 475,828 451,827"/>
                <Baseline points="456,887 481,891 507,892 532,893 558,893"/>
                <TextEquiv>
                    <Unicode>A</Unicode>
                </TextEquiv>
            </TextLine>
            <TextLine id="r2l8" custom="readingOrder {index:7;}">
                <Coords points="562,1008 1202,982 1399,994 1525,1053 1567,1026 1567,962 1444,960 1371,906 1317,949 1113,903 767,942 564,914"/>
                <Baseline points="570,978 619,978 668,980 718,980 767,980 817,978 866,978 916,977 965,977 1015,975 1064,975 1113,975 1163,977 1212,978 1262,980 1311,983 1361,988 1410,992 1460,1000 1509,1007 1559,1017"/>
                <TextEquiv>
                    <Unicode>papier contenant un Grand nombre des Qri¬</Unicode>
                </TextEquiv>
            </TextLine>
            <TextLine id="r2l9" custom="readingOrder {index:8;}">
                <Coords points="574,1088 744,1113 863,1078 927,1120 1086,1074 1369,1081 1534,1135 1535,1053 1303,999 575,1003"/>
                <Baseline points="582,1076 629,1077 676,1077 723,1077 771,1076 818,1076 865,1074 912,1073 960,1071 1007,1071 1054,1070 1101,1070 1149,1070 1196,1070 1243,1071 1290,1073 1338,1077 1385,1080 1432,1085 1479,1091 1527,1098"/>
                <TextEquiv>
                    <Unicode>et uu avoit dit, quil se tionvoet actuelle</Unicode>
                </TextEquiv>
            </TextLine>
            <TextLine id="r2l10" custom="readingOrder {index:9;}">
                <Coords points="587,1180 1165,1177 1268,1213 1329,1178 1556,1224 1556,1150 1400,1104 1260,1131 1209,1083 1117,1072 892,1145 823,1097 587,1092"/>
                <Baseline points="594,1169 641,1171 689,1174 737,1175 784,1175 832,1175 880,1175 927,1173 975,1172 1023,1170 1071,1169 1118,1167 1166,1167 1214,1167 1261,1168 1309,1169 1357,1172 1404,1176 1452,1183 1500,1190 1548,1199"/>
                <TextEquiv>
                    <Unicode>ment un bon nombre des Bourgesis bras</Unicode>
                </TextEquiv>
            </TextLine>
            <TextLine id="r2l11" custom="readingOrder {index:10;}">
                <Coords points="569,1282 860,1267 1034,1302 1153,1261 1256,1315 1380,1279 1546,1324 1548,1249 1232,1181 1028,1207 688,1178 570,1208"/>
                <Baseline points="576,1260 624,1263 672,1265 720,1266 768,1266 816,1266 864,1266 913,1265 961,1265 1009,1264 1057,1263 1105,1263 1153,1263 1201,1265 1250,1265 1298,1268 1346,1272 1394,1276 1442,1281 1490,1288 1539,1298"/>
                <TextEquiv>
                    <Unicode>et hommittes dens, qui dontrepartoient</Unicode>
                </TextEquiv>
            </TextLine>
            <TextLine id="r2l12" custom="readingOrder {index:11;}">
                <Coords points="566,1373 710,1370 761,1405 935,1365 1124,1367 1170,1411 1221,1379 1259,1410 1407,1381 1473,1415 1549,1400 1550,1350 1367,1284 1255,1315 1204,1281 942,1306 859,1267 730,1304 568,1281"/>
                <Baseline points="573,1359 621,1361 669,1361 718,1361 766,1361 815,1359 863,1359 912,1359 960,1358 1009,1358 1057,1358 1105,1358 1154,1359 1202,1360 1251,1361 1299,1364 1348,1367 1396,1371 1445,1376 1493,1382 1542,1389"/>
                <TextEquiv>
                    <Unicode>Jur le Redressement des dits Grieffs; etqua</Unicode>
                </TextEquiv>
            </TextLine>
            <TextLine id="r2l13" custom="readingOrder {index:12;}">
                <Coords points="563,1493 948,1452 1085,1500 1236,1448 1319,1507 1411,1470 1501,1483 1522,1424 1406,1384 1167,1413 855,1379 563,1434"/>
                <Baseline points="570,1460 617,1458 664,1457 711,1455 759,1453 806,1451 853,1449 900,1448 948,1446 995,1446 1042,1445 1089,1445 1137,1445 1184,1445 1231,1446 1278,1448 1326,1449 1373,1451 1420,1455 1467,1459 1515,1463"/>
                <TextEquiv>
                    <Unicode>pau eviter dentrer on plus longes diseu</Unicode>
                </TextEquiv>
            </TextLine>
            <TextLine id="r2l14" custom="readingOrder {index:13;}">
                <Coords points="573,1605 627,1573 797,1599 1108,1571 1391,1627 1534,1573 1534,1518 1437,1491 1312,1526 1199,1487 1121,1518 1057,1485 886,1508 850,1475 574,1497"/>
                <Baseline points="581,1554 628,1553 675,1553 722,1551 770,1550 817,1548 864,1547 911,1545 959,1544 1006,1544 1053,1542 1100,1542 1148,1542 1195,1544 1242,1544 1289,1547 1337,1550 1384,1552 1431,1556 1478,1562 1526,1568"/>
                <TextEquiv>
                    <Unicode>tions la desus aveo luu, il lin avoct repa¬</Unicode>
                </TextEquiv>
            </TextLine>
            <TextLine id="r2l15" custom="readingOrder {index:14;}">
                <Coords points="561,1702 742,1704 794,1673 1000,1710 1067,1675 1238,1711 1304,1683 1447,1731 1516,1710 1517,1657 1432,1603 1329,1630 1193,1581 1119,1619 925,1579 563,1601"/>
                <Baseline points="570,1653 619,1655 668,1655 718,1656 767,1656 817,1656 866,1658 915,1658 965,1658 1014,1658 1064,1659 1113,1659 1163,1660 1212,1661 1261,1662 1311,1664 1360,1667 1410,1669 1459,1671 1509,1676"/>
                <TextEquiv>
                    <Unicode>du quil avoit deja entendu parler des¬</Unicode>
                </TextEquiv>
            </TextLine>
            <TextLine id="r2l16" custom="readingOrder {index:15;}">
                <Coords points="556,1761 651,1804 775,1772 976,1817 1186,1779 1271,1810 1534,1799 1535,1737 1494,1720 557,1692"/>
                <Baseline points="564,1752 612,1755 660,1758 708,1760 756,1761 804,1763 852,1763 901,1764 949,1764 997,1764 1045,1764 1093,1764 1141,1764 1189,1765 1238,1766 1286,1767 1334,1767 1382,1769 1430,1772 1478,1774 1527,1778"/>
                <TextEquiv>
                    <Unicode>dits Griefs, dont la plus part lui parcisscren</Unicode>
                </TextEquiv>
            </TextLine>
            <TextLine id="r2l17" custom="readingOrder {index:16;} person {offset:26; length:7;}">
                <Coords points="539,1865 621,1890 896,1865 977,1911 1044,1880 1278,1900 1526,1884 1527,1825 1437,1792 1363,1830 1197,1783 1017,1822 790,1782 539,1809"/>
                <Baseline points="546,1844 594,1847 643,1850 691,1851 740,1853 789,1854 837,1854 886,1854 934,1856 983,1856 1032,1856 1080,1856 1129,1856 1177,1856 1226,1856 1275,1856 1323,1857 1372,1859 1420,1860 1469,1863 1518,1865"/>
                <TextEquiv>
                    <Unicode>bien fondes: Jur quoy lin Micheli Setor</Unicode>
                </TextEquiv>
            </TextLine>
            <TextLine id="r2l18" custom="readingOrder {index:17;}">
                <Coords points="544,1976 1140,1967 1263,2004 1536,1969 1536,1900 1437,1882 1182,1918 1071,1880 865,1920 832,1891 545,1897"/>
                <Baseline points="552,1935 600,1938 649,1941 698,1944 747,1946 796,1946 845,1947 893,1947 942,1947 991,1947 1040,1947 1089,1947 1138,1947 1187,1947 1235,1947 1284,1947 1333,1947 1382,1949 1431,1950 1480,1951 1529,1953"/>
                <TextEquiv>
                    <Unicode>explique, quavant loutes Choses il fallor</Unicode>
                </TextEquiv>
            </TextLine>
            <TextLine id="r2l19" custom="readingOrder {index:18;}">
                <Coords points="541,2037 720,2074 937,2048 1119,2096 1362,2048 1494,2092 1480,1979 1204,2014 1112,1982 1068,2014 1024,1982 803,1979 759,2011 703,1970 638,2011 541,2003"/>
                <Baseline points="548,2034 597,2034 646,2035 696,2036 745,2036 795,2037 844,2037 893,2039 943,2039 992,2040 1042,2040 1091,2042 1141,2042 1190,2042 1239,2043 1289,2043 1338,2043 1388,2042 1437,2042 1487,2040"/>
                <TextEquiv>
                    <Unicode>avar la pluralite des Suffrages et cela</Unicode>
                </TextEquiv>
            </TextLine>
            <TextLine id="r2l20" custom="readingOrder {index:19;}">
                <Coords points="536,2151 1133,2149 1208,2179 1342,2148 1526,2180 1528,2103 1478,2089 1371,2110 1314,2066 1119,2095 900,2063 712,2103 539,2037"/>
                <Baseline points="545,2129 593,2130 642,2130 691,2132 740,2133 788,2133 837,2135 886,2136 935,2137 983,2138 1032,2139 1081,2141 1130,2141 1178,2142 1227,2144 1276,2144 1325,2144 1373,2145 1422,2145 1471,2145 1520,2145"/>
                <TextEquiv>
                    <Unicode>de beaucoup de plus un Chef de Destiration,</Unicode>
                </TextEquiv>
            </TextLine>
            <TextLine id="r2l21" custom="readingOrder {index:20;}">
                <Coords points="520,2247 846,2240 890,2285 1152,2245 1342,2281 1392,2248 1506,2266 1508,2182 522,2163"/>
                <Baseline points="528,2216 576,2217 625,2219 673,2222 722,2224 770,2226 819,2229 867,2231 916,2232 964,2234 1013,2235 1062,2237 1110,2238 1159,2240 1207,2240 1256,2240 1304,2241 1353,2240 1401,2240 1450,2240 1499,2238"/>
                <TextEquiv>
                    <Unicode>Bome de Tete, Sage et prudent, et point</Unicode>
                </TextEquiv>
            </TextLine>
            <TextLine id="r2l22" custom="readingOrder {index:21;} place {offset:28; length:7;}">
                <Coords points="538,2319 1078,2364 1368,2341 1441,2382 1500,2351 1501,2288 1401,2267 890,2286 847,2240 797,2267 540,2233"/>
                <Baseline points="546,2312 593,2313 640,2316 688,2318 735,2320 782,2322 830,2325 877,2327 924,2328 972,2330 1019,2331 1066,2333 1114,2334 1161,2334 1208,2335 1256,2336 1303,2334 1350,2334 1398,2334 1445,2333 1493,2330"/>
                <TextEquiv>
                    <Unicode>ambitieria, membre du petit Conseil, on</Unicode>
                </TextEquiv>
            </TextLine>
            <TextLine id="r2l23" custom="readingOrder {index:22;}">
                <Coords points="530,2417 872,2428 1017,2481 1081,2446 1132,2471 1316,2438 1423,2485 1505,2435 1506,2394 1370,2346 1180,2339 1084,2374 839,2331 747,2397 531,2364"/>
                <Baseline points="537,2411 585,2412 633,2413 681,2415 729,2417 777,2418 825,2420 873,2423 921,2424 969,2426 1018,2428 1066,2430 1114,2431 1162,2432 1210,2433 1258,2433 1306,2433 1354,2432 1402,2430 1450,2428 1499,2426"/>
                <TextEquiv>
                    <Unicode>du moins im Tersonage equivalent, po¬</Unicode>
                </TextEquiv>
            </TextLine>
            <TextLine id="r2l24" custom="readingOrder {index:23;} place {offset:4; length:8;}">
                <Coords points="514,2538 707,2520 844,2596 1047,2597 1156,2538 1427,2559 1500,2538 1502,2481 1412,2499 1315,2439 1217,2439 881,2502 790,2427 517,2427"/>
                <Baseline points="522,2505 570,2507 619,2510 667,2511 716,2514 764,2517 813,2520 861,2523 910,2525 958,2528 1007,2529 1056,2532 1104,2534 1153,2535 1201,2535 1250,2535 1298,2535 1347,2534 1395,2532 1444,2530 1493,2526"/>
                <TextEquiv>
                    <Unicode>les Lumieres, die quelo il fallott se condure.</Unicode>
                </TextEquiv>
            </TextLine>
            <TextLine id="r2l25" custom="readingOrder {index:24;}">
                <Coords points="503,2733 800,2716 904,2751 996,2689 1272,2730 1347,2693 1439,2708 1503,2690 1505,2588 1300,2657 1101,2621 1017,2652 950,2612 834,2644 771,2603 687,2631 580,2586 505,2636"/>
                <Baseline points="512,2667 561,2669 610,2669 659,2671 708,2673 758,2675 807,2678 856,2679 905,2682 954,2685 1004,2687 1053,2688 1102,2690 1151,2690 1200,2690 1250,2690 1299,2690 1348,2687 1397,2684 1446,2681 1496,2676"/>
                <TextEquiv>
                    <Unicode>des lors quil avoit parle de celu avee Puete</Unicode>
                </TextEquiv>
            </TextLine>
            <TextLine id="r2l26" custom="readingOrder {index:25;}">
                <Coords points="506,2811 1200,2856 1259,2807 1417,2795 1420,2710 1324,2699 1254,2752 1162,2759 1082,2708 992,2751 830,2749 800,2717 749,2742 509,2727"/>
                <Baseline points="515,2754 559,2756 604,2759 649,2762 694,2765 738,2768 783,2769 828,2773 873,2775 917,2777 962,2779 1007,2781 1052,2783 1096,2784 1141,2786 1186,2786 1231,2786 1275,2786 1320,2786 1365,2785 1410,2783"/>
                <TextEquiv>
                    <Unicode>d yavorten encore quelgun present2</Unicode>
                </TextEquiv>
            </TextLine>
            <TextLine id="r2l27" custom="readingOrder {index:26;}">
                <Coords points="490,2957 681,2931 777,2962 883,2931 1022,2974 1221,2953 1359,2982 1464,2948 1466,2867 668,2878 493,2812"/>
                <Baseline points="498,2903 546,2906 594,2909 642,2912 690,2915 738,2918 786,2921 834,2924 882,2926 930,2929 978,2931 1026,2933 1074,2934 1122,2934 1170,2934 1218,2933 1266,2931 1314,2928 1362,2925 1410,2919 1458,2915"/>
                <TextEquiv>
                    <Unicode>Que non que cette conversation Petarl</Unicode>
                </TextEquiv>
            </TextLine>
            <TextLine id="r2l28" custom="readingOrder {index:27;}">
                <Coords points="484,3051 698,3019 1149,3082 1300,3035 1423,3043 1473,3022 1475,2958 1336,2992 1215,2958 1075,3009 1027,2971 920,2986 876,2955 770,2980 486,2955"/>
                <Baseline points="492,2996 540,2999 589,3004 638,3007 687,3010 735,3014 784,3017 833,3021 882,3023 930,3026 979,3028 1028,3029 1077,3030 1125,3030 1174,3030 1223,3029 1272,3028 1320,3025 1369,3021 1418,3017 1467,3011"/>
                <TextEquiv>
                    <Unicode>tenue, dans la Chambre, on fuster etoit</Unicode>
                </TextEquiv>
            </TextLine>
            <TextLine id="r2l29" custom="readingOrder {index:28;}">
                <Coords points="482,3119 596,3105 732,3144 823,3122 895,3146 912,3140 917,3079 800,3084 756,3043 688,3070 666,3055 630,3076 605,3050 557,3061 488,3044"/>
                <Baseline points="492,3089 517,3090 543,3092 569,3095 595,3097 621,3099 647,3102 673,3104 699,3106 724,3108 750,3111 776,3113 802,3114 828,3116 854,3117 880,3118 906,3119"/>
                <TextEquiv>
                    <Unicode>venus le Trouver</Unicode>
                </TextEquiv>
            </TextLine>
            <TextLine id="r2l30" custom="readingOrder {index:29;}">
                <Coords points="459,3302 568,3283 1191,3347 1258,3294 1493,3257 1494,3175 1445,3154 1368,3177 1196,3140 936,3248 800,3213 697,3124 537,3114 461,3150"/>
                <Baseline points="467,3257 517,3258 568,3260 619,3262 670,3265 721,3269 772,3272 823,3274 874,3276 925,3278 976,3281 1026,3282 1077,3282 1128,3282 1179,3282 1230,3280 1281,3277 1332,3272 1383,3267 1434,3260 1485,3252"/>
                <TextEquiv>
                    <Unicode>de fuctar nec li avoct pant fait dousestes</Unicode>
                </TextEquiv>
            </TextLine>
            <TextLine id="r2l31" custom="readingOrder {index:30;}">
                <Coords points="445,3407 729,3368 927,3428 1011,3383 1153,3433 1233,3392 1390,3406 1455,3373 1457,3327 1171,3353 449,3296"/>
                <Baseline points="455,3339 504,3341 554,3345 603,3348 653,3351 703,3356 752,3360 802,3364 852,3369 901,3372 951,3376 1001,3379 1050,3380 1100,3383 1150,3383 1199,3383 1249,3380 1299,3378 1348,3374 1398,3369 1448,3362"/>
                <TextEquiv>
                    <Unicode>touchant les Mesures pour les quelles on¬</Unicode>
                </TextEquiv>
            </TextLine>
            <TextLine id="r2l32" custom="readingOrder {index:31;}">
                <Coords points="1338,3491 1374,3481 1384,3471 1416,3466 1423,3456 1454,3463 1467,3443 1493,3426 1482,3378 1422,3409 1414,3405 1409,3410 1395,3402 1387,3409 1368,3410 1355,3423 1333,3417 1322,3424"/>
                <Baseline points="1341,3468 1370,3464 1399,3457 1429,3449 1458,3441 1488,3435"/>
                <TextEquiv>
                    <Unicode>voretor</Unicode>
                </TextEquiv>
            </TextLine>
            <TextEquiv>
                <Unicode>140.
Michel duCresl
N2 G.
Redressement et coment il falloit 
conduire pour parvenie an but
Doni quil lin avoit fait voirun
A
papier contenant un Grand nombre des Qri¬
et uu avoit dit, quil se tionvoet actuelle
ment un bon nombre des Bourgesis bras
et hommittes dens, qui dontrepartoient
Jur le Redressement des dits Grieffs; etqua
pau eviter dentrer on plus longes diseu
tions la desus aveo luu, il lin avoct repa¬
du quil avoit deja entendu parler des¬
dits Griefs, dont la plus part lui parcisscren
bien fondes: Jur quoy lin Micheli Setor
explique, quavant loutes Choses il fallor
avar la pluralite des Suffrages et cela
de beaucoup de plus un Chef de Destiration,
Bome de Tete, Sage et prudent, et point
ambitieria, membre du petit Conseil, on
du moins im Tersonage equivalent, po¬
les Lumieres, die quelo il fallott se condure.
des lors quil avoit parle de celu avee Puete
d yavorten encore quelgun present2
Que non que cette conversation Petarl
tenue, dans la Chambre, on fuster etoit
venus le Trouver
de fuctar nec li avoct pant fait dousestes
touchant les Mesures pour les quelles on¬
voretor</Unicode>
            </TextEquiv>
        </TextRegion>
        <TextRegion orientation="0.0" id="r3" custom="readingOrder {index:2;}">
            <Coords points="1542,71 1542,3623 2909,3623 2909,71"/>
            <TextLine id="r3l1" custom="readingOrder {index:0;}">
                <Coords points="2766,152 2780,149 2791,154 2816,134 2824,141 2864,142 2884,128 2893,133 2917,122 2910,60 2894,56 2883,64 2875,60 2866,69 2846,65 2837,75 2823,68 2809,77 2773,68 2756,76"/>
                <Baseline points="2771,132 2798,131 2826,127 2853,122 2881,119 2909,119"/>
                <TextEquiv>
                    <Unicode>144.</Unicode>
                </TextEquiv>
            </TextLine>
            <TextLine id="r3l2" custom="readingOrder {index:1;}">
                <Coords points="1591,521 1722,449 2100,470 2260,401 2445,404 2626,335 2606,212 2379,271 2302,241 2166,295 2025,261 1842,380 1652,366 1574,415"/>
                <Baseline points="1592,483 1643,474 1694,465 1745,455 1796,446 1847,437 1898,429 1950,419 2001,410 2052,402 2103,393 2154,384 2205,376 2256,368 2308,360 2359,353 2410,345 2461,337 2512,330 2563,323 2615,315"/>
                <TextEquiv>
                    <Unicode>16. Mil, dsell.</Unicode>
                </TextEquiv>
            </TextLine>
            <TextLine id="r3l3" custom="readingOrder {index:2;}">
                <Coords points="1723,645 2080,549 2156,573 2760,455 2753,410 2636,373 2410,442 2336,412 1976,523 1809,501 1706,535"/>
                <Baseline points="1724,606 1775,597 1826,589 1878,580 1929,572 1981,564 2032,556 2084,547 2135,540 2187,531 2238,523 2289,516 2341,509 2392,501 2444,493 2495,486 2547,480 2598,472 2650,465 2701,460 2753,453"/>
                <TextEquiv>
                    <Unicode>vouloit parvenir a llexecution du</Unicode>
                </TextEquiv>
            </TextLine>
            <TextLine id="r3l4" custom="readingOrder {index:3;}">
                <Coords points="1718,758 1780,721 1824,722 1861,685 1909,696 1957,670 2085,669 2165,622 2156,565 2095,576 2038,563 1931,619 1811,609 1700,638"/>
                <Baseline points="1718,704 1744,698 1770,692 1796,688 1822,683 1848,677 1874,673 1900,669 1926,664 1952,660 1978,656 2004,653 2030,650 2056,646 2082,644 2108,640 2134,639 2160,636"/>
                <TextEquiv>
                    <Unicode>Adusosent</Unicode>
                </TextEquiv>
            </TextLine>
            <TextLine id="r3l5" custom="readingOrder {index:4;}">
                <Coords points="1714,852 2117,791 2230,821 2335,774 2507,794 2566,748 2832,722 2809,642 1976,771 1831,735 1703,758"/>
                <Baseline points="1721,843 1776,834 1831,825 1886,818 1941,809 1996,802 2051,795 2106,789 2161,782 2216,776 2271,769 2326,763 2381,758 2436,751 2491,745 2546,739 2601,732 2656,726 2711,719 2766,711 2822,704"/>
                <TextEquiv>
                    <Unicode>Quil ne se remettoit point que fucter lui</Unicode>
                </TextEquiv>
            </TextLine>
            <TextLine id="r3l6" custom="readingOrder {index:5;}">
                <Coords points="1635,902 1650,893 1666,894 1678,882 1687,884 1697,878 1633,778 1621,782 1617,795 1610,800 1594,801 1576,810"/>
                <Baseline points="1635,888 1677,861"/>
                <TextEquiv>
                    <Unicode>R</Unicode>
                </TextEquiv>
            </TextLine>
            <TextLine id="r3l7" custom="readingOrder {index:6;}">
                <Coords points="1708,996 1952,916 2147,917 2274,879 2395,906 2462,861 2578,847 2539,802 2374,786 2255,841 2175,815 2060,855 2020,829 1859,835 1699,909"/>
                <Baseline points="1709,939 1752,932 1795,926 1838,919 1881,914 1924,910 1967,904 2010,899 2053,895 2096,891 2139,887 2182,883 2225,879 2268,875 2311,870 2354,864 2397,860 2440,856 2483,849 2526,843 2570,837"/>
                <TextEquiv>
                    <Unicode>qvoit fact Ouverture la dessus.</Unicode>
                </TextEquiv>
            </TextLine>
            <TextLine id="r3l8" custom="readingOrder {index:7;}">
                <Coords points="1703,1131 1930,1115 2040,1058 2199,1041 2388,1084 2499,1075 2576,1010 2889,998 2882,928 2733,895 2573,965 2337,996 2278,963 2150,1016 1962,953 1686,959"/>
                <Baseline points="1706,1089 1764,1083 1823,1076 1881,1070 1940,1065 1999,1059 2057,1054 2116,1048 2175,1043 2233,1038 2292,1032 2351,1026 2409,1022 2468,1015 2527,1010 2585,1004 2644,998 2703,992 2761,985 2820,977 2879,969"/>
                <TextEquiv>
                    <Unicode>si fucter ne lui avoit pas dit, que sesbraves</Unicode>
                </TextEquiv>
            </TextLine>
            <TextLine id="r3l9" custom="readingOrder {index:8;}">
                <Coords points="1599,1155 1627,1150 1651,1165 1665,1158 1678,1142 1686,1141 1661,990 1649,992 1613,975 1598,975 1591,985 1571,987"/>
                <Baseline points="1599,1110 1635,1110 1671,1098"/>
                <TextEquiv>
                    <Unicode>H</Unicode>
                </TextEquiv>
            </TextLine>
            <TextLine id="r3l10" custom="readingOrder {index:9;}">
                <Coords points="1688,1241 1887,1168 2349,1138 2421,1181 2609,1118 2874,1123 2862,975 2688,1067 2529,1089 2328,1069 1767,1139 1677,1107"/>
                <Baseline points="1691,1187 1749,1182 1808,1175 1866,1170 1925,1164 1984,1158 2042,1154 2101,1149 2160,1145 2218,1139 2277,1135 2336,1130 2394,1125 2453,1121 2512,1116 2570,1112 2629,1108 2688,1103 2746,1098 2805,1092 2864,1088"/>
                <TextEquiv>
                    <Unicode>Gens. dont il avoct mention, prensient extre</Unicode>
                </TextEquiv>
            </TextLine>
            <TextLine id="r3l11" custom="readingOrder {index:10;}">
                <Coords points="1695,1338 1787,1278 2010,1274 2093,1299 2215,1258 2335,1270 2382,1239 2431,1247 2426,1181 2365,1175 2298,1207 2176,1167 2121,1219 1986,1197 1866,1242 1805,1223 1688,1242"/>
                <Baseline points="1698,1284 1734,1280 1770,1277 1806,1273 1843,1270 1879,1266 1915,1264 1951,1261 1988,1259 2024,1255 2060,1253 2096,1250 2133,1247 2169,1245 2205,1243 2241,1240 2278,1238 2314,1236 2350,1233 2386,1231 2423,1229"/>
                <TextEquiv>
                    <Unicode>eua des iectaines Liaisons 2</Unicode>
                </TextEquiv>
            </TextLine>
            <TextLine id="r3l12" custom="readingOrder {index:11;}">
                <Coords points="1688,1514 1805,1450 1919,1478 2211,1421 2511,1411 2577,1446 2751,1385 2809,1407 2852,1388 2845,1273 2641,1357 2398,1302 2324,1350 2123,1336 1887,1409 1749,1349 1679,1364"/>
                <Baseline points="1692,1449 1749,1445 1807,1440 1864,1436 1922,1432 1980,1428 2037,1425 2095,1422 2152,1418 2210,1415 2268,1412 2325,1409 2383,1406 2440,1402 2498,1398 2556,1394 2613,1390 2671,1386 2728,1382 2786,1376 2844,1371"/>
                <TextEquiv>
                    <Unicode>Zueom, que fueter lui avoit dit, quils Se</Unicode>
                </TextEquiv>
            </TextLine>
            <TextLine id="r3l13" custom="readingOrder {index:12;}">
                <Coords points="1624,1511 1647,1515 1662,1509 1639,1370 1624,1371 1619,1367 1615,1370 1599,1369"/>
                <Baseline points="1623,1467 1647,1463"/>
                <TextEquiv>
                    <Unicode>E</Unicode>
                </TextEquiv>
            </TextLine>
            <TextLine id="r3l14" custom="readingOrder {index:13;}">
                <Coords points="1665,1590 1993,1532 2614,1514 2748,1544 2808,1503 2747,1436 2512,1472 2258,1431 2045,1490 1793,1456 1662,1519"/>
                <Baseline points="1670,1545 1726,1542 1783,1539 1839,1536 1896,1532 1952,1530 2009,1527 2065,1526 2122,1523 2178,1521 2235,1518 2292,1517 2348,1514 2405,1512 2461,1509 2518,1508 2574,1505 2631,1502 2687,1500 2744,1496 2801,1494"/>
                <TextEquiv>
                    <Unicode>pretorent Serment entre euae de mantenir</Unicode>
                </TextEquiv>
            </TextLine>
            <TextLine id="r3l15" custom="readingOrder {index:14;}">
                <Coords points="1671,1653 1776,1642 1823,1666 1865,1642 1897,1653 1969,1635 2018,1652 2045,1643 2043,1568 1971,1556 1929,1571 1867,1553 1808,1589 1723,1570 1670,1607"/>
                <Baseline points="1679,1643 1704,1639 1730,1636 1755,1634 1781,1632 1806,1631 1832,1631 1858,1631 1883,1631 1909,1631 1934,1631 1960,1631 1985,1630 2011,1629 2037,1629"/>
                <TextEquiv>
                    <Unicode>leur Liberte.</Unicode>
                </TextEquiv>
            </TextLine>
            <TextLine id="r3l16" custom="readingOrder {index:15;}">
                <Coords points="1687,1804 2566,1854 2771,1808 2771,1727 2727,1717 2221,1715 2174,1745 2070,1713 2009,1747 1817,1683 1687,1724"/>
                <Baseline points="1695,1773 1748,1775 1801,1775 1855,1775 1908,1776 1962,1776 2015,1778 2068,1778 2122,1779 2175,1779 2229,1781 2282,1781 2335,1782 2389,1782 2442,1782 2496,1782 2549,1782 2602,1782 2656,1782 2709,1781 2763,1781"/>
                <TextEquiv>
                    <Unicode>1i Fueter en meme tems ne luj avoit pas</Unicode>
                </TextEquiv>
            </TextLine>
            <TextLine id="r3l17" custom="readingOrder {index:16;}">
                <Coords points="1598,1824 1605,1824 1611,1819 1619,1820 1624,1816 1628,1821 1642,1824 1650,1754 1638,1752 1628,1758 1626,1755 1618,1759 1615,1757 1604,1759"/>
                <Baseline points="1608,1796 1638,1799"/>
                <TextEquiv>
                    <Unicode></Unicode>
                </TextEquiv>
            </TextLine>
            <TextLine id="r3l18" custom="readingOrder {index:17;}">
                <Coords points="1681,1920 1938,1885 2195,1933 2282,1902 2349,1950 2543,1898 2724,1940 2736,1829 2428,1863 2027,1847 1924,1807 1850,1841 1683,1822"/>
                <Baseline points="1689,1869 1740,1871 1792,1872 1844,1874 1896,1875 1948,1877 2000,1880 2052,1881 2104,1883 2156,1884 2208,1886 2259,1887 2311,1888 2363,1890 2415,1890 2467,1892 2519,1892 2571,1893 2623,1893 2675,1893 2727,1893"/>
                <TextEquiv>
                    <Unicode>Jussi parle des Mojens pour y parvenir</Unicode>
                </TextEquiv>
            </TextLine>
            <TextLine id="r3l19" custom="readingOrder {index:18;}">
                <Coords points="2775,1912 2784,1911 2790,1901 2795,1903 2801,1900 2805,1890 2813,1888 2818,1891 2820,1887 2827,1885 2803,1810 2794,1815 2779,1808 2764,1832 2750,1833"/>
                <Baseline points="2778,1899 2819,1886"/>
                <TextEquiv>
                    <Unicode>2</Unicode>
                </TextEquiv>
            </TextLine>
            <TextLine id="r3l20" custom="readingOrder {index:19;}">
                <Coords points="1558,2064 1790,2028 2018,2039 2082,2080 2272,2040 2758,2067 2748,1981 2545,2029 2402,1987 2166,1999 2022,1944 1859,1992 1685,1900 1561,1950"/>
                <Baseline points="1566,2039 1625,2034 1684,2030 1743,2028 1803,2027 1862,2025 1921,2027 1980,2027 2040,2030 2099,2031 2158,2034 2217,2037 2277,2040 2336,2043 2395,2046 2454,2049 2514,2051 2573,2052 2632,2052 2691,2052 2751,2051"/>
                <TextEquiv>
                    <Unicode>L. Quil ne li avoit point comuniquer ses</Unicode>
                </TextEquiv>
            </TextLine>
            <TextLine id="r3l21" custom="readingOrder {index:20;}">
                <Coords points="1656,2124 2835,2201 2851,2135 2674,2070 2563,2120 2312,2044 2117,2087 1951,2047 1877,2074 1815,2033 1659,2062"/>
                <Baseline points="1665,2111 1723,2112 1782,2114 1841,2117 1900,2119 1959,2121 2017,2123 2076,2126 2135,2129 2194,2132 2253,2135 2311,2139 2370,2141 2429,2145 2488,2148 2547,2151 2605,2154 2664,2156 2723,2159 2782,2162 2841,2165"/>
                <TextEquiv>
                    <Unicode>projects la dessus, Quil etoit Seulement venus</Unicode>
                </TextEquiv>
            </TextLine>
            <TextLine id="r3l22" custom="readingOrder {index:21;}">
                <Coords points="1649,2253 1753,2223 2501,2260 2697,2312 2840,2276 2843,2225 2592,2174 2125,2193 2029,2150 1655,2144"/>
                <Baseline points="1659,2204 1717,2207 1776,2210 1835,2214 1894,2216 1952,2220 2011,2223 2070,2226 2129,2229 2187,2232 2246,2236 2305,2240 2364,2241 2422,2245 2481,2248 2540,2251 2599,2253 2657,2256 2716,2259 2775,2262 2834,2264"/>
                <TextEquiv>
                    <Unicode>lus demander Conseil et avis a ie Sujet, lequee</Unicode>
                </TextEquiv>
            </TextLine>
            <TextLine id="r3l23" custom="readingOrder {index:22;}">
                <Coords points="1654,2301 1847,2313 1932,2370 2019,2330 2785,2373 2787,2304 2601,2315 2474,2262 2273,2298 2224,2252 2127,2293 2072,2243 1656,2263"/>
                <Baseline points="1662,2297 1717,2301 1773,2305 1829,2307 1885,2312 1941,2315 1996,2319 2052,2323 2108,2326 2164,2330 2220,2333 2275,2336 2331,2339 2387,2342 2443,2345 2499,2348 2554,2349 2610,2352 2666,2354 2722,2355 2778,2357"/>
                <TextEquiv>
                    <Unicode>ibne lui avoit pas donne, Sinon de lui avoir</Unicode>
                </TextEquiv>
            </TextLine>
            <TextLine id="r3l24" custom="readingOrder {index:23;}">
                <Coords points="1631,2435 1975,2421 2185,2470 2357,2443 2734,2477 2737,2426 2611,2377 2505,2368 2422,2413 2335,2369 2146,2395 1640,2300"/>
                <Baseline points="1641,2391 1695,2395 1749,2399 1803,2403 1858,2407 1912,2411 1966,2414 2021,2418 2075,2420 2129,2424 2184,2427 2238,2431 2292,2434 2346,2438 2401,2441 2455,2445 2509,2448 2564,2451 2618,2454 2672,2459 2727,2462"/>
                <TextEquiv>
                    <Unicode>presente, que rien ace Monde netort si¬</Unicode>
                </TextEquiv>
            </TextLine>
            <TextLine id="r3l25" custom="readingOrder {index:24;}">
                <Coords points="1648,2495 1908,2555 2071,2531 2175,2580 2343,2549 2618,2604 2813,2592 2817,2540 2593,2531 2515,2480 2426,2513 2081,2442 2026,2474 1807,2424 1652,2449"/>
                <Baseline points="1656,2483 1713,2490 1770,2496 1828,2502 1885,2506 1943,2511 2000,2517 2058,2522 2115,2525 2173,2529 2230,2534 2287,2538 2345,2543 2402,2547 2460,2552 2517,2556 2575,2561 2632,2566 2690,2571 2747,2578 2805,2585"/>
                <TextEquiv>
                    <Unicode>Berillena, qune Entreprise de cette nature</Unicode>
                </TextEquiv>
            </TextLine>
            <TextLine id="r3l26" custom="readingOrder {index:25;}">
                <Coords points="1545,2679 1568,2669 1575,2673 1593,2670 1601,2675 1611,2669 1626,2670 1615,2548 1600,2550 1586,2543 1572,2553 1557,2554 1552,2550 1544,2560 1534,2562"/>
                <Baseline points="1551,2667 1584,2659 1617,2661"/>
                <TextEquiv>
                    <Unicode>2.</Unicode>
                </TextEquiv>
            </TextLine>
            <TextLine id="r3l27" custom="readingOrder {index:26;}">
                <Coords points="1635,2707 1774,2655 2041,2681 2109,2732 2820,2777 2827,2704 2641,2664 2528,2697 2203,2620 2021,2648 1980,2612 1937,2638 1856,2595 1646,2595"/>
                <Baseline points="1650,2637 1708,2643 1766,2649 1824,2654 1882,2659 1941,2665 1999,2670 2057,2675 2115,2681 2173,2685 2232,2691 2290,2696 2348,2702 2406,2708 2464,2715 2523,2722 2581,2729 2639,2737 2697,2745 2755,2752 2814,2762"/>
                <TextEquiv>
                    <Unicode>Si fucter ne li avoit pas declure net, quon</Unicode>
                </TextEquiv>
            </TextLine>
            <TextLine id="r3l28" custom="readingOrder {index:27;}">
                <Coords points="1638,2765 2042,2843 2382,2836 2556,2880 2570,2790 2512,2796 2419,2745 2370,2768 2225,2746 2185,2711 2117,2746 1775,2686 1644,2706"/>
                <Baseline points="1650,2729 1695,2733 1740,2737 1786,2742 1831,2747 1877,2751 1922,2756 1968,2761 2013,2767 2059,2772 2104,2777 2149,2782 2195,2788 2240,2793 2286,2798 2331,2804 2377,2809 2422,2814 2468,2818 2513,2822 2559,2828"/>
                <TextEquiv>
                    <Unicode>Qvoit Intention de prendie les Armes</Unicode>
                </TextEquiv>
            </TextLine>
            <TextLine id="r3l29" custom="readingOrder {index:28;}">
                <Coords points="1552,2916 1598,2907 1611,2918 1635,2900 1652,2905 1697,2892 1734,2902 1761,2887 1813,2907 1813,2840 1791,2834 1779,2842 1718,2784 1690,2776 1666,2792 1647,2777 1619,2786 1601,2770 1552,2784"/>
                <Baseline points="1559,2903 1586,2888 1613,2880 1641,2874 1668,2873 1695,2876 1723,2881 1750,2886 1777,2889 1805,2892"/>
                <TextEquiv>
                    <Unicode>H. Pen.</Unicode>
                </TextEquiv>
            </TextLine>
            <TextLine id="r3l30" custom="readingOrder {index:29;}">
                <Coords points="1533,3016 1549,3021 1555,3020 1563,3022 1579,2948 1564,2947 1562,2943 1556,2947 1548,2945"/>
                <Baseline points="1542,3011 1557,3014"/>
                <TextEquiv>
                    <Unicode>2</Unicode>
                </TextEquiv>
            </TextLine>
            <TextLine id="r3l31" custom="readingOrder {index:30;}">
                <Coords points="1547,3080 1567,3080 1573,3074 1579,3078 1586,3077 1593,3068 1595,3070 1599,3067 1604,3071 1615,3070 1604,3002 1592,3007 1585,3004 1581,3009 1572,3006 1556,3022 1538,3020"/>
                <Baseline points="1550,3047 1576,3039 1602,3039"/>
                <TextEquiv>
                    <Unicode>x</Unicode>
                </TextEquiv>
            </TextLine>
            <TextLine id="r3l32" custom="readingOrder {index:31;}">
                <Coords points="1642,3035 2336,3154 2539,3149 2693,3215 2789,3179 2799,3095 2661,3064 2568,3108 2288,3014 2113,3037 1825,2941 1650,2964"/>
                <Baseline points="1650,3023 1706,3030 1763,3038 1819,3046 1876,3054 1933,3062 1989,3070 2046,3078 2103,3086 2159,3093 2216,3101 2273,3108 2329,3115 2386,3121 2443,3129 2499,3134 2556,3140 2613,3146 2669,3152 2726,3158 2783,3162"/>
                <TextEquiv>
                    <Unicode>Si Fueter nelui avoit dit, quen cas quils</Unicode>
                </TextEquiv>
            </TextLine>
            <TextLine id="r3l33" custom="readingOrder {index:32;}">
                <Coords points="1617,3154 1836,3140 2021,3218 2304,3249 2381,3217 2752,3282 2788,3280 2797,3215 2702,3224 2589,3163 2333,3166 2158,3108 2109,3139 1774,3058 1628,3075"/>
                <Baseline points="1632,3101 1689,3111 1747,3119 1804,3127 1862,3136 1919,3145 1977,3153 2034,3161 2092,3169 2149,3177 2207,3186 2265,3194 2322,3201 2380,3209 2437,3217 2495,3225 2552,3233 2610,3241 2667,3249 2725,3258 2783,3267"/>
                <TextEquiv>
                    <Unicode>heussissent dans leur projet, je Seroit Bour¬</Unicode>
                </TextEquiv>
            </TextLine>
            <TextLine id="r3l34" custom="readingOrder {index:33;}">
                <Coords points="1617,3222 1687,3208 1731,3236 1795,3225 1849,3277 1929,3251 2013,3258 2132,3301 2145,3207 2012,3218 1880,3167 1816,3193 1783,3164 1626,3158"/>
                <Baseline points="1629,3194 1654,3198 1679,3201 1704,3205 1729,3209 1754,3213 1779,3216 1804,3221 1829,3224 1854,3227 1879,3231 1904,3235 1929,3238 1954,3242 1979,3245 2004,3249 2029,3253 2054,3255 2079,3259 2104,3262 2129,3264"/>
                <TextEquiv>
                    <Unicode>geois de Berne 2</Unicode>
                </TextEquiv>
            </TextLine>
            <TextLine id="r3l35" custom="readingOrder {index:34;}">
                <Coords points="1537,3342 1545,3342 1546,3340 1551,3342 1555,3337 1567,3336 1567,3247 1557,3247 1551,3241 1537,3242"/>
                <Baseline points="1545,3314 1560,3314"/>
                <TextEquiv>
                    <Unicode>E</Unicode>
                </TextEquiv>
            </TextLine>
            <TextLine id="r3l36" custom="readingOrder {index:35;}">
                <Coords points="1534,3379 1554,3383 1564,3379 1583,3393 1589,3393 1600,3385 1610,3386 1610,3300 1582,3304 1557,3324 1534,3325"/>
                <Baseline points="1542,3362 1572,3359 1602,3362"/>
                <TextEquiv>
                    <Unicode></Unicode>
                </TextEquiv>
            </TextLine>
            <TextLine id="r3l37" custom="readingOrder {index:36;}">
                <Coords points="1645,3392 1748,3436 1870,3408 2057,3454 2359,3457 2690,3548 2751,3519 2766,3415 2590,3389 2429,3417 2280,3350 2123,3356 2039,3315 1860,3352 1663,3264"/>
                <Baseline points="1658,3356 1712,3364 1766,3372 1820,3380 1875,3387 1929,3396 1983,3404 2038,3412 2092,3421 2146,3427 2201,3436 2255,3443 2309,3451 2363,3459 2418,3467 2472,3475 2526,3483 2581,3491 2635,3498 2689,3507 2744,3515"/>
                <TextEquiv>
                    <Unicode>huil convensit, que Fucter lelici avoit</Unicode>
                </TextEquiv>
            </TextLine>
            <TextLine id="r3l38" custom="readingOrder {index:37;}">
                <Coords points="2574,3623 2605,3624 2618,3616 2624,3624 2645,3613 2651,3621 2672,3623 2678,3617 2689,3621 2740,3612 2746,3536 2698,3539 2676,3552 2657,3534 2637,3535 2591,3559 2579,3558"/>
                <Baseline points="2583,3593 2608,3590 2633,3590 2658,3593 2683,3595 2708,3599 2733,3602"/>
                <TextEquiv>
                    <Unicode>hait</Unicode>
                </TextEquiv>
            </TextLine>
            <TextEquiv>
                <Unicode>144.
16. Mil, dsell.
vouloit parvenir a llexecution du
Adusosent
Quil ne se remettoit point que fucter lui
R
qvoit fact Ouverture la dessus.
si fucter ne lui avoit pas dit, que sesbraves
H
Gens. dont il avoct mention, prensient extre
eua des iectaines Liaisons 2
Zueom, que fueter lui avoit dit, quils Se
E
pretorent Serment entre euae de mantenir
leur Liberte.
1i Fueter en meme tems ne luj avoit pas

Jussi parle des Mojens pour y parvenir
2
L. Quil ne li avoit point comuniquer ses
projects la dessus, Quil etoit Seulement venus
lus demander Conseil et avis a ie Sujet, lequee
ibne lui avoit pas donne, Sinon de lui avoir
presente, que rien ace Monde netort si¬
Berillena, qune Entreprise de cette nature
2.
Si fucter ne li avoit pas declure net, quon
Qvoit Intention de prendie les Armes
H. Pen.
2
x
Si Fueter nelui avoit dit, quen cas quils
heussissent dans leur projet, je Seroit Bour¬
geois de Berne 2
E

huil convensit, que Fucter lelici avoit
hait</Unicode>
            </TextEquiv>
        </TextRegion>
    </Page>
</PcGts>
