3024 4032
360 467 480 600 192
790 415 1176 526 Confrontation.
493 443 1448 683 Lundl. Pueter und Joh. Prit. Ruche
479 640 1345 804 Wald Versprechen möge, suchen wolle.
494 754 1468 906 habe der Lientl. Gueter geantbortet; Von
506 858 1447 1006 es wohlgehe, so werden Sie alle ihm dan¬
491 941 1449 1116 ben, Wan es aber fehle, so wolle er geene
493 1042 900 1177 das Onter seyn.
496 1124 1477 1264 Wruber der Lentl. Guater sich erblihet
510 1228 1417 1368 vnnd altestirt: Es staye Wahr, daß der
478 1320 1464 1486 Käpster das Obige geredet; Seine Antbort
501 1437 1457 1581 Übersteye gewesen, Er wollesich für die
501 1537 1249 1681 Freyheit an die Spitze stellen.
628 1614 1460 1759 Anbey bezeugete der Lieutl. Zuter
520 1703 1441 1869 daß Bannerreichig zu dem Küpfer ge¬
508 1822 1452 1937 bomen wäre, Er ihne Niemahlen hierzu
495 1908 1444 2028 Vermögen, und darein bringen können,
517 1993 1462 2124 Aber der Babriel Gueter, als deßen
511 2090 1413 2220 Wohlbebouter, habe ihne dazu bewogen.
598 2175 1477 2318 Auch bezeuge er: daß der Haustmann
499 2213 1462 2392 Shänd: die übrigen alleheit angestistet, und
502 2346 1465 2513 Sie alle durch seine listige Aufführung in
473 2440 1462 2589 Vorgeben so tieff hinein gebracht, maßen
495 2551 1438 2709 er aß Taglich von Hauß zu Hauß gloßen,
465 2638 910 2792 stinth 4. Monath.
567 2735 1236 2896 Abgelesen und bestahtiget.
473 2867 1416 3082 Actum ut suepra 13. Julÿ 1749.
676 3160 913 3293 de
1488 1745 1572 1881 4.
2552 161 2704 312 193
1801 318 2146 443 1 Mamer
1552 290 2425 665 ich i Ast
1565 390 2705 757 peen ete
1571 500 2711 846 gee  enist
1563 674 2452 988 gite aser e
1506 810 2695 1139 V. Ewerde wohl vußen, vordurch er sich gegen
1562 936 2693 1205 Ein hohe Oberbeitschuldig gemacht und Auß
1565 1054 2713 1317 welchen Ursachen er gefänglich eingezogen worden.
1566 1163 2605 1388 derohalben und damit er sich nicht noch eine¬
1547 1257 2698 1510 schwnrere Kaß auflade, solle er eine freye ein¬
1567 1393 2700 1583 de Bekantniß thun, von allem demjenigen
1548 1492 2697 1661 So ihme dießohrts in wußen, und was in Specie
1568 1592 2323 1780 eselbsten dabey Verrichtet?
1571 1681 2682 1870 so wolle in Anfrichtigkeit alles bekenen und
1555 1807 2448 1980 sagen, was ihme hieson in wußen:
1626 1909 2682 2078 Alß er an einem Abend geschäfften halber
1558 2019 2627 2161 zuseinem Geuder im Sulgenbach gewesen,
1566 2117 2638 2269 habe derselbe ihme Ing. bey diesem Anlaaß
1554 2210 2669 2357 gesagt, Er wolle ihme was entdeben, Aber er
1576 2311 2724 2457 muße bey Leib und Leben verschwregen seyn,
1575 2390 2728 2576 Nach deme er nun das Stillschweigen Versprochen
1566 2476 2572 2663 habe sein Beuder ihme verdentet, Es seye
1574 2574 2666 2764 vmnd Sachen zu thun, so die Ehr ansehe, und
1574 2704 2664 2850 dann er solches verrahten wurde, gienge es
1579 2790 2718 2963 ihme auf Leib und Leben; Hierauf ihme sein
1575 2872 2731 3093 Bruder verdeutet, Er werde auch wohl büßen
1570 2960 2715 3189 von der Theurung, und daß diese Theürung
1588 3053 2706 3291 nicht eine Straff Gottes seye, sonder selbe aus
1582 3137 2626 3395 Mangel genugsamer Anstalten harkome,
1564 3216 2710 3502 Ein mehrers habe er ihme damahlen nicht ge¬
1566 3360 2722 3624 sagt, beilen etwelche Herren zu ihme gekommen
