3024 4032
394 448 525 578 492.
421 2786 504 2930 H
440 1551 530 1684 4
580 473 1471 710 Jrederich Babricl Diseus
569 618 1482 823 welches ehender geschehen bäre, ban
575 719 1501 935 nicht, bi er es mit Attestationen be¬
555 813 1495 1024 "scheinigen könne, seine Kranckheit der
570 927 1494 1115 daran verhinderet hätte, Er getraue¬
553 1037 1487 1217 sich aber, es berde Ntumand außragen
550 1129 1501 1358 können, daß er in diesem Complot bede
570 1238 1473 1390 viel noch benig bekantschafft gehabt,
563 1336 1482 1511 viellennger, daß er sich darein einicher¬
567 1443 1049 1562 maßen Implicirt.
556 1540 1487 1679 Er sage, er leße nicht, lan er auf düße¬
574 1642 1433 1770 Liste gekommen su. Er seye aber auh¬
561 1743 1475 1860 mehr als nur einer Liste aufgezechen
557 1828 1471 1959 gefunden borden, und seyn doch nicht
556 1921 1415 2052 zu glauben, daß, ban er nicht auch,
556 2017 1473 2138 gleich lie Andere, in den Complot ge¬
558 2115 1467 2239 tredten wäre, man ihne auf allen
555 2211 1467 2339 Listes wurde aufgeschrieben haben,
560 2296 1473 2434 Solle derobegen mit der Mahrheit frey¬
541 2401 1454 2532 herauß, und sagen, aus Bas Ursache
534 2494 1457 2639 Er auf die Listes gekommen, dan eine
539 2587 1445 2725 "mahl berdeetbas darzu Anlaß¬
540 2696 901 2810 geben haben?
537 2743 1462 2915 Er versichere, daß er gantz unschuld
516 2871 1453 3040 auf eint, und andere Lidte gekommel
527 2951 1446 3131 maßener, bin schon gesagt, vonder
518 3052 1439 3214 Complot gar keine Bekantschafft zu
500 3144 1433 3325 " habt, auch deßethalben kein Meusch¬
514 3208 1444 3411 einmahlen mit ihme geredet, das ve
491 3360 1374 3520 er mit gutem Gelaußen bezeugen
1242 3465 1326 3601 4.
1541 1957 1608 2075 2
1559 1298 1619 1437 8.
1537 1430 1616 1564 9.
1558 787 1637 917 4
2583 483 2724 620 179
2467 518 2526 594 11
1645 529 2640 720 Briederich Babrieh Scheurer.
1660 665 2663 826 ob ihme dann auch gar nichts bekant ge¬¬
1649 774 2700 921 lesen, von etban einem Project, umb
1638 872 2679 1035 von Seithen der Bürgerschafft Mughrn
1634 921 2692 1130 über geleße Sachen Vorstellungen zu¬
1625 1088 2638 1241 thun, oder sonstenntloas zu begehen.
1635 1268 2269 1415 Nun, nicht das geringste.
1622 1360 2671 1533 Es scheine, er gehe nicht mit der Wahrheit
1618 1480 2637 1598 umb; Ob nicht bahr, daß er mit denen¬
1609 1567 2652 1700 jenigen Bürgeren, welche theils auf ge¬
1607 1651 2659 1794 dachten Listes und theils sonsten in diesem
1607 1768 2572 1886 leydigen Complot Antheill gehabt, in
1602 1856 2212 1980 Bekantschafft gebesen.
1624 1947 2643 2083 Mit eint und Anderen daven habe er be¬
1600 2046 2640 2172 kantschafft gehabt, als mit dem Statt,
1591 2134 2646 2270 Lieutenant Gueter, welcher noch bahreng
1598 2228 2627 2369 der Zeith seines letzten Semestre eint und
1600 2322 2641 2475 andere mahl in ihrem Garten im Mar¬¬
1580 2409 2651 2607 Zihl, nebst noch anderen Persohnen bey
1587 2503 2636 2676 ihme Deponenten und seinem Vatter gen¬
1588 2607 2657 2762 wesen; Auch habe er den Herber Kuhne
1592 2684 2631 2858 gekennet, welchem er einen Jagdt Sund
1584 2778 2642 2971 abgekaufft, und von deßtlaigen zbeymahl
1582 2884 2618 3042 ihne gesehen, Es habend ihme aber loeder
1587 2957 2626 3130 die eint noch Anderen jemahls kein Wort
1573 3047 2645 3249 von diesem ihrem Project oder Complot¬
1576 3154 2653 3377 nicht die geringste Bekanschafft geben, dar
1582 3243 2257 3410 Betheüre Er mit Wahrheit.
1476 3277 2641 3569 Motit. Er gestehe, daß insonderheit von denen
1576 3423 2636 3650 Conjucirten, Er mit dem Licutenant Punter
2442 3617 2559 3701 und
