3024 4032
377 481 525 620 490.
423 1414 562 1580 Frng
393 1727 544 1850 Antl
823 480 1228 665 Damen
899 652 1051 749 Mit
490 670 1488 910 Griederch Gabrich Siseine
554 812 1467 987 gelesenen Chor Weibels Altester Sohn
559 909 1494 1083 Sehndreich in Königl. Franzl. Fienße
574 1017 1469 1162 im Schlecher Regiment Bettens
563 1100 1490 1267 Compr. H Brigadier von Erlag¬
581 1204 1450 1352 von Seggisferg, Atatis 27. Jahr
862 1323 1388 1478 ohnverhenrathet so.
599 1414 1471 1559 Weßtlegen Er in letzt Verbuhenem
570 1524 1476 1656 Winter allhero ins Land gekommen
565 1624 1478 1760 und wan er bieder von hier verrißet
579 1730 1469 1854 den 22t Kornung Anri Curt seyn.
565 1828 1468 1979 er mit denen Roformirten Soldaten¬
558 1917 1471 2058 ihres Regiments hieher geschukt ber
560 2033 1466 2155 den, da er aber bey seiner Abreiße¬
564 2113 1416 2256 vernommen, daß das Regiment
563 2205 1456 2342 nicht in Bretagne verbleiben erden
555 2303 1431 2446 und man ihme zugleich verdeuket,
544 2385 1464 2536 Er berde zu Kuningen eine Route
554 2503 1449 2641 Semestie bekommen su, welcher, alsin
547 2589 1453 2730 in dortigen Vorbeygehen lieder derund
550 2706 1449 2829 noch Andere erhalten, ihne Bebogen
537 2781 1447 2933 Allhier zu verbleiben. Da Er aber vi
516 2863 1450 3032 nomen, daß ihr Regiment nach Mk
519 2973 1446 3133 Gainison gekommen, und zu End Aprile
522 3061 1444 3223 Alser dorthin verreißen wollen, sh
515 3105 1452 3307 er Berichtet worden, daß der Königde
515 3230 1436 3450 Allhier sich befünden den Apreicis Ralte
513 3327 1436 3536 gation Accordirt vorauf Er dar
1304 3435 1419 3594 7
2544 479 2711 601 491.
1611 502 2549 747 Bidrich Babricl. Diseurer.
1621 650 2684 832 noch hier Verblieben biß den 1t Julÿ, da¬
1638 757 2661 918 erbäeder zum Regiment verreißet.
1687 861 2616 1006 Als hierauf Er Scheurer Ernstlich¬
1616 949 2658 1122 ermahnt borden, frey, vnnd, und auf
1600 1051 2666 1215 grichtig zu bekennen, War Er von deme
1625 1171 2606 1320 leytigen Complot für bekantschafft
1606 1270 2616 1412 habe, und lie beit er sich darein impli¬
1607 1382 1780 1488 aut
1516 1459 2613 1591 zularirte Er: Er bezeuge mit Wahrheit, daß
1601 1572 2608 1706 von dem gantzen Complot und disahr¬
1600 1662 2623 1799 rtigem leydigen Mesten ihme nicht das
1592 1767 2630 1906 geringste Bekant seyn; Das Erste, so er
1588 1856 2611 1990 fürtten vernommen, seyn geloefen zu Mex¬
1586 1945 2588 2076 Da die Noiwvelle zum Regiment gekomen,
1588 2041 2595 2192 bie daß zu Bern unter der Bürgerschaft
1588 2131 2617 2313 eine Revolte oder Conspiration außge¬
1575 2234 2552 2351 brochen, und erst darnach noch habe er¬
1585 2318 2639 2481 unglücbhäfftiger Weise vernemmen müßen,
1573 2419 2523 2553 daß sein Vatter auch ein Antheilhaber an
1574 2520 2544 2639 solchem Complot seyn, welches ihne vor¬
1562 2587 2617 2764 Rümer und Verdruß bramk gelegt, In¬
1580 2678 2631 2845 Verlichenem Augusto dann habe seine Schlon¬
1567 2772 2620 2936 ster ihne benachrichtiget, was maßen Er
1568 2872 2591 3033 sich auf derer Conjurirten Liste aufger¬
1569 2958 2599 3141 cheignet befunden, und deßenthalben gleich
1562 3035 2598 3234 allen übrigen Ablesenden von Einer Ober¬
1569 3145 2483 3338 beit litirt und proclamit worden,
1574 3234 2636 3426 Von deßtlaegen habe er sich gestern Abender
1563 3330 2525 3515 gefänglich allhier eingestellt, umb zu ge¬
1564 3439 2481 3616 borsamen und sich zu verantborten,
2368 3609 2609 3739 llcher
