4032 3024
1031 348 1693 487 uff donstag den 4 tag de
1023 417 1698 542 bers im xt und lopij hans
1032 491 1703 606 vom herren giszweibil palb
1027 539 1702 656 geldi in der insell befagen
1034 591 1240 656 werden
1159 659 1674 768 Rudolff wanger von
1190 730 1539 837 Gschimlischperg
1034 821 1737 926 was ine verursichett hab die
1058 883 1732 983 er sich zwurgnd vnderstanden
1036 925 1733 1031 habe sich selbst libloß zethun,
1042 985 1712 1086 des ersten das er Im ein
1042 1035 1728 1132 messer hatte angesetzt dam
1050 1091 1739 1187 er uff dschloss pipp gefuer
1034 1149 1732 1253 do selbst in der pfänznuß ims
1045 1198 1724 1302 ein schübell struw in das mul
1054 1244 1741 1363 gstassen, darzu als ein er¬
1038 1288 1752 1421 hieruff gipt er den bescheydt
1056 1360 1762 1472 berunkliche klag umb sin frung
1071 1422 1750 1536 furtt, dardurch man ver¬
1054 1464 1747 1591 meintt Er die selbige übel
1058 1511 1767 1657 gschlagen für todt lassen liggen
1073 1584 1744 1710 oder aber sya in ein wasser
1069 1608 1775 1759 gfelltt zu ertrencken, darumb
1071 1667 1782 1794 dan als gsagt Es sig Ims mir
1089 1739 1784 1850 vmb das, das sya am hertzen
1089 1835 1198 1927 zehr
1078 1824 1791 1983 hierüber gipt er die antwirtt
1075 1902 1758 2029 er sipe von wägen das grosser
1099 1955 1749 2080 rechtshendlen mitt Nicklans
1101 1998 1774 2123 Suttarn vnd andernf hen durch
1105 2048 1779 2160 er vmb alles sin gutt vnd hab
1122 2096 1783 2210 khommen in grossz widermutt
1132 2161 1776 2267 gfallen, vnd siner sinnen
1142 2185 1811 2316 entzsetzt ✳ und in solcher wider
1140 2231 1773 2351 verugkeytt us dem land
1118 2277 1819 2410 ùbenr den huͦwen nid sich zichen
1116 2334 1803 2454 Als er nunn mitt siner frun¬
1131 2408 1816 2506 wen under¬ solothuen gegen
1136 2449 1792 2564 Wyerlischpach zu Ryser hab
1738 263 2418 458 ge
1743 335 2380 504 dem Rost der Landstraß nach
1749 386 2426 577 jofaren und sya bescheiden an
1756 434 2435 608 nideren huwenstein da wellt
1749 489 2405 681 vnderin suhen sn
1770 504 2473 722 dr ben dens huden
1774 624 2403 803 beg nah vnd als er in
1775 657 2466 849 sollich verwyrrtten siin han
1768 731 2443 927 wierlischpach kein, do dunckt
1776 790 2436 979 er hortte von eitlichen lutten
1785 832 2477 1020 bim thor doselbst, das sy sageen
1787 905 2477 1068 wie kuum hatts die fruw gwaet
1788 926 2493 1135 e ur ahtls ae
1799 1007 2486 1189 Im sin fruwen ertrenckt, dar¬
1790 1067 2474 1246 durch im so land gesthäch, das
1794 1099 2493 1292 er nitt mehr wüsst, wo er wär
1801 1184 2471 1355 Clagte die wyettlispach im sin
1890 1254 1966 1293 wil
1812 1235 2412 1401 fruwen ertrenckt habindt
1824 1282 2513 1435 dardurch er sinne sinnen gantz
1804 1348 2477 1493 brrubt, nitt gwüßt was er
1831 1437 2121 1564 nhr schie
1827 1430 2540 1624 vff seinlichs er wychens gefugt
1840 1505 2523 1670 warumb er dan nitt by sinen
1845 1549 2511 1697 truwen gpligen und offentlich
1835 1648 2240 1760 mitt Iha gagen
1869 1640 2474 1811 gipt diie antwurtt Er hab
1867 1687 2560 1854 sollichs uch vß widermunt gethan
1851 1742 2527 1892 dorum das im den fryweibel
1877 1792 2549 1945 von heimatt dannen gepotten
1866 1857 2499 1975 vnd des ein gschreygaugen
1914 1882 2575 2029 Er hab übel mißhandlet
1843 1951 2533 2079 wider in j h. von wegen
1849 1990 2557 2135 das er gredt wider denn altton
1874 2030 2579 2186 vogt dazu friemischi eiz wenn
1870 2088 2572 2226 den boß den selbigen mitt guon
1871 2143 2571 2297 habe, so solle er Iue nochttan,
1855 2198 2533 2339 vmb das er Ihme das sinen
1881 2258 2410 2383 alles hab verganttet
1902 2337 2183 2431 uffbrochen
