4032 3024
995 376 1681 501 vnnd daselbst mit Ire Zuecht
991 433 1658 565 Essen wöllen. Dessen sy sicl
1043 506 1671 623 gewidriget unnd mit püch
1042 578 1693 699 grheysen vß dem huß gan, den
1061 660 1676 759 es ira mitt lieb gsin, das
1048 726 1706 844 er hinm gangen was daruff
1035 776 1701 898 hab er gsprochenn, wölte fra dauumb
1030 846 1671 954 fürpien lassen. Inn sollichen
1050 912 1690 1031 Hab 1 Ulli Herischwannd an de
1051 988 1700 1105 thür klopfett, dem Ir kneb
1057 1059 1729 1177 uffgeshan unnd ouch über er willen
1050 1122 1708 1246 inns husz gangen do dann sy
1054 1206 1749 1302 beyd ein gute zytt by ein ander
1069 1262 1698 1381 gstesfn, sig darnach gesagter
1071 1331 1741 1452 Reggschytt uß dem hußgangen
1089 1408 1728 1528 doch bald darnach wideumb
1097 1464 1737 1594 khommen. unnd als sy laug
1098 1547 1708 1648 an inen beyden geryben
1115 1605 1678 1723 sy solltend ira ußs dem
1113 1660 1753 1770 huss gan, das aber ye nit
1114 1730 1702 1849 helffen, noch sy hin wäg
1268 1793 1787 1917 1 der gstallt, die wacher
1126 1856 1777 1989 khonnen unnd sy also gewm
1118 1934 1798 2042 unnd inn die Peffien gefurt
1121 2018 1776 2142 Es sige stunst niemanndes
1143 2091 1768 2197 by wa gstin, dann allein
1145 2154 1719 2262 Ir hußfraw, des grosen
1154 2216 1771 2323 stein heinres seligen cappirt
1151 2289 1698 2393 senad sinns wyb
1179 2349 1797 2463 unnd also unnd nitt anderst
1191 2443 1539 2529 sig es ergangn
2297 264 2342 330 91
1778 322 2392 509 Frn off wnlen ls
1778 383 2367 555 Ie genenghhe
1812 544 1937 631 stadt
1984 487 2391 666 Hanno Kegslit
1784 596 2452 786 Ist Hanno Reggschytt, der wage
1814 672 2420 825 ner von Munstinen, In der
1808 743 2440 929 Isten ghe shel asbe
1819 814 2406 998 segt wnden ust mor bseh
2033 912 2434 1016 Jnn Elßbech Llar
1836 957 2283 1064 se so spar ein und damit
1844 984 2438 1150 torffs husz gethanhalediewyl
1843 1037 2469 1194 er doch hieuor gewarnet vnnd
1786 1111 2418 1263 im anzeycht worden, er soller sic
1830 1218 2202 1346 ihr müssigen, e.
1843 1330 2458 1466 Bibtt die antwurt wie das
1855 1382 2430 1534 ff gestern, dem Burkhart
1843 1441 2488 1576 WWeydman ein sagen ze fylen
1876 1513 2448 1635 gebracht, vnnd als derselb
1889 1593 2489 1708 die ergen spatt noch nit
1886 1638 2500 1782 zugrüst ghopft hab er doch one
1891 1706 2538 1861 die sagen nitt hennwollen, da
1892 1792 2550 1920 er uff hüt Holz hauwer bestelt
1911 1857 2504 1985 die im sin wagner holtz zu
1917 1919 2560 2045 bereyten unnd zersagen söllen
1917 1968 2542 2109 derhalb er zu bemelter Rut¬
1935 2051 2504 2198 storffina hus gangen unnd
1937 2095 2586 2265 angeklopfft, vnnd gesagte fur
1943 2178 2588 2331 storffing zu im herrb ze khomen
1937 2242 2592 2391 gepatten daruff sige Er knb
1938 2311 2592 2478 hiteb kommen, im uffgethan
1954 2383 2539 2542 unnd hyssen hinnfft gan
