4032 3024
1118 264 1821 419 ent mihs geteren er nenms
1115 328 1821 462 dan sin vorige truw so er sich mit
1100 378 1812 511 Ima versunen mys, da er hemn
1111 446 1815 535 zethan ✳ und von einem jars
1127 500 1824 608 widerumb mitt siner ersten ke
1097 557 1823 665 urm Vorrena schmuz hushablich gse
1131 599 1834 727 Beld darnach hab In der vnferl
1116 666 1821 757 withens grytten, das er vsar
1132 723 1829 818 mutt wither der stur nach zogen
1118 770 1813 877 han kilchbrig und in der ggne
1105 822 1468 873 d Büttikhoffen
1129 839 1817 922 dern wäpen voriger kundsin
1159 879 1838 964 s en doselbst zu dem Landthin
1136 925 1832 1005 wd eyhar  dun aber
1147 979 1811 1057 vorgenante Margretl Meyer.
1137 1014 1838 1112 nochmals sich da vmbienthalte
1137 1056 1839 1153 siger zu In gangen vnd leide
1142 1105 1840 1213 wichers abermals mitt Im gfeil
1184 1152 1840 1248 ber keinenkey gstalltt im die
1128 1197 1840 1309 Ehe furgwendt noch ützit so soll
1158 1243 1848 1354 pflicht beruren mocht verheisse
1143 1301 1841 1431 Noch das kindt so er von Ara
1152 1349 1833 1486 hatt vnderm schyn der Ehe
1174 1385 1859 1528 sonder schlecht nach Christenliche
1176 1432 1852 1568 ordnung zunhauff vorschaffn
1155 1489 1853 1619 als der votten dasselbig sin kindt
1168 1559 1674 1665 zum tuff verschafft
1169 1580 1854 1709 Mitt vndenthänigster pitt an
1155 1622 1856 1775 m g. herren ime zu verzyhen
1913 249 2593 453 g
1914 331 2656 510 in xpl lyvij jar in gebrnwürtig
1905 388 2584 564 chritt Her Johannes im Hag des
1898 439 2632 622 Thars, Locentz Grachsels der Binge¬
1914 485 2659 654 ren Ballins galdi großweybzls etc
2130 565 2517 685 Heinich Grüme
1885 634 1968 717 I
1935 626 2665 786 zu Marzili nochmelen aller notturfft
1925 692 2656 865 toch befiegt vnd ernstlich ermandt,
1914 752 2596 911 der sieer veristhandlungen sich zu
2416 863 2523 911 ehel
1923 807 2609 969 bekhenmen, dandie wil sinet fälen
1918 843 2651 1012 menglichem bewüsst sigindt, so kin¬
1897 709 1970 731 I
1914 914 2648 1043 midt nungheiern witt darfur nach
1920 958 2655 1097 ertn werde man auch nitt erwinden
1920 1030 2652 1157 sonders pepen im mitt der martter
1923 1073 2590 1216 fürfaren, biß das er sich doch
1926 1128 2585 1271 ett so mitt aller doch ettlich von
1914 1178 2622 1308 Ime brgangnen freuen sachen
1919 1223 2650 1357 auredt werde, vnd ist hiemitt
1924 1289 2650 1411 erfinertt worden der fieuor mehr
1927 1328 2580 1453 malen fürghalttnen Rrtickel
1932 1386 2567 1507 dieren keinem schuldig zu fer
1945 1438 2585 1552 er ein namen haben will
1955 1496 2590 1623 vusse gentzlich hieriben mitt
1947 1558 2666 1666 zu sagen man thu jung wie gott
1925 1600 2626 1709 wolle, habe ouch weder für sich
1951 1647 2654 1766 ebst noch mitt böser gselschafft
1875 1703 2633 1826 hùe fürgenommen weder zuͦ stälen
1914 1759 2615 1874 odespicher uffzeprechen ✳ noch vyl
2406 1804 2567 1892 dorun
1952 1834 2408 1915 minder zu munden
2064 1882 2606 1969 ferstlich lähe uffzogen
1902 1945 2635 2036 Ist in sonderhosamns anghaltten der
1933 1983 2636 2070 wyntin zu Hoffringen halb, die
1932 2032 2684 2119 do in solle vereclagt er gruning
1927 2069 2673 2162 hab sie alsszu ir spychen wellen
1928 2119 2686 2211 gan mitt einem stein gworffen
1934 2166 2644 2258 desse sich zu bott hab gelegt,
1938 2202 2672 2309 auch von wegen des steinachtrs
1952 2242 2688 2341 den am schwarn die strin auff
1960 2300 2416 2386 solledt brgegnett s
1938 2325 2671 2443 Ist hierber keines anerdt
1953 2374 2688 2491 so er etwas hienvon sagte so thätte
1948 2433 2555 2538 es ime greblich unrecht
2381 2481 2516 2549 arze
