4032 3024
1088 376 1676 542 ff frytag dem 1x4 tg
1060 473 1684 604 wütermonns im 1557 j
1081 545 1694 663 In gägenwürtig kleyet, der d
1081 612 1695 731 frommen ersammen unnd wysen
1088 686 1671 781 herrn Petterman von Grlah
1097 744 1698 852 des Thars Gollins Gallis
1102 821 1704 947 großenweybelss vnnd ertlichde
1081 889 1651 988 weyblen mner e herren
1252 988 1593 1107 Besten kg
1135 1048 1713 1200 hagt Bastian Boli alhie pinig
1099 1143 1595 1258 anzeygt unnd bekhenn
1103 1228 1745 1332 nach dem unnd er nechst vergangen
1100 1288 1717 1378 Semmers lybs kranckheytt
1117 1347 1709 1459 halb, wie noch ougensthinlich
1112 1411 1762 1535 übell gmosen. Hab er sich by sinem
1113 1488 1764 1593 bruder Hanns Kolin zu Waliszwyl
1110 1565 1771 1676 Inn der Kilchöri wynauw einhalen
1130 1631 1780 1736 unnd nach glägen hrytt, imelsten
1126 1700 1752 1805 Urban, studl im möglich
1144 1769 1759 1879 gsin zum zytten zolz gschytten.
1152 1848 1777 1937 dornach gan Willisouw kanen
1150 1901 1763 2004 daselbste inn einem wüeshuß
1154 1970 1781 2072 zu Fuith gedienen unnd in
1156 2021 1753 2141 derselbigen zytt, sich das vende
1159 2101 1744 2204 von zug, dadurch gezogen
1177 2166 1764 2256 do dann der sennknächt des
1173 2219 1791 2323 Flosers E. Erben Heusli von
1172 2282 1811 2399 Zürich gnempt, zu im khommen
1164 2345 1804 2461 Inne von khundtsame was an¬
1184 2423 1816 2530 versprochen und gehätten. Sytmaln
1186 2478 1817 2600 er Koli so übell beklydet weren
1757 318 2427 513 Sölte so wol shun, vnnd Inn den
1779 383 2470 556 Rucken unnd kegs bis gan losanns
1807 469 2431 616 fragen. Sso welce er sich daselbst
1793 502 2489 674 nurlich bekleyden, unnd ime kolin
1800 598 2462 740 demnach sin kleyd, so er jetzmal an
1808 667 2472 831 ve ansen a nd eden
1799 708 2450 903 wnde isten. der se
1821 793 2456 960 willfaren vnnd erstartett, doch
1821 869 2492 1019 darnäben dheineley gstalln sine
1816 943 2514 1110 hauptman, noch einicher besoldung
1825 1014 2497 1164 nachtgfragt. Nach dem aber
1840 1088 2450 1218 sy bum dahin gen hsannen
1828 1161 2479 1277 khommen sig den knechten mit
1825 1227 2484 1349 lange wyl sich daselbst gestumen
1836 1300 2454 1427 vergonet worden, ye das er der
1862 1360 2503 1472 seinknächen sich daselbst nitt
1862 1421 2502 1553 bekleyden könden deßhalber
1866 1506 2515 1632 Inne wyter uffraget vnnd gan
1882 1563 2511 1691 Bruff hinn beschyden. nach
1889 1651 2554 1754 dem aber die Knachen den nöchstens
1887 1720 2586 1830 näbend ro der flus zu gezogen
1907 1786 2573 1901 sig ir mitt Inen biß gan Nanma
1900 1840 2561 1972 Inn das suffen stettlin khone
1908 1905 2564 2036 vnnd fürm mitt wycher zuh
1919 1979 2592 2102 wollen, derhalb Inn der Serlm¬
1914 2051 2546 2177 Kiachen schlechelich mitt e dry
1923 2112 2604 2219 weign zeilffer grosen, abgeferigen
1916 2175 2597 2287 Innassen das er sich des allmuses
1918 2228 2585 2357 heimwertz gebruchen müssen, derhalb
1925 2293 2551 2409 er am fürgang zu Wifflispur
1943 2355 2601 2465 vor miner gh huß gebötttlet
1935 2416 2591 2527 unnd daselbst vom amptman bei
1943 2458 2603 2583 hendigott unnd alher pfengkli
1946 2552 2277 2664 gfürt worden.
