4032 3024
1058 304 1725 419 gsphen, das er sol gsprochenn
1055 371 1702 492 haben, ir bröchend mir inn
1087 444 1717 555 als wann ich ein wachsel
1076 502 1705 613 hund ware, und den schwer
1091 563 1719 669 gotsliden hab hiemit kouff
1076 631 1716 735 lassen, da antwert er
1082 686 1733 795 er hab gsagt sy brohin im zn
1085 745 1747 850 als wan er ein wachtel hund
1097 808 1740 918 war, hab aber mi geschworen
1084 955 1732 1090 Zum Achtenden das er Helgas
1090 1036 1732 1152 hofftmals in tutsch und ouch
1079 1112 1778 1210 In Wälisch söl gefromen haben
1101 1169 1766 1270 wann im got ussh gehelfft
1100 1234 1782 1334 mufft werde, Es ettwann einem
1120 1284 1731 1397 ein buchen herpst werden
1075 1352 1768 1457 Da er geanzwert solichs möge
1141 1419 1697 1510 in oder nit wüsse es nit
1133 1465 1787 1570 eigentlich doch sye er wider¬
1120 1527 1713 1623 war dis gsin ✳ unnd mochte
1135 1581 1764 1682 solichs ✳ villicht daruff gredt
1131 1631 1792 1756 haben, das er gsumott wann im
1144 1690 1778 1803 got Ussh gehilff ettlich von
1163 1759 1794 1854 Wiffesispurg ettlicher ursach
1135 1813 1791 1917 des Rechtens nit zuerlassen
1116 1926 1734 2046 Ium mundt als inn die
1137 1997 1772 2099 Fwybell an das gricht gfür
1126 2064 1771 2137 vnnd dadannen widerumb
1130 2115 1791 2210 In gfengeknus gefertiget das
1127 2168 1779 2255 Er für vnnd fir die ange¬
1153 2217 1791 2315 zognen schwür pfgan lasse
1138 2269 1769 2364 dit iste er garabred und
1153 2330 1668 2434 Cheis wags bekantlich
1139 2432 1740 2565 Zum zechenden als inn die
1827 253 2562 412 Weybelle gan derinfurer welen
1833 321 2514 474 Eerstlich alhar ganbern furen
1862 377 2478 528 welllen unnd im dasselbis
1833 440 2503 584 In der pfengeknus angezeigt
1841 503 2486 636 dien er aber muln gschworen, gots
1836 549 2522 688 lid ich wil mi gan er welte
1871 609 2475 737 nin gan hatte mit Magers
1857 664 2488 816 gschefften mir zeschaffen, als
1862 727 2536 864 Aber aber die wegel zu im
1863 775 2564 938 versagt solichs vor siner eignen
1875 846 2459 982 gschafft wegen zechund sin
1888 901 2557 1043 hab er für und für mit sinem
1906 962 2604 1077 gewonlichen schwur sich gewiderer
1906 1024 2529 1151 zegand. Derhalb der weybell
1902 1087 2545 1215 oeahs zu dem lanndvogt an
1889 1154 2529 1272 zuzeigen vursachen worden.
1888 1201 2565 1327 Daruf er geantwert, es sye
1917 1249 2505 1374 ein minder Er hab gsage
1898 1330 2562 1432 Er wel mit gan bern dann
1887 1397 2487 1503 die tagsans von magors
1921 1441 2497 1560 wegen sie erst uf constag
1913 1480 2580 1617 und wel ouch nit gannz sy
1914 1556 2585 1667 furint inn dann wie vornach
1910 1612 2538 1724 dann sy in das erstmals iit
1919 1669 2586 1765 furchent gheet des schwerens
1927 1730 2557 1848 halb, so er damin spl gechan
1924 1789 2521 1904 haben ist er im bkantlich
1973 1953 2553 2069 zum dinufft als inn die
1949 1996 2601 2113 Weybel an die Huwenbrndb
1975 2073 2599 2178 gfürr knnd zu im gsagt er
1962 2126 2647 2244 müss inn pfenckeins sy welten
1940 2170 2598 2305 In mit vff der guehe guttsche
1961 2240 2631 2355 huttn noch sinen wartten
1973 2296 2523 2404 das er inen geantwirt
1985 2291 2618 2446 warumb so jun  zu wiffli
1994 2397 2625 2508 purg gsagt er wurde nit
1973 2452 2603 2584 in pfencknns kinen ✳ gots
