4032 3024
1081 2228 1136 2297 do
1080 318 1792 463 vff menag den 29. Mzens
1073 395 1808 530 n gegenwurtikent Herren Nicken
1076 438 1811 598 Scharwen deß Thars Adim Jon¬
1077 497 1723 620 ner der burgern ist zu
1073 557 1372 641 Marzilliar
1222 618 1689 720 Hans Jung von
1292 692 1782 790 yberstorff fibingen
1437 756 1575 822 piett
1079 774 1812 883 spinlich befragt worden, will kei
1099 841 1827 936 ner anderen mißhandlung anrede
1085 895 1813 981 werden ✳ dan wie ers desz gisten
1075 946 1823 1039 dem vogt zu Großburgn bekandt
1101 993 1829 1101 hatt, vnd minen hrrue gschrifft
1082 1060 1820 1154 zu bhonis, danuonthin auch alhie
1096 1109 1791 1198 in der keffi nim Heine großen
1080 1156 1809 1263 Sertächen, das er enstmal
1115 1196 1829 1305 von dem jungen heugstfüle
1208 1285 1275 1320 ain
1105 1258 1832 1376 so vom zun steccken dermassen
1123 1307 1845 1417 verwundet das ime nitt wihn
1092 1339 1842 1475 ze helffen war, ande deshelb
1124 1396 1822 1518 et es gtrd gscllagen vnd
1111 1440 1851 1568 also frisch ertlichs fleißt der
1181 1474 1807 1599 von ineersaltzen vnde
1109 1525 1851 1670 gedoret alhar Feil tragen dis
1112 1584 1856 1729 die Pfistrin by der gilgien Im
1124 1640 1823 1776 einest vilb Ddemnach bivi
1126 1686 1728 1818 oder ixlb abkufft hab
1145 1743 1816 1871 vnd thu alls vnd als so er
1288 1783 1843 1901 knst usz dem gedignen
1124 1817 1864 1973 rostfleißh glößt hab mitt über
1164 1923 1454 2023 i batzen,
1088 1926 1846 2114 sannenthin kein die husfrun
1143 1973 1867 2130 zu gerberen zu Ime fragende
1132 2024 1888 2175 ob er mehr deß fleishs herren spüh
1140 2081 1863 2211 e hab keins khürs mehr aber
1142 2088 1885 2257 wol gutts gruns von einem vindt
1157 2155 1870 2304 hies y ine ina bringen ✳ und yr
1150 2198 1887 2348 als ers Im brechte ye lieber es
1129 2247 1881 2398 jra warz uff das brachte ers
1133 2280 1886 2434 Im glich monndest an einem mi
1156 2305 1902 2484 wochen 4 tag von der herr
1137 2362 1871 2542 fastnacht nd von keinem
1164 2420 1882 2555 andern vost dan von dem
1289 2469 1899 2592 so sich amn heylen geon
1143 2539 1295 2602 sind
1186 2493 1901 2654 tund an an der stett vrhli
1178 2532 1907 2696 tet hatte ✳ und ime gschlutt
1860 296 2658 466 i ein sieh sien
1878 368 2576 496 mùtt und mitt unbeholffnen
1860 404 2612 568 hußgsind beladen, vend die¬
1850 433 2648 598 wil die vmbstruder darzu nners
1876 496 2598 640 des vind wäre mitt desterbe¬
2264 554 2567 633 es kein trug
2230 623 2318 659 n
1930 602 2230 692 vermeint₎
1886 634 1937 692 ser
1863 595 2557 749 dorin gebruchee gen das ert
1893 632 2625 792 vmkuge fleish darvon verkuufft
1885 683 2639 845 hett, doch erkhenne er sich grö¬
1888 734 2625 902 blich gfeltt zu und pitt m g.
1900 786 2640 943 lure vmb gnad von siner Klein
1900 844 2614 991 nen khinden wägen ime zu ver
1906 870 2633 1038 schonen, hab es in keinem bo¬
1911 941 2597 1077 sen muttwillen sonder noch usz
1912 988 2652 1136 allefantz von gemands uffgey
1910 1054 2640 1191 sen, gethan, sonder die armupt
1908 1102 2623 1239 vnd grosser hunger habindt In do
1907 1148 2590 1291 hin triben das er gelten loßte
1916 1209 2572 1327 brott vnd krüsth zekuffen
2114 1241 2586 1343 und anders zwer nottwend
1909 1281 2641 1410 wither ist Im vast anghaltten ob
1914 1326 2609 1443 er nitt von einem goss das der
1902 1379 2632 1517 fifflen gstorben fleisch har trage
2151 1431 2648 1527 st sin antwortt er nan
1911 1478 2006 1558 habe
1910 1472 2633 1581 me das vff sin Seglen heil vnd
1910 1516 2643 1632 welle daauff sterben das er
1928 1549 2641 1667 nie von einem solchen noch ander
1920 1602 2605 1703 rem abpfanllnen voß ützit
1921 1639 2645 1752 her bracht hab, Es habe Hans
1926 1685 2658 1804 fnnde Mistlers tochterman der
1933 1727 2668 1849 andest ein liederlicher trunckene
2174 1773 2654 1866 ime unneschuldt
2087 1815 2172 1884 sich
1909 1824 2084 1878 sane
1945 1819 2644 1918 die nachredt uff nohen vnd
1934 1865 2666 1975 ine lan ussgan ✳ wie er von eine
1959 1899 2649 2016 solchen verdorbnen rsz etwas
1936 1951 2674 2059 altir zum wyssenknntz verkufft
1935 1992 2652 2119 hab, das aber nitt sig, vnd
1944 2040 2650 2138 In nie in sinne sinn noch ge¬
1942 2078 2696 2183 dancken kommen solchen verderbliche
2002 2148 2159 2213 rug zeube
1942 2135 2655 2254 denns zuͦ finburg sig er in ge¬
1956 2181 2646 2310 fangnuß bhonmen aber her
1961 2225 2657 2338 nach vnschuldig funden, fnden
1950 2270 2678 2391 das zu der Zytt als er einen
1943 2311 2703 2433 dem er vor ein schwyn verkufft
1960 2359 2679 2471 hatt, den bachen fleish darvor
1991 2393 2688 2512 ist dem husz eitragen hatt
1961 2432 2632 2532 diewil er ine hierumb nitt
2371 2461 2662 2548 das aben
1968 2494 2375 2591 zubezalen hatte
1983 2501 2689 2617 enttagen und dem sinen widerumb
1984 2604 2174 2662 zu khomen
