4032 3024
1345 331 1502 397 mnde
1126 334 1742 505 Zum zwölfft das er auch
1126 415 1759 565 Ossegossen wann er solte gricht
1137 494 1775 623 werden, wurde er an ablaß
1147 548 1773 666 schryen Ich e vogt von thorber
1147 597 1748 716 Ich Laden dich an das jungst
1155 660 1754 771 gricht vnnd welt nit ufhoren
1183 718 1787 842 hryen biß das man In richtete
1154 749 1741 870 man verbunde im dan dz
1186 840 1774 937 mil, ist bkanntlich seinlich
1160 897 1774 988 In unbsinter wiß gredt
1162 946 1353 1043 haben
1346 963 1405 1042 E.
1152 1057 1766 1188 zum wyzechenden befragt ob.
1150 1142 1765 1237 war das er gredt er welte
1141 1203 1800 1289 gern liden was darum zeliden
1154 1252 1797 1345 so mir das ime winistort
1209 1309 1719 1410 synda fry worden ware.
1153 1340 1789 1454 unnd er hate zweyschwardter
1124 1420 1776 1516 lassen schlyffenn, dero er eins
1143 1461 1797 1568 by im thate, das ander so gröser
1126 1514 1820 1620 dahennen unnd wan der vogtt
1137 1574 1810 1671 ettwan da für dytte wolte er
1143 1623 1789 1746 in etwarum ankeitzenn
1156 1673 1816 1786 disers artickets ist er ouch ei
1156 1738 1770 1835 bfanntlich mit anzeig, das er
1151 1786 1792 1911 allein ein klein böß schwert
1160 1857 1690 1971 hab geschwygen zwoy
1178 2053 1819 2182 zum 14. das er ouch grodt
1145 2106 1792 2237 Wunstorff hab im soml leidts
1166 2163 1779 2291 gethan unnd wan er schonn
1188 2203 1825 2331 sturke lage ime eins neben den
1174 2261 1796 2382 nnderen, er sye im sum er
1163 2313 1854 2439 hab vil rechts aber mus alwes
1168 2378 1776 2474 von armutt wegen das lätzer
1163 2414 1822 2557 han, ist kanntlich das er solich
1214 2528 1390 2600 geredt
1874 346 2494 497 tum 15. ist er okantlich das
1861 424 2468 530 er ouch uissgossen ✳ wann er
1887 453 2513 585 solte jeyunder sterben, so wurde
1846 504 2545 655 er ettlich sie im Zleid gechan
1876 582 2540 705 hattint an dz jungst gricht
1894 657 2147 759 aden
1964 751 2478 881 Michell Haussi vn garenstein
1887 841 2513 965 zumme 16 ds er soll us
1888 914 2503 1035 gassen haben wann in der
1884 965 2506 1081 vogt von sinem guttli ✳ wybe
1898 1027 2498 1129 brachte, so wäre kein wunde
1888 1073 2514 1195 das ein montsch sich selbs ver
1920 1131 2472 1237 gase, wo ers mi mochtte
1900 1181 2508 1294 rechen in ettlichen wagn das
1911 1235 2531 1338 er als bald ettwan einen umb¬
1918 1291 2545 1397 brachte, ist im bkantlich seinlichs
1932 1344 2556 1451 also griedt haben, hab aber wol
1924 1406 2529 1509 gsagt es war mi ein wund
1916 1441 2525 1571 das einer in unglück kamnē
1931 1501 2557 1632 hab ouch mit niemants unb¬
1944 1599 2188 1694 zebrins
1940 1705 2547 1831 zetenst hat er bkheimt
1950 1772 2466 1890 das er vor 27 jaren un
1976 1794 2609 1939 schwyn zu Lpssach entfrembder
1967 1882 2504 1984 aber als er zuuor pfanms
1973 1930 2529 2055 Esn hab er dasselbig für
2004 1992 2419 2083 unnd fürbkheimt.
1901 2014 2536 2123 vnd sine frundt habindt darum
1909 2034 2585 2157 bezelung gethan, vnd vnclaghafft
1939 2139 2074 2197 enacht
1966 2135 2533 2264 wil sonnst 4it wycher
2012 2212 2370 2321 bkantlich stus.
