4032 3024
1013 252 1745 389 deren ex treffenlich verdacht
1068 314 1736 423 8 guct wo hin sii vager
1055 352 1787 493 vnd bruder fluchtig worde
1009 422 1768 531 item von wannenhar ime zuͦ
1041 489 1769 607 wüssen das Abraham ascher
1056 543 1742 642 uß obersybenthal, habe dem
1053 601 1780 703 corpell am hochnicht zu Mülli
1048 651 1739 755 nen die fingen abghuwen
1029 718 1774 796 wol zu vermutten er
1093 750 1797 870 by und mitt gsin ✳ und mit
1051 819 1790 933 selchen sinen bins gsellen mon
1069 875 1734 983 herley boses verhandlett
1051 946 1788 1053 bipt dis antwontt von dem
1092 1008 1791 1114 fft angehognen göller sih in
1087 1055 1776 1163 nitt zu wüssen, deselichen
1091 1108 1800 1216 war sin vatter fis vnd brunden
1085 1165 1808 1278 hingezogen uch kitt, denn
1076 1211 1791 1316 mitt obrnham ästher hab er
1100 1266 1816 1366 nie E einiche kundtfug shen
1106 1321 1788 1428 noch mitt yemands sich ver¬
1102 1374 1746 1482 flichter boses zu handlen
1132 1425 1825 1523 donst wellte er es alles an¬
1118 1480 1757 1587 zeipen als mehr vor der
1113 1527 1651 1619 martter alls darnac
1080 1544 1789 1686 Das aber der Escher sollicks
1127 1618 1799 1726 wie obgemeltt verhandlett
1107 1660 1817 1790 habe, das habe er zu Eschi
1176 1722 1819 1822 Petter bassers huß als er
1124 1765 1817 1880 doselbst dan einen stör war
1141 1797 1837 1944 ehortt sagen ✳ vō petter zaser
1153 1848 1842 1980 un vnd vn Casparn Schärten
1149 1938 1552 2030 sampt anderen
1145 1966 1766 2076 Als nun er keinige sachen
1152 2011 1844 2118 witter woltt bekanttlich wer
1158 2055 1852 2176 den ✳ ist er mitt dem kleinsten
1156 2120 1831 2217 Stein uffzogen worden an
1152 2148 1839 2277 tagt solchem sagt er woll dis
1162 2202 1830 2324 warheit sagen Er sab 1000
1183 2263 1821 2371 zonen gstolen och uff
1179 2304 1846 2419 enstig anhaltten verzächee
1164 2364 1809 2480 Er habe verschynens meyens
1204 2384 1875 2534 u Honrichen in den hersschafft
1855 227 2576 381 pietz dem Hansen Jaren als
1814 270 2575 447 der zu achte fur, uss einem wysse
1847 342 2575 503 seckel der in einem trog lag an
1835 391 2585 557 xj kronen müntz entfrömbdet
1825 449 2574 617 dasselbig beltt verzeutt und
1860 502 2496 651 verspilt zuͦ spietz und
1857 628 2071 705 fulgensee.
1860 563 2613 763 Demnach böser gstllschafft hats
1871 665 2585 817 witters em anghaltten vnd der
1878 712 2568 864 mittlist stein zum kleinen
1868 767 2550 908 angebunden doch nitt von
1851 805 2573 950 bden uffzugen vff des
1867 852 2601 1017 er keiner boseos gmeinschafft
1866 955 2354 1060 woltt Kured sin.
1909 999 2620 1111 vnd als die verondnetten mine
1888 1039 2620 1188 harre vff dis mal ein buuge
1888 1099 2580 1238 woltten han vff wichtes an¬
1870 1153 2566 1293 bringen ✳ ist er von der
1905 1193 2604 1344 vorigen vericht der xvi kn̄
1893 1233 2621 1394 algefallen, fürwendende die
1901 1305 2560 1449 grosse deß schmertens hab
1931 1355 2594 1470 zubracht dan er nitt
1906 1379 2621 1526 als starck in elideren sig als
1907 1443 2636 1563 man vermeind, dan er etwas
1915 1499 2482 1617 zytts versiecht gwäsen.
1917 1519 2637 1671 vff seinlichs Ist er widerumb
1927 1587 2619 1716 angebunden vnd mitt dem
1934 1625 2633 1750 mittlisten stein vff zogen
1918 1684 2646 1802 worden, in dem er bestättigt
1901 1733 2605 1854 war zu sen das er die ge
1916 1787 2541 1885 konen, hab gestolen,
1915 1809 2626 1919 mitt witter anzeigung ✳ das
1920 1866 2658 1987 er glicherwyß ingendes Meyens
1922 1918 2655 2056 zum Herrn Heinichen prediram,
1936 1975 2643 2105 ten zu Aschi habe vß sinem
1940 2025 2530 2153 trog vi bron an dick
1942 2081 2568 2199 so in einem holtzinen becher
1956 2125 2516 2254 stunden entfrombdett
