4032 3024
1039 281 1719 454 die sie. welche vor einen Inn
1045 377 1723 533 dem Jacob Schiffeli zu Worlauff
1051 465 1709 608 ein unerlich khind gäben hab,
1069 519 1717 663 dessenthalben von Irentwigen
1084 607 1746 746 iin eefrouw, sich von imneher
1075 677 1755 816 lassen, schidig die straffabe
1076 774 1734 892 an Imme schifferlih vnd an Ir
1072 835 1742 949 diseren gefaugnen nit stul
1101 899 1759 1029 erschießlich, dann das sy byde noch
1102 979 1759 1085 mals by einanderen zu uneeren
1115 1050 1753 1157 belyben, unnd yotz zum anndern
1100 1117 1526 1216 mal geschweigert.
1084 1183 1765 1330 Daruff gibt sy den bescheydt
1124 1271 1761 1394 Es werde ietund vff khünfftig
1148 1341 1734 1450 nuren irs tag zwoy Jar
1146 1420 1763 1527 das sy dienstswyß zu bemeln
1153 1478 1767 1585 chafferli khommen sig, do haber
1144 1551 1792 1662 bald darach irn fùrgaben ✳ wie
1147 1604 1815 1714 das sin eefraup, i ettwes manp
1147 1676 1804 1784 halb am lyb, ein frouw nit fhöe
1169 1740 1782 1843 sin, deßhalb nitt wunder ware.
1185 1816 1765 1914 wann er schon umb ein annder
1151 1869 1793 1976 wurbe unnd sy uberredt iun
1190 1930 1820 2053 gwilferen, mitt solchen verhyssng
1183 2000 1801 2108 nach dem syn frouw ins stodt
1177 2054 1784 2177 abglauff oder sunst von im
1194 2117 1775 2230 geschryden. So wölt er sy nit
1196 2176 1769 2312 gelen, sonders delichen denn
1183 2246 1775 2373 Ime woll domaln zzu wüsse
1185 2312 1817 2432 des sin befrouw, sich wirde
1192 2369 1781 2474 von Im scheyden, vns wag
1200 2414 1827 2550 das deneln vnd die zyt ein
1192 2477 1819 2616 andere mit namen Maprech,
1209 2539 1789 2690 so zu diser zytt kendichen
1207 2611 1829 2779 Buggeren zu Worlouffn hat
1799 183 2440 439 dr  w
1812 292 2450 486 n etaen und i ein
1818 387 2463 584 geen 1 ghon
1815 502 2492 675 darnach als sy befunde, der ge¬
1833 573 2497 746 nist nächig sin vnnd nit ieer
1834 633 2470 796 mogh wechen, stich sy zu iren
1809 719 2499 877 frinded In Gyeler herschafft
1858 801 2513 932 gangt und daselbst zu gott
1858 877 2448 1004 nund khiinder gläg. das
1839 933 2461 1094 fauch zu Biecelen gehaufft
1829 1002 2504 1162 werden sig. dahin als sy us
1865 1096 2546 1227 der khindbeche gienge, sige be¬
1878 1155 2542 1273 meltte Jacob Schifferli khomb
1848 1224 2498 1356 und fürgan er wölt sy zu
1877 1301 2521 1410 einem wyb, hab er sy vemagh
1898 1369 2557 1496 reyters bywbung zeshun und
1897 1432 2575 1563 alß sy wie augenschinlich zum
1910 1505 2569 1611 annderen mal geschwergen
1899 1572 2541 1674 vemeie auh er welle sine
1909 1645 2357 1754 Mrheyssung gung thun
1904 1710 2607 1827 biter nun 4 herren, sy wölid
1908 1782 2567 1893 sy Ehr pfangenschafft elassen
1906 1853 2515 1951 nan feehn, das sy alle stund
1912 1909 2559 2026 khindts anderzekhommer, en
1922 1999 2173 2101 wann site
1917 2042 2545 2182 Denne irem fürgäben nach
1933 2121 2641 2249 befindt sich In des Rortriches
1938 2182 2622 2293 Mennal, das Jacob Schisfeil
1922 2259 2572 2351 von wäst maeffee sprub
1937 2300 2609 2429 von furer Befroment, vff
1939 2365 2611 2474 dem 27. tag aprilis im
1944 2451 2336 2555 15 55 jur.
