4032 3024
1074 271 1775 433 derniffe ist herr fünghalten
1082 343 1789 489 wir das ein biderma ims ein
1079 398 1779 543 geys in halben gsteltt habe
1063 464 1810 606 die er aber glich mondeß verbe
1059 527 1809 654 hab vnd als man ine überetm
1073 564 1808 697 zyet fragte wan er etwan ein
1075 636 1805 760 gitzli Inen brächte, be die sollz¬
1060 686 1815 791 Im sin glassen, er wolle werd
1092 737 1790 855 Ine bald etwan eins binge,
1201 795 1809 883 hieru sin antwunt, der
1067 821 1191 896 ger
1070 852 1821 952 Eeblysen zu Lentzbung hab im
1119 908 1803 1008 30 batzen gen darum en ein
1082 956 1817 1064 geys kuffen sollete ab und die
1088 1005 1823 1097 etwan by ein in halben stelle
1085 1049 1829 1156 do hab in armutt vnd hungen
1114 1097 1830 1189 gort da hin riben das w die
1219 1145 1826 1245 batzen vmb konn geben
1118 1173 1217 1239 30
1096 1189 1816 1305 hab sinen kleine kinden zu
1115 1255 1420 1350 erhalltten
1092 1293 1840 1414 ulegst Ist ine furghalten
1092 1364 1821 1470 der Lange nach dere wie
1101 1408 1829 1515 das er damitt ergeltt vber
1101 1447 1822 1562 khormne die wynte zu bezaltn
1113 1513 1791 1623 einer dochten zuͦ Lantzburg
1108 1558 1853 1671 mitt namen Anni Thiesser ange¬
1098 1595 1845 1717 halltten ime ein dickenpfenng
1124 1644 1853 1785 zu gäben, als aber das Meytli
1123 1705 1855 1833 ich deß widergrigert, hab ers mit
1117 1743 1855 1865 truw wortten understanden
1130 1783 1852 1896 von Ira zbringen dengsteltt
1138 1815 1869 1978 pechende, Er well Im woll den
1105 1875 1857 2016 bossen stellen vnd etwan ein
1103 1912 1851 2060 hacken in das spyl werffen ✳ und
1145 1960 1854 2096 s in Inem anghangne khehe
1119 2019 1819 2139 dal nitt lassen furfaren.
1127 2053 1812 2181 das nun die will des meitli
1119 2093 1848 2223 kein geltt geben wollen, erv
1123 2135 1862 2262 bosheitt ader von andern uff
1151 2182 1861 2312 wysen gethan hatt vnd hiem
1143 2211 1871 2355 das meyttli so vyl an im ist
1202 2268 1809 2389 schandt bracht vnd die
1130 2288 1869 2458 ftunttschafften gschmächt i
1131 2355 1882 2492 auch vyt ehrenlett in koste
1144 2385 1887 2525 muht vnd arbrit brach gwys
1133 2445 1878 2574 das diewyl exs inen nitt ab
1175 2488 1862 2621 zutragen hatt, als vyl als
1171 2569 1616 2669 abgstolen habe
1867 215 2603 440 eer
1863 295 2607 502 daber nuwen beweliten dacher
1869 360 2491 545 de he hegende
1851 366 2563 609 en enen dehe
1852 459 2584 656 einen dicken pfennig in namen
1865 503 2608 712 ines Suns vuff die Ehrlich zusag,
2221 553 2583 700 hinnen als
1865 625 2226 764 sig glen gebe
1848 626 2598 804 die dochten vndenstand zu ver¬
1866 790 2031 849 hinderen
1863 724 2590 926 bete Holchen bscheidt, Er hab
1875 801 2586 989 ich in Caspars Shiessers huß so
1857 855 2557 1015 da wüncet vnd des meyttlig
1872 891 2600 1053 buder ist begäben, das Ime der
1875 931 2616 1101 schrabel vly von stauffen an der
1876 970 2648 1163 ytten gsassen sig ✳ und gelener mitt
1854 1015 2635 1198 der selb hab img ein franckrycher
1866 1062 2651 1247 dickpf glichen den er dem meyrli
1871 1120 2581 1287 innamen, sens suns vff die Ehr
1859 1172 2610 1327 geben habe vnd er achte den selbit
1875 1198 2612 1382 habe sollichs wol gspehen, vnd als
1877 1242 2642 1419 bald etwas hierg das er mitt dem
1881 1311 2594 1466 meytli guedt verstanden dan
1877 1362 2651 1508 er vli etwas der altten prediren,
1878 1403 2633 1544 tina hienvon gseit hab, das die
1888 1451 2645 1601 selbe ye zu Ime Eberlin khon und
1893 1491 2646 1636 im furghen anzeigt wie das bemelt
1876 1535 2652 1678 Anni gan Bern gmannet habe
1892 1597 2660 1727 vff das er anfangs dem meyteli
1894 1641 2657 1762 ein Zedeli lassen schribten, so dam
1896 1689 2653 1815 also sige solle es ime den dinken
1902 1740 2621 1871 pfe widergen, so welle ers ein
1913 1772 2681 1909 gutt sach lassen sen, do aber das
2420 1816 2691 1897 in glugert
1915 1836 2403 1964 meyttli sollichen dick
1928 1871 2625 1981 iger verursachet, das er die
1924 1928 2654 2041 red hab lassen louffen wo es
1923 1962 2680 2068 das meyttli ime mitt welle den
1918 2016 2649 2139 diekenpfl gen so wellen er im
1940 2079 2531 2166 woll ein bossen ryssen.
2545 2080 2648 2171 tex
1919 2151 2384 2219 vff das ye an einen
1945 2155 2667 2254 von den Sontag als sy woltten
1935 2206 2567 2304 zkilcht gan, der Junkhrr
1927 2225 2688 2343 hetwyl, deß spanns sy habindt
1945 2283 2657 2370 vertiagen, das meini soltte
1937 2329 2624 2437 Ime Ebeli ein halbe deck
2404 2364 2577 2426 a fl.
2027 2390 2328 2462 vnd w
1949 2418 2021 2479 her
1972 2400 2629 2511 lassen seinn vnd sy mitt
1958 2459 2395 2570 wy thin Drticken
