4032 3024
982 329 1691 458 den sockel hab von Ime vnde
993 394 1678 500 banck gschlingkertt, demnach
988 458 1698 565 als man in von m h. schul
994 515 1685 606 heißs Nägtlins huß durch die
990 559 1693 676 brützgassen gfùrtt ✳ wollens
1010 620 1698 723 m Herren statthaltter furbe
1012 684 1709 784 stellen,  habner in dem die
1017 740 1672 845 hab er die flucht gegen die
1027 796 1713 903 kilchen zu neien vnderstend
1032 852 1717 960 das hiedurck sin füler offen
1032 898 1688 1005 ber vnd luuprecht worden,
1035 952 1737 1059 und m g h. nitt wol kein
1039 1016 1726 1112 an sin verantwortung khome
1028 1056 1723 1161 deßhalb wo ers wor nochmals
1046 1111 1734 1228 bekenne Ime woll vnd gutt
1060 1167 1736 1274 wo nitt so werde man gegen
1063 1211 1736 1319 mitt der Martter fürfuren,
1053 1269 1744 1385 vnd wo gestrigs dis ii stein
1070 1327 1745 1451 also hütt augends die i pro
1078 1384 1485 1497 ten anhancken,
1069 1422 1726 1556 wardt hiemitt angebunden
1057 1481 1768 1614 vnd der grost stein im zu¬
1088 1576 1256 1679 gesteltt
1073 1591 1777 1730 vff soilichs ist sin antwortt
1081 1647 1783 1775 wie vor, wan Er schuldig, wel¬
1079 1696 1771 1823 1e Er es bekhennen, sig aber
1076 1737 1787 1885 weder domalen noch anderst
1085 1792 1764 1924 wo nie deß sinns sin leben
1085 1842 1781 1983 lang nie usin noth yemands
1072 1903 1779 2031 begeett üydt zu enfrömbden.
1459 1962 1558 2009 dan
1181 1953 1756 2073 nitt minder dasdem an
1107 2009 1783 2117 dir anckemang einen zu spte
1105 2053 1767 2162 du haßt mir dein Seckel, vff
1108 2103 1775 2207 das Ee das er wiederredt
1109 2146 1789 2264 glich an der stert widderredt
1096 2167 1797 2311 das Er aber pflochen, sig die
1124 2228 1789 2360 vnsach das Eine so ein grosse
1136 2289 1781 2409 menge wvolcks nah volhetts
1118 2323 1800 2448 wüssten nitt wo er warz und
1141 2397 1779 2498 vor schaam und unbesents
1141 2430 1806 2549 sich er gegen den kilch gflochen
1157 2471 1798 2607 den er sonst nic hie gwäßen
1172 2579 1267 2662 5
1776 352 2417 529 tein angebunden ✳ und ime
1774 402 2475 592 angehaltten anzezoigen wetche
1784 465 2414 629 sine bueßgsellen sipendt etc.
1757 525 2439 705 und ime ein verdanck ver¬
1788 587 2443 738 eüntt, Diewyl min herren
1775 626 2434 808 hinuß gangen vff die feine
1779 659 2474 839 vnd nachghalttnen vnder¬
1791 736 2483 898 redung, Ine desern pfangne
1799 803 2502 975 lassen anziechen doch mit pentz
1799 856 2446 1023 lich vom boden vff, dar
1791 893 2489 1072 durch nunit bkauttlich worden
1822 940 2502 1095 und sich vomb von vnd m. g.
1813 995 2504 1151 herren beuelhende, Er teupe
1830 1051 2503 1191 er habe frarmw gnedige lie¬
1820 1091 2503 1247 beherren, sy werdendt ime
1834 1144 2477 1306 nitt überthun noch ime zu
1837 1180 2522 1333 mutten zu bekhennen die sachen
1812 1274 2348 1399 der er vnschuldig sige
1932 1570 2530 1702 klicher gstallet Ley Bychen
1965 1628 2519 1744 von treffels us Fey¬
1982 1722 2092 1784 biin
2089 1754 2272 1802 zu Marzik
1836 1717 2538 1865 Abermals mitt₎ an dem seyl
1879 1759 2552 1909 befregt, doch nützit anderst
1863 1825 2545 1955 noch witters von ime uszgepracht
1894 1873 2540 1985 dan wie vor bekhandt, den
1874 1915 2545 2052 vnd habe den andern serbel
1882 1967 2560 2091 mint den puii guldinen nir
1889 2018 2560 2137 gesachen, iig Iund mitrit von
1888 2053 2604 2194 dem zuwüssen, vnd sin Meyster
1896 2112 2585 2241 gezige Ine vnuerschuldt, habe
1896 2164 2602 2300 sich gutt zu erklagen, wermeint
1914 2213 2586 2338 gan belichen gstelt wie am
1917 2249 2608 2391 eyl befrage wurde Er andrest
1925 2365 2059 2448 sagen
