4032 3024
1023 258 1752 429 Uff Sambstart dem 2. augi
1037 374 1742 507 In gegenwintgkheyt herr sebestin
1062 438 1751 566 darn des tharts hu Abrehen nuß
1068 510 1756 629 bredirantn her großweybell ge
1052 569 1321 666 oldi
1366 677 1776 831 Nachell Pr
1133 1687 1795 1797 bibtt den bestheyd. Es sig mit
1140 1759 1768 1863 en, dann das er uß ertwas forcht
1131 1823 1814 1924 man wurdt In gefengklich annenne
1139 1886 1791 1980 in die gmeind mit khommen sic
1147 1943 1788 2049 och sich erzeyg dörffen wiewol er
1141 1998 1794 2108 domann anheimse gwäßen, das in
1155 2057 1788 2174 aber doch von stundan übell g
1153 2144 1830 2229 ruwen wn, aber es ware perfunst
1149 2178 1798 2293 unnd sige mit gsumet uß dam
1146 2250 1838 2334 Hand Zischen vnd vil darin dane
1155 2298 1829 2406 daruß geschweren. von Wägn
1198 1681 1208 1683 miger im land belybt
1165 2353 1797 2468 des kilchgange, sic er vor einen
1154 2415 1769 2527 Jar von Wäln Bärber boredt
1163 2492 1840 2586 worden. Dieweyll Jederman vnner¬
1182 2541 1851 2648 schydenlich ✳ der gangt unnd aber
967 803 1787 937 Ist Michell Eisthang von Asllib
1107 908 1774 1011 Delßbuch, alhie In der Insell b¬
1093 976 1796 1095 fragt worden, was Inne verursache
1104 1046 1787 1139 hab, das er an der Landts guendt
1099 1123 1785 1212 des Vodrigen jars daselbstzu dieß
1106 1176 1754 1280 bach gehallten mit eschynen sye
1096 1247 1792 1351 darzu mener g Herren Cristenlich
1122 1307 1766 1420 ordnung nit gehorsamen in
1132 1380 1788 1481 dem das er sich wie ander töuffer
1128 1438 1799 1547 des kilchgangs sich gar enziecht unnd
1124 1515 1808 1614 vssere, darüber ouch, als ein widerspä¬
1119 1566 1620 1681 miger im land belybt
2536 238 2596 295 23
1883 290 2579 428 zur kilchen gang. zimme sich eine
1875 366 2583 516 Cristen nitt mitt der w�llt deen
1886 417 2472 551 nit guts verleyssen zelauff
1892 500 2568 623 anders von Ihren vßziechen, vn
1895 556 2541 704 bzusunderen. Ennst habe er
1883 624 2580 767 nochmals bishar weiig von inen
1883 702 2573 816 den wideroufferen gleit vnnd
1895 765 2550 878 möge Inn allen articklen, wie
1905 818 2579 944 such in diserem an des obemellen
1900 866 2606 996 predicann ußlegung unnd gegäbne
1912 943 2608 1086 ußgeyd gar wol byon, hab vich ouch
1913 1000 2655 1134 getzhiger syt daheim als man
1914 1090 2531 1213 behendigen welltt sich erpott
1910 1140 2640 1266 der gehorsame und straff zeb
1914 1208 2619 1327 zeerlegen, groseren umbebsten
1932 1273 2642 1403 mit sine pfangenschafft ufflauffn
1923 1336 2631 1464 möcht zuuermyden sig deßhalb
1919 1408 2650 1517 sin uderthänngist girt sy wolltnd
1926 1470 2630 1583 in in g. uffnemmen und vo
1928 1545 2602 1642 sins kheinen vneeheg vner¬
1943 1606 2633 1711 zogins schinden willen an der
1943 1661 2623 1774 geltstraff nochlassen. Dene
1935 1730 2683 1832 es an ir mordg manpell kai
1931 1792 2638 1890 wurde, so er sin Buli das er
1940 1849 2668 1957 Jatzer Dinzig habe vor deswag
1969 1926 2292 2026 gerkhauffen müßte
2006 2022 2616 2119 Iun vff obbemellter miner
1995 2077 2654 2167 heren anzug, sagt er wytters
2015 2140 2648 2239 mie nitt Zeien si sin war
2025 2189 2673 2298 Ueli zedo sin zuzug habe.
2012 2257 2723 2380 dann wydt dem herbst eean siiner
1975 2328 2705 2430 herr nie gwassen, sige ouch daob
1991 2377 2736 2500 by iren somt in zwüssen kheiee
1991 2452 2621 2542 meee, der domaltn an derselben
1982 2509 2702 2610 vesamlet gwüsen, dan Hars kon
1990 2569 2558 2668 negger sin frouw und
1983 2631 2702 2726 mntre, sichnd hios vorhin an
1983 2697 2335 2778 Häberberg zogen.
