4032 3024
1011 340 1671 458 s woll zefinden worden sein
1025 401 1696 532 unnd resso sy us ungang
1025 469 1702 577 des habbenn unszin frouwen
1020 537 1707 629 mit der wasenn misgandoptt das
1034 590 1702 683 er sy fürtod habe lasen ligen
1042 634 1723 733 hatt zron will mon das thunn
1021 701 1702 804 Eleend zu bpitt than daue
1045 758 1681 865 sy vbedt thuonbtgient ✳ hab
976 801 1648 915 das doch gbbes vormitz war
989 876 1720 994 wo sy inn nit so mitt sosen
1044 935 1698 1057 thandlichen worden wönn an
1044 999 1714 1112 gefabeen  bittot min s iu
1040 1072 1749 1160 vig sonichùng ✳ mitt sogoren
1052 1120 1764 1222 das man in lasen sagen das
1043 1178 1741 1288 sy zundichen gaͤgen guw kine
1069 1228 1768 1326 unnd nit so vil₎ thrinckd ✳ so wol
1054 1296 1758 1404 er sich ouch bas in husgabt
1075 1371 1303 1470 tick etc.
2408 259 2472 338 63
1800 306 2410 493 uff Hans Maichin
1770 404 2399 548 Den 19. jag Novembris
1801 421 2495 632 An 1561 jar zn bewasen,
1819 491 2503 673 herren Großweybelle Balles
1820 563 2482 726 Guldig vnd der wegelen
1885 642 2374 772 miner g herren
1859 729 2527 889 Ist Lon Giehen von Treynez
1858 807 2483 977 us der gerschafft seyburg
1880 879 2535 1018 In der kefflen befrapt worden.
1890 942 2500 1090 welicher bhent wie die fr
1900 996 2540 1174 by frantz murern zu ober¬
1868 1068 2520 1224 burg gedienen wellicher Ime¬
1886 1128 2507 1279 by wier Guldmen getts. lid.
1894 1188 2575 1324 lans unnd sonnst gllichens gelt
1913 1259 2507 1405 zechund schuldig gwassnn.
1901 1344 2563 1474 Als er aber von demselbenn
1944 1405 2524 1541 mein Meyster nit mit lieb
1931 1461 2551 1589 mogen betalt werden hab
1894 1518 2577 1681 Er in desselben sins meysters
1902 1604 2602 1723 lebent gaben us enem holtzern
1926 1652 2625 1811 Fistlin darin ein manen sekel
1936 1755 2512 1845 und ettwas gets darin.
1952 1793 2620 1911 Anntfrombden wüss aber nit
1938 1855 2568 1976 wie vsl des gelts spn denn
1960 1903 2605 2045 Er Es ein gezetten jedoch sye
1944 2003 2578 2126 estlich get, noch als ver
1949 2050 2575 2185 hasind dann er ni meer.
1940 2115 2589 2253 Dann 1 s darvon kchan
1949 2210 2655 2377 deß guchen hab er auch dem stellen
1991 2311 2601 2424 nem myßer ein neyetli
1961 2376 2625 2508 fart rof entrag und
1956 2451 2602 2576 Ein vor glissmer henschen
1967 2504 2602 2667 Entrig wit sonste mit
1992 2589 2488 2724 wyrch bkantlich sin
