4032 3024
1158 282 1466 382 Lat
1018 327 1789 515 In der manen keffi ist durch herren
1030 393 1795 571 großweybell fraunt de viell von
1037 472 1773 637 blonnen usz der landvogti Lilling
1043 515 1787 704 notch volpende ardickell befragen
1053 611 1801 742 worden von wagen das er frantz und
1064 648 1811 816 in vstelles, der nach sein sy durch den
1037 681 1825 865 Fryweybell pfrncklichen angnommen
1056 775 1818 920 ußs broch vnnd des nachts entluffen
1060 842 1751 974 ein schlogell achs unnd ein isrne
1069 909 1845 1027 Weggen durss vorttner umb 7 kriten
1066 976 1835 1101 uerkhorfft, das gret im wirthhuß
1079 1042 1795 1141 vertet zuden hab man noch
1088 1088 1839 1221 ein Biell unnd ystnen wagen hilder
1072 1169 1375 1267 zme funden
1206 1267 1799 1402 Franntz deffiall
1079 1357 1837 1478 ist sin antwurt ✳ namlich konndg
1074 1440 1832 1529 nit ab sin dan das er unnd sie gesell
1091 1497 1858 1595 uff den tag als sy gefangen werden
1088 1544 1814 1643 in einem buss an der strafs ein
1106 1604 1815 1710 legell achss und einen ysenen
1085 1660 1859 1764 Weygenn funden liggen haben
1199 1727 1822 1824 öllcher weygen unnd achs uff
1108 1743 1185 1842 B
1121 1772 1844 1891 gnommen ✳ unnd wir obgemelt und
1109 1824 1857 1947 7. Krützer verkhoufft und das gelt
1117 1880 1838 2006 im wirtzpufs szert ✳ ober as
1106 1924 1848 2056 Brell unnd dem ennen weggen
1135 1997 1835 2113 so man noch hender im funden
1120 2052 1860 2177 habe sins gstellen frouw, inei
1140 2099 1842 2244 meittli gäbenn abe er möhnet
1141 2183 1848 2301 wüssen, wanne mit keinen
1154 2204 1873 2361 igeit denn tan der selb des tach
1141 2273 1859 2424 uff der strass on allepefern
1131 2336 1878 2464 zu im kumen ry ✳ unnd sunst vor¬
1139 2384 1888 2523 nacher sien kein ynwinschafft w
1140 2441 1876 2577 kundtsame gegept ✳ wüsse auch
1172 2533 1639 2627 men namen nicht
1119 2557 1905 2701 Dannreth in ist imr ouch fürgehelen
1179 2643 1908 2762 in vorige gefencknus den 5. tag
1839 298 2521 469 unwäre i berwüsseren, die des
1839 357 2549 529 frömbdenn yenkramers waren
1848 399 2582 560 unnd einem Büschli bentell, so er dem
1885 468 2558 614 um frauwe allike us siein laden
1864 517 2586 671 gnommen vnd eutdrae hab wellen
1843 586 2482 740 Ich durch des ystenkramers
1839 643 2486 801 diener ob der darergriff
1852 719 2620 893 daruff er wir domallen zeantwunt
1866 819 2596 948 eibt, diemesser haber im oberen
1894 883 2604 1008 pittall in Bisin des elteren bättel.
1891 940 2618 1066 sagts von einem u dem ougstall er¬
1880 1016 2520 1136 koufft abr die vendeht, do
1877 1084 2626 1206 wüsse er nit wir oder warnu ses
1881 1166 2257 1267 gnommen hab ec
1889 1234 2594 1348 Ist domallen Ler und das ander
1908 1312 2570 1404 nall mit dem elomenstein
1922 1392 2307 1489 uffhopt worden
2322 1389 2410 1491 ec.
1922 1500 2613 1637 uff Zinstag denn vi tag apresens
1910 1590 2608 1698 Am68. jar ist zu der frouwenn
1915 1651 2639 1760 Kiffi Margret asstganns ufs dem
1918 1713 2676 1808 degstatt vnrtig ✳ die sunst vornacher
1915 1756 2617 1867 mit antoli frlse beide iss dem
1903 1808 2655 1913 ogstall vürtig ✳ mit ime zu murten
1924 1879 2598 1982 trlichen gsessenn unnd jetzunder
1940 1937 2663 2040 mit jchann er court predicanten
1921 1991 2667 2102 zumurten vervlichett ist durch
1927 2040 2675 2149 errenn Gallus galdi Großweybels
1946 2102 2662 2218 exsammniert unnd befragt worden
2122 2181 2615 2303 rgent gsstns ✳
1961 2277 2682 2420 namlich ob sy nit wet biniren
1937 2345 2643 2464 Letst gedachtem erman blybenn
1957 2382 2670 2520 unnd huszhalten oder was manpet
1966 2447 2651 2589 unnd clag sy ab ime füren mocht
1966 2518 2620 2628 unnd warumb sy zum anderen
2414 2581 2545 2650 walt
