4032 3024
1097 250 1799 359 ti Jurem mann Clando busft
1058 287 1783 413 darvon holff, dan sy di
1056 351 1776 471 dnecht furab in mann li
1064 396 1782 503 da ober ind paden an einem
1040 447 1743 534 bett, mocht zfuß niena
1080 497 1788 592 hin khon des habe er
1077 543 1776 646 sich lassen von der fruwen
1080 605 1782 712 bereden ✳ und nitt witziger
1090 661 1799 754 ein ✳ dann das er usz Erben
1122 709 1794 785 demitt der Clagdo, darvo
1102 755 1780 841 thame des fùyweibels
1260 795 1794 903 gehindertt vnd vf
1095 808 1254 891 knecht
1107 848 1792 947 shaltenn habe das ege
1106 898 1809 990 fuegenommen den fbuelt
1100 942 1799 1053 mitt den stecken zuschlehen
1094 1001 1786 1098 sig sen meynung hantt psin
1137 1065 1796 1157 warhin aberde Lande hinkhon
1125 1123 1781 1205 in s Ime anbewüsst.
1106 1155 1807 1259 hab geheutt sahren, er iet
1127 1218 1805 1313 haltte sich zu Gerlenfingen
1210 1273 1631 1364 Solorsurn piett
1119 1393 1814 1490 off 8. tag dprib. im 57. ist erker
1128 1456 1782 1524 des heu großwikl, hierum den
1111 1496 1801 1573 eyweibel vd hochstenen wol erkun
1472 1538 1753 1604 8 spits
1120 1539 1788 1646 Ist die mehrn ekentnuß
1122 1616 1796 1701 deser solle alle vffgebff in
1164 1664 1789 1746 stin seine geuachtnschafft
1120 1711 1796 1800 erlesen hieby E lb de m
1083 1758 1731 1860 Gram zu streaff geben,
1816 271 2619 440 uff Fryntag den vi ig harpst
1871 363 2567 475 monets in bywäsen herru
1862 408 2561 534 Nickens Schoren daß Rhatts
1860 460 2625 605 h Johauß vnd mingen pdicanten
1856 511 2589 671 z palles geldi gusteri vl
1863 556 2632 729 Ist in dar Insell Hans Thoppler
1926 663 2584 758 von Langnuw von Wegrn
1891 658 2638 821 siner wideruffeney bfraget worden
1882 746 2594 901 giet an er sig ein lediger gsell
1896 790 2619 948 hab nie weder wyb noch khindei
1885 875 2604 1004 schaift Sig in ini juren ins
1896 903 2634 1053 Im langnuw oder anderstwan
1874 966 2621 1115 zbilchen gangen, dan zu der tuf
1896 1014 2634 1147 fere lehr, ein mal da, aadnn
1887 1073 2586 1198 dorthin, hab sy ghörrt mehr
1895 1115 2620 1241 dem an eine orrt, wo er hab ver¬
1891 1159 2570 1268 möni des gots wort kon
1898 1175 2644 1322 vndan Arbegast hab In wider
1913 1245 2638 1374 getufft von v jaren vnd habe
1905 1314 2633 1418 und si gelernett vorab von gott
1894 1361 2620 1450 vnd weltti, der sin lehr mitt
1886 1420 2485 1509 dem blutt bezugeit hab
1900 1467 2607 1566 Als er aber befragt ward, wo
1895 1523 2438 1617 vnd wan die erste
1893 1554 2610 1662 und letzste tuffer persam¬
1888 1596 2603 1699 lung gehaltten sigind, vnd
1895 1638 2633 1742 wil yn by vnd mitt gwäsen,
1901 1699 2621 1790 Item warum er über gutts
1916 1738 2610 1838 nach wahl vnd wider i g
1907 1781 2645 1871 zerrt gepott imn land plixens
1902 1818 2475 1918 vnd derglichen sachen,
1895 1859 2542 1975 hatt er kein beschrid gäben
1942 1902 2647 2018 ächende wie er nitt darum
1910 1957 2657 2055 hie sige, das er eben vmb alles
1903 2002 2608 2099 wolle bescheid geben Ir sach
1914 2042 2607 2139 musse ee by vns legslatze sie
1905 2106 2640 2188 vnd lasse man sy nitt derkhon
1905 2143 2594 2235 wan sy schon nunsten dar
1934 2189 2649 2287 von sapten und die warheit
1907 2258 2173 2341 bekantten
1897 2317 2678 2436 ist gerathen uff dem vi tag herpst
1900 2376 2639 2462 min hern Schore solle Haus Trggler
1925 2411 2639 2499 lassen im thurn furen, vnd alda
1923 2446 2592 2533 mitt der manten fagen lasst
