4032 3024
1118 285 1814 501 ennig e
1042 349 1808 537 Dm 1566 jar juprewirtipken
1044 433 1796 590 Eer scbastian darin ✳ des hatts
1064 491 1795 634 zerr tormen der burger Fallus
1073 543 1806 687 saldiss grosweybells  ist zu
1080 607 1819 759 Markilli Jarynes perrey von Fun
1107 659 1825 833 ußs der zerschafft Otäffis frybung
1102 726 1745 846 prett presammenniert worden
1089 780 1810 915 allss umb in druncken wäsgenn
1096 845 1796 964 unnd darus volpenten uppigen
1106 903 1771 1027 hwezen ✳ ouch warnmb es nit
1119 975 1786 1067 sey von Hinmen zopen. do znur der
1104 1045 1826 1146 Battevan hinwagzich₎ hiess ✳ unnd
1106 1088 1832 1198 ufer söllic grpietten den bättelvog
1122 1132 1399 1235 vrspott
1310 1202 1665 1280 Jargues Perrow
1117 1230 1817 1346 uff söllichs ist sin bescheind, könnd
1121 1280 1776 1389 mit abr sin dan das er ninmalle
1133 1353 1841 1447 gschworen, aber sig augent uff die
1115 1409 1788 1496 kim pfallen unnd den berd knst
1143 1469 1854 1553 annuthein, das er über des vattelvags
1145 1518 1834 1610 geviett₎ siy in der statt betiben und
1136 1568 1826 1662 nit aupentz hinwag zogen, hab er
1148 1630 1838 1699 vermeint, diewyll er nit mit dem
1137 1681 1823 1772 Eyd hingwisen ✳ solte ime mitit
1179 1729 1854 1833 haden geune das er den bättelehe
1179 1787 1854 1890 soll verspott haben sig ime nit
1149 1822 1869 1937 erwüst den ins Lamthurtse
1161 1883 1824 1994 halb müsse er sych ai bättlin
1158 1948 1857 2055 beholff ✳ dan er sunst nitzet
1159 2023 1426 2127 habt c
1158 2070 1824 2182 Ist eineste färdemnach mit dem
1169 2149 1768 2257 Eremenstein uffzegen tc.
1331 2233 1583 2333 Todmuns
1168 2263 1786 2408 Ist putter Baba glicher
1182 2341 1824 2481 gstabt befract wordenn
1211 2398 1859 2536 unnd ime anzognuw ardiefell
1202 2495 1643 2613 fürgehaltenec
2076 311 2392 427 ser oba
2015 339 2663 491 in ebrscheid, das er gschworen
1906 414 1973 504 I
1914 420 2586 567 der sunf uiguge brden bruekkt
1917 474 2613 626 ig ganntz nit, dan er ein alter
1908 548 2627 672 aner mann sig und sins lybsfogüö
1902 618 2617 742 venhet halben sich nin werchv
1913 661 2618 773 nit erneren mig und des halb
1904 710 2568 847 sich denn almussen nachzuan
1903 797 2301 896 bhulff müsse
1913 805 2621 959 ist er uffzegenn und nit
1914 905 2446 1024 wychers ef anttlich
