4032 3024
986 322 1706 452 zuͦ xpbpidten ✳ damiu aber sy ✳ unge¬
990 387 1709 513 foegig und unsanttig zgestebbn
995 456 1696 562 oben in schwenen thàtt ✳ siemi
993 513 1707 613 von im louffenwart ✳ wusten
945 570 1706 685 wo sin doch sucht ersy undervn
997 625 1703 746 bar in der statt ✳ desz abprt
988 693 1714 797 dem selben sich etwas zine
998 752 1713 866 Lorreg sas en zubest uff sin rost
984 804 1712 931 wylbenne hoim zuͦ sinpnkinden
1027 876 1730 984 zeryttenn ✳ under wagen anfangs
1051 934 1728 1039 Des Müri Fällts supor in sy des
1043 982 1734 1086 ein man siga fùnde ✳ dan si star
1050 1045 1736 1136 uundt ✳ sablt dbess kamon an
1053 1099 1750 1201 den wag den gan wors gatt sas
1073 1149 1703 1249 er ab unnd mannt sy uff zy
1061 1206 1719 1322 sin pnn unnd wadlich zythun
1041 1259 1736 1388 das sy des abens edin kymē
1058 1322 1693 1446 Domaeren klag y sich ir
1080 1382 1719 1507 hun warp jet zwvug und
1034 1437 1739 1585 wodett sy uffgouwenn ✳ sagt
1061 1509 1765 1642 er zu ir sy söller sich lidten
1079 1587 1751 1706 dann es ritt wùrw evnn zr¬
1078 1641 1778 1762 ryttenn des hals sy mit zuk
1301 1706 1479 1765 die ptismat
1088 1698 1776 1819 zoro don zeossen abnoch ✳ damit
1071 1761 1761 1902 syides kinder wene wendlen
1087 1827 1741 1935 vnnd wie er vdwaß furbahe
1087 1884 1751 2006 kann fieg₎ sy ab dem Gross
1107 1933 1753 2070 Eovor ein stauch ✳ sagt jrz
1091 2001 1722 2125 iren sy solltto thuwig sim
1077 2041 1780 2174 wyrnders wurde das so ion lnt
1106 2115 1761 2245 gfallen wolen funden, sy weolten
1110 2169 1818 2299 binmall mit einandern heim,
1125 2222 1803 2351 siemit alls pr mitt inen für
1116 2283 1779 2410 fùr schwür sy uberinn ✳ das
1119 2367 1739 2464 er acgte don vtsich eutt vonn
1128 2401 1759 2513 gungnn ✳ so da fùr gings wodl
2418 259 2488 318 62
1822 306 2484 463 gehottt hasnm unsang der
1815 366 2520 506 mach sige sy abprmaees ab dem
1811 421 2502 559 rosz gfullenn ✳ dom allen kan
1820 476 2491 648 der eysternouwen man darizu
1863 565 2537 715 uff das Er Cchnisten abermacl
1791 623 2494 775 in wis meint thvim zufaren
1858 693 2461 815 itt
1837 757 2458 877 das aber nitt so vill angwon
1836 804 2448 932 erschos ✳ dann das sy in mit
1866 846 2539 974 sruren und der verben vontt
1837 905 2564 1037 antgastett ✳ wie wole er si gwindlich
1827 963 2557 1091 frundlich satt sy solttt wattic
1859 1023 2488 1148 hun er wolttte nit wytter
1859 1074 2572 1197 mit ir dann gan duffennach
1845 1128 2578 1252 alls aber sy iuen mitt urhopft₎
1857 1186 2510 1310 was ✳ noch sy vormogen von
1856 1250 2552 1367 statt zebring ✳ sige unbewygt
1841 1297 2568 1423 iren edwann vin oring und vin
1858 1369 2514 1480 fustschricht zegubenn ✳ unnd sy
1869 1405 2511 1543 den Harnopffennffnomene
1870 1463 2549 1605 se spim zuͦ iryn kanenkinden
1888 1529 2517 1664 epfann ✳ da aber wäder guͦtt
1903 1576 2601 1713 noch Ruche halff ✳ unnd don sach
1907 1641 2523 1758 mittmerwuste zothung sige er
1928 1692 2519 1823 dann Müri zu Maryer 6pli
1932 1762 2585 1870 grittton den solben bittlich an
1921 1811 2601 1952 gortt syn frouwten zureycen, das er
1929 1851 2637 1987 ouch thatt allso hhalff mit warin
1924 1923 2563 2055 unnd undrom gutton knaben
2091 1983 2364 2046 Rachter sin fuuir
1950 1980 2547 2124 hileff die er vornsin uff dem
1932 2020 2607 2157 tatter₎ fùrtt in waryn Gydis
2137 2110 2222 2158 Al
1956 2081 2631 2225 hus tag dasolbtign den stugen
1961 2134 2625 2263 sy ziner frouwen ✳ sysz varnt
1970 2199 2576 2321 rist grytters tags von iron
1968 2234 2636 2392 orstheydtenn unnd sin fromen
1958 2304 2623 2442 Maryin huszfobck spfortgen
1946 2358 2668 2490 ir fprey und batt zothun danin
1923 2410 2667 2570 eer sy dan sralden wybet den
2488 2475 2595 2553 sy
