4032 3024
1063 329 1692 445 maß wins greicht, daruff
1057 411 1689 515 zeigt er Helyas an man habe
1039 467 1662 587 Im domaln uffgenugnen
1052 530 1707 645 won bracht, da er Leyder den
1066 595 1711 708 schwur wie oblur ussgossen
1047 659 1691 768 und ouffen lassen aber
1055 720 1684 838 den er gsagt wann man im
1048 786 1716 893 kein anderen wyn bringen wel
1063 850 1699 959 er dhand mit waschen, diß sye
1067 919 1500 1021 er nit bkanntlich
1073 1035 1666 1161 Zum viertten, als in die
1082 1095 1758 1215 weybel von der nuwenbrugs
1075 1165 1682 1271 widerumb pfengklich gan¬
1084 1229 1698 1340 Wifflispur inns sach huß
1091 1283 1756 1401 ffurt daselbst znacht zeesten
1056 1350 1717 1453 da inne ein fauwner heissen
1108 1409 1750 1506 gor wilkenn sin, sprechennd,
1118 1471 1732 1577 biß got willunn schlteiff, d
1095 1528 1735 1639 Da hab er schleif im geant
1119 1591 1734 1694 wurt ich er heiß mi schleiff
1123 1651 1758 1745 gots sacrament schend, er solt
1103 1713 1755 1811 In stüwig lassen hat mit
1123 1775 1766 1871 im mit zeschaffen hierüber
1129 1827 1782 1917 er schleit geantwurt, der ander
1145 1887 1719 1991 b. Iun heissen willun sin
1138 1947 1710 2046 hab Im nit schleiffe sonderrs
1155 1995 1814 2109 schleiffen gsagt, da sye er vnldib
1147 2060 1792 2163 worden mog aber seit wüssen
1141 2131 1720 2228 ob er also geschworen habe,
1134 2185 1348 2276 oder nn
1135 2305 1730 2424 zum Funfft als in die
1161 2379 1755 2476 Weybell vom nachealn us
1142 2442 1782 2556 dem nachhus widermal zu
1821 277 2453 443 gfengeknns gfürn, hab er
1834 343 2525 477 widerumb aupfangn schweren
1834 410 2485 561 gots sacramenn schenden, hatte
1857 455 2489 615 ich das gwüßt so hattnit ir
1845 519 2489 671 mich int von murttenbracht
1851 548 2547 707 es wirt noch ein Rucher herpst
1851 632 2482 773 mussen gan, soliche wort ers
1851 697 2468 832 offt mils graffert ✳ uff
1876 753 2484 899 solichs er geantwurt er hab.
1879 814 2535 974 gredt wann er gwußt hat
1851 880 2506 1007 die sy im bach hus mit by im
1888 945 2536 1062 bliben wollen, war er nit
1878 991 2493 1129 von murtt murtten komen.
1876 1063 2482 1188 hab aber nit gschworenn
1892 1108 2556 1251 noch gesagt, das es ein buchen
1882 1181 2414 1318 Herrst geben Gußte,
1920 1311 2546 1455 Zum sechsten als syin die
1912 1377 2496 1495 weybell inn donals in
1915 1433 2559 1558 fennckens gfürt und jugkent
1923 1493 2528 1590 das er widerumb ampfan
1931 1559 2513 1659 schweren gots Lidenschend
1924 1611 2566 1726 hatte ich ds gwußt er haten
1918 1670 2586 1766 much nit von murtten bracht
1917 1723 2594 1831 vnd solichs meermaln angezogn
1928 1785 2513 1885 und selbig₎ schwar louff
1918 1841 2604 1948 lassen da spricht er helias
1931 1906 2565 1997 Er hab gsagt, wie ouch im
1949 1940 2623 2064 Pathuß, wann er solichs zwißen
1934 2016 2573 2133 hat sy haten in mit von
1965 2073 2595 2172 murtten bracht, hab aber nit
1975 2141 2232 2247 geschworen
2000 2256 2532 2388 nun sibenden als im die
1977 2326 2570 2430 Weybell eins mals zeesen
1944 2388 2547 2513 bracht vnd die sueken
