4032 3024
1101 355 1754 503 mitt rächt versprrett, ye das sy
1114 422 1747 557 dieselbign ungebuwen unnd zu
1110 487 1709 602 Brach lieffen lassen mussen
1140 554 1746 702 darzu auch inen by xllb
1133 616 1748 745 buß us irem eygnen huß
1154 687 1692 820 ietten lölches huß doch
1152 747 1752 898 dienen inn selbiger spanng
1137 831 1631 951 Schmplossen vrgrysfen
1116 892 1769 1049 Deme Irer tochter halb zey
1146 984 1751 1099 syan, nach dem sy von weien
1163 1040 1750 1155 obemeles pachshanndells
1160 1104 1732 1205 wägen entricht vnnd er¬
1158 1161 1747 1277 zurt, hab dieselb Ir tochtes
1148 1225 1776 1347 uff ein zytt zu Ira gsprochen
1171 1301 1767 1403 Petter Rapt Er man, gube Ira
1165 1365 1786 1467 der muter mit zuehen zeden
1164 1423 1794 1527 bugmen für etc. unnd sya stunst
1166 1497 1756 1589 auch ertliche mal Heyssen die
1152 1537 1793 1653 unwarheytt Reden, das sya ni
1159 1615 1786 1721 als ein muter gegen irer rochter
1157 1671 1807 1781 hertzlich beschwachett vnnd zuze
1173 1748 1755 1852 greytzt, derhalb sy die miner
1177 1798 1767 1919 syn die tochter, angryffenn, Ja
1170 1875 1808 1989 die Lasterlichen gegen Ira hieno
1184 1945 1801 2040 gebruchen wortt verwißsen und
1178 2006 1756 2109 hiemit Inn den bach nider
1186 2059 1813 2177 gstossen, doch hab die tochter sya
1180 2144 1740 2251 die mutter mit gschlag
1175 2225 1796 2323 vnnd nach sollichem allem, habt
1184 2286 1836 2392 sy Barbli dise handell, dem
1183 2353 1842 2469 vogt zu Erlach selbs münlich
1192 2409 1404 2518 anzeygt.
1840 361 2538 534 Dodem inn gägenwürtig kheytt
1882 451 2486 597 obstadtn, ist Anna Rubeli
1884 522 2518 659 albemellter Barbli Cünzi by
1864 586 2553 726 Feliche tochter diser oberzelten sachen
1883 665 2549 814 halb anzogen unnd fürghallen
1893 733 2510 846 werden Wie das sy offt
1895 803 2523 915 vnnd dick mitt Irer lyblichen
1892 862 2552 991 mutter spänig unnd zu unfryden
1904 933 2566 1032 worden, vnnd demnach mitt groben
1901 998 2532 1128 vnuerschampten wortten, zu der
1896 1070 2536 1183 mutter gsprochen, sy habe einen
1906 1135 2599 1242 van der gange mitt züchen zreden
1907 1213 2542 1295 nitt lugnen umb unnd sy die
1906 1260 2538 1370 uutter mitt Imre, darzu der
1910 1326 2518 1420 mutter sy einem bach, das sy
1909 1389 2600 1500 Heni domaln ein wösh ußgwästhen.
1897 1460 2542 1568 übell gflucht unnd hannd an
1902 1518 2552 1644 sy gleytt, immassen das sy
1913 1585 2565 1708 beyde mit ein annderen Inn
1912 1669 2163 1780 sach gfallen
1903 1737 2559 1860 uff seinlichs eibt sy diser
1941 1818 2588 1930 bscheydt. Nach dem vnnd
1929 1890 2566 1990 sy hieuor, vor einem Jar ein
1927 1957 2559 2055 dritägige khindebertheri ge
1940 2019 2595 2121 wäsen, hab sy ein wösch uß.
1946 2082 2610 2182 wäshen müssen unnd diewyl
1916 2138 2626 2255 sy inn sollich gegebyttert f
1938 2208 2632 2328 Ermutter, de hinderrucks vnnd
1944 2255 2641 2401 unuersächenlich bim halßs erwürstht
1964 2336 2629 2479 prächende, wann hasu mir das
1964 2412 2573 2529 minen gnug verthan, vnnd sy
1955 2465 2606 2605 siemin augfangen frauwen und
