4032 3024
1023 251 1706 406 somlihs sie gesoll ihme wycher
1035 324 1693 454 hielet zu soltte mur mit Im
1036 377 1715 526 gan, dan er si schaen ange
1017 425 1711 551 wolle ime woll  hun
1055 483 1719 614 helffen, vnd hiemitt schulf
1065 534 1736 673 der selb ime die roß ve
1084 588 1719 705 trencken, nur das er In
1055 643 1729 744 uch vffprachte, Nach dem si
1075 703 1738 810 er mittt obemelten sine gsellen
1079 759 1741 846 zum huptman liesse sich vnd
1069 807 1738 908 ini bronen zum monadt soll.
1065 863 1741 951 inschriben, dan er nitt mn
1090 920 1762 1013 umb 4 kronen wie sin gell
1080 971 1744 1060 dienen woltt Sich abte
1093 1026 1716 1111 uff das hingezohen ✳ und
1099 1062 1774 1177 spies genugen bis gan Creben
1083 1131 1764 1232 da selbst venner vol in
1096 1191 1764 1287 erkhendt habe, dar durch be¬
1093 1260 1319 1343 behendigt
1095 1275 1749 1393 Mitt wytherer anztig das be
1108 1327 1771 1433 melts bendichtshuwen bru¬
1099 1396 1758 1482 der Nicklaus trnampt ein
1120 1431 1792 1539 chmidknecht dauch von Solch
1205 1487 1765 1580 nab bedieet zu
1125 1523 1808 1627 solothurn gedornet und dann
1126 1593 1519 1689 in freieg zogen
1136 1623 1740 1736 bitt i g herre umb
1166 1702 1476 1797 verzychung
1904 271 2239 365 l den xxjtag
1813 239 2488 449 e ehanten eng t den
1801 324 2507 523 herren grosweybel Ballns galdi
1822 393 2445 574 in der Veffi befragt worden
1915 501 2329 637 Perer Kolb von
1991 552 2359 666 belnat purtg
1810 609 2523 773 und mitt ernstigen wortten ange¬
1825 651 2460 845 sr salt nd wase
1822 687 2518 882 mitt diebstälen vergriffen hab,
1828 751 2471 940 erige e wnd
1826 826 2479 990 die warheitt hierum zu sagen
1849 867 2487 1059 ver dichen graltest
1847 936 2505 1122 angendts mitt peiterlichem Wey¬
1838 994 2522 1167 nen sich vbel ghan vnd clagt
1840 1027 2540 1213 wie Ime sin eliteren zu trucke
1859 1093 2527 1264 mitt todes abgangen sigind, den
1848 1160 2487 1313 er sich Ire mit besinnen mög
1850 1224 2533 1365 deshalb er im ellendt vff er¬
1876 1255 2539 1425 sogen, vnd sich an der frömll
1867 1317 2579 1452 enthalten mussen, vnd hiemitt
1859 1383 2537 1509 bekandt an zweyen ortten
1873 1420 2533 1587 sich mitt diebstall vergangen
1867 1459 2561 1640 han, das Ime aber Gaspleydt
1992 1528 2552 1653 und pitte umb gnad ✳ so
1866 1576 2577 1717 Goll er sich mitt den hilff nortes
1873 1619 2586 1793 hinfürtter vor solchem sich thutten
2268 1684 2442 1760 Frie volheh
1889 1684 2585 1852 und soͤllicher gstaltt mishandlett
1911 1779 2540 1904 amlich ongeuarlich vor in
1922 1809 2555 1939 aren umb Ost erliche syr
1881 1873 2551 2024 habe sich begäben, das er gan
1897 1915 2570 2049 einein tag gegen den abendt
1965 1958 2612 2101 Kalnach doreralen er by seinn
1898 2010 2607 2147 vettern kruwi und Jong Kolben
1914 2056 2608 2189 edienet habefgelecht zu kal¬
1910 2108 2608 2248 nach gedienet size gegen dem
1908 2151 2601 2294 abendt gan Fräschelz haus de
1914 2185 2628 2345 selbst angender nicht als Jeder¬
1910 2242 2607 2371 man zu buw haugen einem
1917 2279 2575 2432 son dr mitt Blasy genampt
1930 2336 2568 2474 zum fenster in dstuben
2005 2385 2569 2519 gen doselbst uß einem
1928 2413 2582 2579 Reckel der in ein trag lag
