4032 3024
1052 346 1701 491 uff Frywag den xii berember
1043 411 1691 539 im xoe v jar ist durch
1038 474 1700 591 herren Goßweybel Ballns hall
1047 528 1628 625 in der koffi befragt worden
1177 587 1702 721 Hanß Bapst von Eis
1198 673 1712 772 ters Friburger gepien
1047 722 1729 827 att bekentt das er burt ver¬
1064 795 1713 886 ruckter tagen ein Labku gan
1046 846 1723 948 Lupptn triben, die dem wyrt
1071 900 1727 1004 doselbst fryl botten ✳ und als er
1062 966 1726 1060 fiugt von wannen er mitt der
1065 1012 1729 1121 thu khommne, habe er mitt der
1063 1055 1740 1168 unwarheit fürgäͤben Christan
1073 1114 1731 1234 Brupher zu Schwarzenburg hab
1077 1171 1738 1285 Ime die bu pfandtwyß dargshle¬
1102 1230 1747 1320 en, dan bemeltter Brügger inn
1086 1270 1724 1387 1j bronen schuldig das alles
1104 1317 1711 1427 aber an ime selbst nütt s
1103 1369 1741 1496 sonders Er habs beir die khu
1116 1436 1721 1528 einem müller zu gyffers in
1120 1465 1739 1597 sinem heimant Putter Those
1113 1516 1758 1627 unautt vor tag us sinem stall
1120 1558 1782 1700 hiuweg getriben ✳ und entfrombde
1110 1613 1757 1732 wie ine dann gedachter e hoß
1607 1664 1664 1707 ats
1129 1678 1762 1794 zu Luppen bezogen in dem
1120 1720 1770 1840 Er die hu vmb fürff krow
1145 1764 1722 1885 entschlagen vnd verkufft
1142 1789 1761 1927 aber ehe vnnd Er das paltt
1133 1846 1752 1977 empfangen ✳ und hiemitt
1141 1897 1801 2019 dem petter chose sin khu wider
1154 1960 1664 2071 worden zu handen gstelle
1158 1970 1782 2128 vychers anderer diebstälen vnd
1157 2044 1745 2174 mißhandlungen, dorumb er
1289 2063 1802 2205 enschweivel anzogen ist
1156 2135 1803 2256 will er keinerley stallen schul¬
1163 2195 1803 2281 die noch anred sind dan er
1165 2236 1741 2325 wider dem pertern Manort
1163 2267 1795 2378 zu Salffinach by dem Er gedie¬
1169 2315 1790 2402 net noch dem aman heiger
1161 2350 1805 2465 zu übistorff nützit entfromb¬
1172 2416 1761 2500 dett noch vervntrùwt habe
1157 2435 1802 2544 der sich einen balbetten vnd ettlicher
1143 2499 1809 2590 schaffen ime gsteln zsi erklagt,
2355 247 2437 302 96
1756 283 2404 457 nih vigemamten Vlintes dten ep
1756 313 2455 539 a e e
1749 377 2441 584 e en h
1769 443 2342 620 de bt ge und
1821 541 2361 688 Petter Banngrotz von
1930 567 2414 722 eshen der zieschee
1924 673 2158 761 Wellis
1758 674 2470 875 vns In verursacht einem schuma,
1791 725 2490 914 her alhie vff dem platz an disem
1776 786 2479 968 Anrien maritt, zu entfrömbden
1786 851 2471 1022 derdurch zu besorgen vn dem
1797 910 2446 1060 nitt zum ersten aupfangen,
1818 973 2490 1107 inders vorhin bößes verhan¬
2209 1002 2499 1111 dibe sie de
1801 1099 1903 1155 dleit
1809 1060 2459 1210 wortt Er khomi yett den
1800 1097 2501 1267 nehsten von S. hallen, do er diß
1807 1155 2464 1329 zytt her by den Murern habe
1816 1219 2527 1384 gearbeyttet, habe uch zu Toffin¬
1832 1280 2476 1411 in einen nahen frund Petter
1810 1310 2512 1471 Pröffelbach guant, so uch ein Mu¬
1838 1378 2499 1520 e is  vnd an sinem har
1817 1412 2515 1565 kon juheim zu reysen sie er by
1831 1481 2526 1610 einem zur Müli am schermen
1826 1515 2556 1663 übernacht glägen, derselb ime dan
1836 1575 2521 1711 alhie vff dem platz von den
1864 1611 2554 1766 Pfistenn das angezogen parschu
1878 1670 2560 1786 ab zu gubt behaltten gäben, sinen
1839 1709 2552 1839 das zuwartteng sih ein domalen
1850 1766 2574 1869 ein anderer krämen petter guant
1853 1801 2541 1919 darbygsien, das yener sipe Er
1848 1846 2568 1976 hitte das parschin umb pe batz
1869 1889 2538 2016 tufft wichiks Anderst sich
1868 1942 2358 2061 in nütt zu wüsst
