4032 3024
1064 341 1758 506 vff mennag den 26. vh Jennen
1069 422 1754 563 im 156 8. Jan in pegenwurtis
1069 470 1762 614 keytt herren vetterman von
1085 530 1745 660 Erlach des Vhans Adrien Irn
1095 578 1750 701 ers der Burgeren Ballns gel
1098 635 1430 721 di großweybels
1428 643 1758 760 Ist in der In
1098 673 1154 759 sl
1230 706 1703 826 Hans Schären so
1086 765 1724 875 deß beclagten vnd pfarenen
1083 828 1750 925 Pettern Schärren von Shrub
1079 886 1581 962 bruder ist ermandt
1603 904 1769 972 worden
1094 916 1765 1020 vnd ersucht worden, by sinen
1092 984 1773 1083 trüwen und underthaͤnige pflicht
1094 1043 1770 1126 die warheytt zu bekennen und
1088 1092 1781 1199 was Ime hierumb zu wüssen ist
1551 1158 1620 1201 wns
1075 1161 1740 1270 Erstlich vmbdas vß vrsachen
1086 1225 1763 1335 sin bruder petter die schwangern
1077 1272 1797 1399 fruwen madlen Clansen prachbul
1097 1327 1786 1434 schwyb an irem heimweg angesalen
1086 1375 1788 1471 len vnde gschlagen hatt, dan min
1082 1419 1799 1544 g. Herren durch plubwurdige kund
1102 1476 1795 1602 schaffe fürkhomen, das Er Hans
1103 1530 1787 1653 zu glich uff dem platz und zytt
1110 1574 1803 1700 darby gwäsen ✳ so solchs sin bruder
1114 1625 1785 1754 an der fruwen begangen wo
1091 1668 1804 1790 er nun sin bericht enluterung hie
1110 1709 1799 1851 rumb frywillig werde grben ✳ worde
1118 1769 1796 1903 sollichs sinem gefangnen binder zu
1104 1829 1790 1960 guttem erschiepflich sin, wo nitt
1115 1874 1815 2015 so mög er selbst wol emessen, das
1099 1937 1820 2061 man vff der kundtschafft hafften
1057 1970 1832 2121 ausag vnd der verserten fruwen mal
1106 2015 1829 2172 zeichen hafften werden, und als lab
1091 2065 1829 2207 durch andere mittel von Iue der
1113 2105 1841 2262 sachen so durch ander lutt an tag khon
1111 2170 1819 2306 men, ein bekhantuß ußbringen,
1081 2226 1825 2372 Wirauff ist sin bscheidt, er sihe nacht
1098 2269 1828 2420 verschynens sampstag mit sines bru¬
1114 2313 1840 2454 ders wyb und irem srugenden khidt
1117 2364 1814 2502 allgar in derstatt khommen und pierlic
1117 2417 1827 2545 rhat vnd helfft suchen wis sinem
1111 2463 1822 2602 bruder geholffen möcht werden
1808 270 2515 458 e
1808 351 2483 538 diget, muß also in grosser kelien
1818 407 2478 581 ehangen liggen, allerchsachen vn¬
1831 459 2501 638 schuldig, den Ime gante vnd gar
1820 521 2509 696 nützin zu wussen sige der plichen
1835 571 2452 741 nan sinen bruder beschuildige
1837 606 2561 790 vnd nie darbu gsin das er sellig
1929 673 2515 805 siner bruder gsächen habe,
1829 778 1919 844 von
1836 739 2552 915 zuge sollen das so hocherport dem her
1843 804 2518 948 von vnd einer Oberkheit dwar¬
1834 847 2526 1023 heye zu reden schuldig ist vnd
1839 912 2512 1084 frichte mitt dörffe Ime hieran
1843 966 2533 1105 mitt zusorgen, das man ine an
1832 1006 2514 1179 der unwarheytt vnd tnuwlose
1848 1069 2546 1213 enfinden werde ✳ gort gebe wie es
1837 1152 2197 1281 Im doch erpange
1819 1187 2514 1346 vff söntlichs ist diserem Hans
1872 1251 2544 1398 schärren die Clepgeri und onten
1860 1303 2513 1453 gfuret, die Ime vndermunde
1880 1361 2517 1492 igt Er haus sige darby gsin
1855 1416 2563 1550 als sin bruder petter sya alfo der
1867 1475 2573 1599 gstaltt in der hirseren zugrüst
1863 1531 2498 1654 hatt, aber mittzit sonst darzu
1962 1567 2574 1699 Sig Ime ouch wol zu wüssen
1874 1637 1968 1713 gudt
1879 1626 2560 1757 wis sya zmüli pfaren vnd Inen
1869 1677 2584 1810 nachete, das petters fruw spräche
1888 1742 2557 1869 zu Ir mitt zuchten zueden by du
1881 1786 2545 1914 lange mären du kompst mir eben
1884 1835 2543 1961 recht du must mir syetz werden
1888 1908 2595 2021 dargegen bemeliter Hans Scherrn
1891 1957 2577 2069 by siner vorgebnen antwurtt plipt
1898 2003 2609 2106 Siae nures zwüschen Ina vnd sinen
1890 2053 2593 2165 bruder denglichen vergangen, so
1913 2102 2577 2213 sige Ime nütt dorumb zu wüssen
1884 2134 2590 2250 dan er niena darby noch mitt gsin
1889 2184 2612 2328 desglichen so verneinet er zund
1914 2256 2605 2378 das er yeneg darzu khommen sie
1912 2299 2611 2420 do er gesuchen hab sinen fruder
1922 2363 2554 2470 sich selbst an einem bum wollen
1925 2419 2568 2505 erhencken, wüsse woll das es
1907 2431 2612 2555 beins wegs also ergangen wie ime
1945 2503 2600 2617 uß der gschiefftlicher brricht für
2481 2520 2646 2633 gehalte
