4032 3024
1114 332 1794 531 Iren zu Gechesfen ge
1113 425 1779 580 dem Nusbaum flsch uß einen
1131 505 1793 647 floßschiff, so mir mitt einer
1124 563 1776 713 Boglin verspern was namlich
1134 647 1798 783 acht alleilt, vnnd Aschli ge¬
1127 716 1762 828 nommen, daruß alhie zum
1126 757 1736 893 faleben xij s gloßt
1734 819 1797 909 1
1113 884 1791 1021 vnnd nach allein ist er bekhantlich
1130 960 1805 1061 worden, das er sydehar sure ge¬
1140 1009 1820 1134 augenschafft, sin lybliche ei
1132 1076 1807 1169 zwuret habe enteeren vnnd
1127 1142 1805 1263 ungebürlicher wyss thorhafften
1127 1194 1816 1318 umbsinmer wys sich ira wider-
1155 1275 1833 1381 etzte, vnnd vff vermeiner anlaß
1142 1344 1607 1443 hannd an sya gleytt
1604 1355 1796 1455 doch
1155 1410 1830 1503 ig es beyde man zugangen, sins
1119 1467 1829 1545 dunckens umb wol erarnett
1154 1530 1826 1641 spyß, die er Ira abforder, nach
1157 1591 1821 1681 dem er vff dem wasser holtz
1172 1649 1824 1747 unnd annders, zur hußhaltung
1174 1705 1829 1815 zucher gfürt hatte.. Namlich
1173 1764 1814 1871 des ersten mals hiesther der
1191 1827 1838 1913 mutter brott für june undsin
1189 1883 1821 1992 schwesterli, gab inen ein klein
1189 1940 1844 2056 wenig, gieng sya hiemit uffhu
1175 2010 1856 2117 inn der statt ✳ hattind sy zwy
1185 2083 1840 2175 nit gnugsam brott ein suppen
1195 2141 1823 2246 zu kochen, littend sy sich de
1199 2214 1853 2308 biß das die mutter spaat vide
1206 2273 1834 2382 Heim kham, sesse er hinder
1206 2328 1853 2440 dem offen Ofen vnnd sagte
1201 2393 1848 2507 hiesh das Meyerlin der muter
1196 2462 1841 2567 brodt, darzu er ouch vndt
1181 2524 1857 2643 sy hattind mit brott gnntg
1869 353 2607 487 unnd als hierüber die mutter gheysen
1874 422 2609 574 schlaffen unnd rüwig sein, wütsche
1873 485 2670 617 er frr unwürscher weys fürhör gegen
1878 545 2595 660 der mutter, sprächende witt die
1886 618 2606 716 mirs nit gäben, so sägs miner
1882 671 2597 776 unnd hiemit erwieste, ein sil
1896 724 2555 831 an einem garten Heüwlin
1888 789 2606 899 ettwan gsin was schlugs der
1885 846 2606 948 mutter an die fus, darzu
1882 915 2577 1023 keame sin großvatter der alt
1891 975 2611 1081 Spätig, und sin vatter Hans
1909 1023 2630 1154 Spätig unnd schlugind inn dar¬
1910 1092 2623 1201 vmb fast vbell, dohab es sich
1916 1163 2606 1257 eillichen begäben, das er Iuen
1909 1226 2592 1332 gefluchet den großvatter ein
1928 1285 2601 1391 allien Bränni gscholten unnd
1918 1357 2595 1459 zu sinem vettern gsagt di
1929 1414 2573 1509 alwee beyb loß mich mitt
2226 1468 2631 1559 zu annderen mal
1932 1492 2079 1565 feiden
1932 1524 2628 1640 yetz zu lenst vor viertzächn te
1942 1574 2618 1676 sig er aberals ab dem wasser
1940 1651 2605 1764 abens heim khommen hab
1951 1715 2629 1816 vir hunger des nacht mals nitt
1945 1771 2634 1878 mögen wartten, unnd an dem er
1957 1827 2607 1916 der mutter brott hiesh, gab sy
1931 1884 2625 2011 Inn böse wort und schluge uff
1945 1949 2663 2065 inn mitt des kuncklen, Hierider
1944 2007 2672 2139 er sya mit einem duerenstäcke
1952 2088 2452 2182 vber Iren arm traff
1972 2424 2647 2535 ist einest fär uffzogen worden
1975 2485 2648 2600 dannenchin der Bleinstein Inzu¬
1976 2552 2650 2635 gestellt dorr aber geineinn, alles
1976 2602 2699 2681 was er böses ghandlet geszuch han, vnd
1987 2650 2551 2754 wysers sig im nit ze wüssen.
