4032 3024
1009 341 1703 459 dem Es mitt sampt Burskei
1015 396 1679 496 en zu Buchse dochten vnd
1014 450 1711 568 ouch des alleen Korers Jienst
1027 501 1709 604 magt zu wyl in durs vor¬
1009 558 1718 674 huß sinem Sun dem brüegen
1033 613 1720 713 und der jungen nüwen bruten
1050 662 1722 755 ein kied gesungen, habe er
1038 710 1731 806 inen dryen meyttlinen ✳ e
1030 763 1733 859 was wyns bezalltt sihind
1034 819 1692 885 ff das in Hans Borers
1031 860 1704 954 huß gangen die schencke zu
1035 913 1719 1001 vertincken ✳ do funden
1053 958 1728 1073 s vor Inen doselbst hansen
1019 1016 1706 1114 Korer den jungen ✳ nicklans
1038 1059 1734 1147 Llusen sun von Wyckiswylle
1074 1112 1693 1201 und Hansen Korer knecht
1050 1137 1738 1262 nach dem sässendt sy 2 meytli
1059 1194 1684 1293 ne zu denselben iIn dem
1056 1237 1744 1364 hielie Hans Höfer Ime Christi¬
1043 1287 1747 1408 na vom zu trincken hefftig
1061 1346 1746 1435 an, das es ye verunschet
1033 1390 1755 1488 was hinweg he gan damitt
1066 1439 1758 1550 sine frure alsauft vor inen
1074 1484 1752 1578 allen, bald under wegen
1073 1516 1768 1647 so kom Ime Hans hoffer nich
1083 1571 1717 1684 und erwütschts ✳ uund mitt
1088 1622 1720 1736 dem schwur den er thätte
1095 1649 1755 1783 ich vilfaltigen truwwartte
1118 1707 1775 1834 ruch be gots krut duemust
1109 1764 1711 1870 wet wie, nöttigt er es
1122 1799 1781 1917 mitt Imt zegan, vnd wan
1153 1839 1764 1966 sich schon von ime ryssz
1107 1898 1162 1949 es
1120 1888 1756 2024 so wolt er den hund, so
1133 1954 1753 2056 mitt ime an isz hetzen
1124 2001 1751 2099 vnd mitt mehr abenthur
1131 2045 1771 2156 pracht er zuͦ wagen  ab
1143 2090 1770 2179 er es beweltigt und in
1131 2140 1766 2244 die schüren gschleyfft, in
1130 2182 1768 2280 deren Ehr sin muttwillen
1145 2227 1746 2320 mitt verhandlett und
1163 2254 1816 2358 Es vmb siner fungfrune
1159 2314 1762 2418 lich ehren berupt e
2366 254 2453 320 100
1803 316 2465 505 Frrytag dem xix tag beremb.
1799 388 2427 566 dn  unnd Lor der inn
1807 441 2428 616 gegenwürtigkheytt der frommen ehr
1820 485 2465 655 sammen wysen herr Jacob Wyssen
1818 549 2462 728 des Ahats Galles Gotdig Grofsn
1827 618 2424 770 weden drnn techsels
1835 677 2461 819 dee Burgern, Gallus Galdis
1841 736 2423 888 Großweytells, vnnd ertlich der
1845 800 2430 967 wyblen miner 9 herden etc.
2005 878 2370 994 Anno Bist
1818 955 2482 1114 Ist Hanns Barst von Kyffers
1843 1026 2520 1181 deise fryburger piett, zu Margili
1865 1112 2472 1234 befragt worden, weßs er sich
1876 1180 2511 1311 bißhar beff besent habe, dann
1875 1231 2497 1368 ye nin g. herren berichten, das
1878 1291 2533 1422 se mit mir allein die bzu dern
2379 1349 2557 1404 ahrömbden
1891 1381 2565 1479 s hienor bkhamlich gsin, sonnder
1899 1427 2542 1559 noch annder vnnd grösere diebstäl
1888 1489 2553 1615 begangen solt haben. Deßhalb solle
1898 1550 2551 1676 ie dasselbig pnigklich, wyscher vyn
1909 1624 2530 1729 vnnd marter zuueenyden, aus
1902 1699 2046 1809 seygen
1872 1763 2551 1907 Vff sollichs gibtt er anttwirt
1903 1841 2546 1964 Er wüsche annders mitt anzuheye
1932 1905 2512 2010 als war im gott gnädig sye
1925 1962 2562 2076 annders vnnd wythers mit anzu¬
1925 2027 2568 2147 zeygen, dann er hab allein die ob
1927 2078 2604 2207 angezogne khu, wie er hieuor selts
1933 2145 2559 2264 bekhent an einem morgen frü
1953 2208 2597 2325 vor tag zu Byffers dem verer
1938 2247 2609 2394 thost dem müller daselbst uff
1948 2338 2567 2451 als se by sinen bruderen gstin
1960 2382 2540 2502 vnnd von dannen widerumb
1964 2449 2524 2587 gan Saluinach zu sinem
