4032 3024
1059 194 1759 433 dn nch der shen
1073 309 1772 486 zinß im 15 jar uß b
1071 394 1764 546 nelch des Herren venners aber¬
1073 458 1764 619 mels inbracht habe den selben
1086 542 1796 692 Zunß der Herr kenner nit wollen
1090 641 1793 767 nemmen, Vrsach er hütte den v¬
1095 704 1782 816 rig vorhin ouch erleytt unnd
1112 777 1813 904 alle nnn der dritt zinß nachete
1085 844 1782 955 habe zwar der herr vemmer Inne
1100 916 1798 1015 harnman. dessten wol erinnert
1093 983 1788 1073 und gwornen, so das dritstyl
1109 1046 1769 1146 vberhin khain wurde er zuß
1098 1108 1773 1210 unnd hauptgut ziechen, wie dann
1097 1188 1804 1293 auch darnach die Leystung darüber
1112 1248 1814 1356 gangen. Deßhalb der Petter seylr
1113 1324 1792 1422 von Arberg mitt einem knächt
1114 1384 1808 1485 vor dryen wuchen alhar khomme
1129 1440 1789 1538 unnd uff in hart man daselbst
1142 1508 1749 1603 ose wöllen nyben, alls
1115 1557 1821 1674 vnd das sy zuschaden khone
1120 1624 1787 1738 sundt. Da gienge erhartnen
1121 1702 1782 1806 mit Hans Solochurmaend
1124 1768 1815 1865 verer Ruchen zu Inen willens
1125 1825 1757 1926 mit inen zu überklon, das
1117 1886 1760 1998 aber den selben abendt, mitt
1122 1955 1778 2070 nit khondernd heinbaren und
1110 2022 1815 2119 an die von urberg von andrer
1112 2085 1766 2194 gschafft halben dannen ylltn
1116 2157 1824 2258 mornderst fry khäme er Harma
1115 2220 1774 2316 mit haus Eblothenen io
1112 2277 1751 2389 perer Ruch vnd geyßhusli
1119 2351 1836 2443 abermals zu demnen von Arbet
1136 2415 1797 2522 sy bättends. sy wolend mit
1184 2509 1787 2599 e zum hirtzn gan so wolte
1126 2563 1787 2670 er mit inen mechen, das sy zu
1121 2630 1629 2724 fryden sein wurdindt
2574 174 2635 224 13
1881 186 2628 371 wer a
1893 289 2587 423 lich sin von wüg das die von
1898 331 2595 487 arberg imme schenckhinn ze thun
1914 396 2580 539 angmuttet, so er ächter wölle
1919 453 2584 602 das sy im umb ein theyll des
1929 515 2595 646 gallts warrettend vnd sunst
2445 560 2551 622 und
1910 561 2646 712 unzimlichen eosten hirschmid nechst
1916 642 2592 775 donsten hab er aberntlich des
1907 688 2589 818 von Erbeg uf That huß
1929 756 2623 883 hätten, er wölle nit für flan
1939 805 2637 949 Iheren noch mun herren verkhubers
1912 894 2577 1016 daruff er In grantwnet er
1936 959 2572 1074 sollte mir vor demen go
1940 1013 2655 1126 so w�llee er in lald nach volgen
1941 1084 2626 1208 Alß inn sinem abwasen sige
1937 1148 2647 1259 in den vō Arberg grufft
1940 1215 2549 1315 vnd Inne an sin wüssn
1944 1280 2619 1394 vor mies 4. hr verklagt
1951 1343 2653 1461 daruff in gfengkins khone
1966 1423 2613 1529 stunst hatt er in desselbig
1973 1493 2617 1582 tags wöllen abferigen und
1958 1547 2694 1670 Eebschaff, das er aber Jemade
1970 1631 2645 1753 gsheyssen zins iungezogen
1950 1681 2679 1819 hab, das muter er nit noch
1979 1752 2611 1874 genomne zinß uffgehalltn
1947 1831 2644 1946 vnd sin noch in sin mitz
1971 1902 2582 2009 vrendt, Bittet umb
1963 1944 2613 2077 gnad vnd prryhūng
