4032 3024
1207 266 1413 392 Toden.
1026 354 1694 527 ist Nielaus Lienhert der
996 462 1713 612 ezger, In Bittlingersthurn
1018 532 1712 668 befragt worden. Uß was er¬
1032 603 1711 754 sachen er vber das, das Ehurig
1024 670 1755 825 Fricktzart uff der Cantzell prufft
1037 777 1756 899 mitt emghandlen, unnd emachtett
1025 850 1732 980 daruff hatt er anzeipt, wie das
1033 936 1759 1060 vermellter Turing frickhnen
1067 1015 1769 1129 vor vnnd ee er verrufft worden,
1061 1067 1759 1180 ime xx0 kronen, umb ein munch
1043 1137 1787 1266 unnd sunst glichen gellt schuldig
1084 1223 1766 1327 gsen, darumb erzallt worden
1080 1293 1788 1407 Demnach sey er im auch etc. guldi
1124 1364 1795 1472 schuldig. darumb er dann inne
1077 1425 1756 1545 Frickharten vor einen jar uff
1111 1486 1830 1616 unnd sic solliche schuld der x puldin
1117 1583 1779 1681 uffglüffen von wagen, das er im
1111 1639 1785 1757 für unnd für fürgsetzt unnd
1132 1720 1782 1813 gelichen. Denne ouch von wägen
1136 1768 1755 1885 des Posses, so er Im hieuor
1137 1829 1827 1948 verkhaufft, wölches er frickhart
1165 1897 1778 2001 nach dem ers von Im erkhaufft
1160 1973 1816 2071 wien 14 tag lanng inn sinen
1153 2030 1737 2144 stall stan lassen etc. unnd
1150 2104 1792 2216 alls sy mitt einanderen hierumb
1161 2182 1812 2281 gerechnett, da hatt sich die Sum
1161 2231 1769 2355 24 lb gtroffen, do ee
1170 2309 1800 2414 Nieclaus Lienhant das vberig
1173 2370 1788 2459 abgwüsthst unnd die e gulden
1187 2422 1788 2538 sten lassenet. uff söllichs hab
2552 185 2610 264 18
1873 251 2599 436 Inn gedachter Frickhart ungeuarlich
1878 307 2586 473 vor einem Nodat in sin huß
1894 386 2598 559 beschickt vnnd Im ein hockettn
1908 471 2565 613 parpranisch tuchs, gäbenn an die
1909 532 2595 684 selbig sin schuld gäben unnd hab
1915 602 2559 759 also die Horkertten gnommen.
1907 679 2550 822 doch zuvor in gfragt ✳ ob sy
1929 755 2628 895 in stige. Da hab er im grant
1917 827 2593 945 wurt ja dann sy sige sins
1916 901 2601 1029 vatters seligen pstin. Nach dem
1918 973 2644 1083 er nun die Hoketten, Zerhouwen
1929 1032 2598 1163 hab er erst vernommen, das
1945 1103 2622 1225 dieselbig Niclausts frickhartts
1953 1178 2570 1289 ins briders gsin. Da hab er
1933 1235 2591 1360 inne Füring darumb anzog
1929 1313 2613 1438 unnd heytter gfragt Da hab
1947 1380 2629 1511 frickhant imme wicher für¬
1958 1440 2624 1576 gaben, Es sye nit, werd sich ou
1970 1513 2644 1632 mit erfinden, das sölliche Hocben
1973 1578 2605 1695 eine ainderen sye gd ab
1934 1703 2629 1821 Denne im fürghallten warumb
1976 1775 2682 1868 se nit uff gestrigen tag vor phatt
1971 1825 2670 1933 eeschinen, vnnd warumb dasselbig
1960 1889 2412 1993 Thars gott übersachen
1961 1954 2668 2081 Gibtt den bscheydt. Namlich das
1992 2031 2617 2144 er klanckgsen unnd wenn
2002 2117 2616 2219 s im schon sin läben golten
2002 2163 2655 2290 hatt, hatt er doch nitt khomen
2007 2260 2105 2345 mög
