4032 3024
1105 326 1763 488 ah er sins gspellen sronr gan
1116 401 1767 562 Pryburg gfürt s. batzen schuldig
1148 470 1763 605 sann unnd so min g herrn
1110 507 1772 660 inn usz gnaden ✳ uszlasse ✳ woll
1131 574 1748 711 er mi us der sat zwchen,
1160 635 1708 766 ounders zeuor alles das so sy
1158 699 1772 824 schuldig spent abezellen, beter
1138 745 1751 850 umb s des ergietens vom
1135 814 1760 909 gegen abzestan, des anzeigens
1127 863 1756 957 das in dis von nuwenders
1151 915 1727 1015 zu einem schutmeyster gan.
1149 975 1784 1064 vollanger verordnen wollen
1125 1026 1710 1110 dasselbig er an dhand nemen
1163 1075 1761 1170 unnd sich verlich unnd tedlich
1158 1139 1728 1215 tragen unnd halten wolle.
1101 1166 1806 1258 Zinstag dem annderen tag Merzenns Im 1568
1098 1239 1815 1292 bemelter vetter fry one eigeltnus eßsglessen
1052 1272 1806 1337 dorch mitt dem anhausen, das mr innerhalb yüi sagn
1059 1306 1805 1373 die obangezorhne schulder sampt dem Vfygallt
1219 1340 1813 1417 sollt owig wo er aber dem
1051 1353 1194 1416 veleisen
1079 1384 1801 1452 eldig mit statt thun, soll er sich  miner g
1180 1434 1829 1501 Seuß und sipiet entziechen, unzit ernenet
1064 1432 1117 1486 lß
1231 1465 1391 1510 dzallen h
1084 1470 1204 1535 ifeihen
1227 1467 1747 1555 torin Flanne von bey
1113 1508 1753 1608 s der lanndtvogti allen
1126 1566 1749 1666 In der teffiln befragk, welch
1136 1619 1783 1716 uf zu im gethanno furhaltung
1162 1672 1777 1780 kanntlich, das er im grindel
1162 1725 1748 1828 wald by einem hus ein loch
1134 1781 1772 1893 inn ein bachoffen brochenn
1112 1811 1813 1945 dardurch inn ds hus geschloffen
1109 1889 1827 2004 unnd mir einem witz von einer
1152 1933 1762 2057 unstgabten ein kamer thür
1165 1999 1806 2124 uffgebracht unnd uffgschlosen,
1131 2053 1806 2181 darus dri intachn pfnomen
1149 2094 1806 2217 unnd in ein sack gstossenn
1136 2139 1811 2279 darob er dann er ergriff
1138 2218 1765 2326 unnd gfencklich angnomen.
1144 2245 1830 2378 wordt seinlichs hab er leider
1157 2312 1704 2440 unbsucher wysz gethann
1179 2360 1825 2512 wil sonnst keiner wychern
1160 2453 1767 2575 noch mehrern mißhandumb
1174 2486 1794 2634 ekentlich unnd merd sin
1901 374 2646 474 uff Fryttag den v. tag Mertzens
1888 421 2611 525 im xx xxxiij jar in gegen wunig
