4032 3024
1083 249 1752 435 er sut aus an in bch aen
1071 329 1727 496 Vund als der wirt keren
1096 409 1720 530 hab er sy ein yeder an seiner
1090 479 1736 611 horer funden dat unnd
1093 546 1758 677 snnders sye im harumb mit
1070 598 1723 739 zwussen, dann er dermaß
1097 690 1774 806 mits rucht zred₎ so vol wyns
1086 746 1746 851 awäsen, das er sich morndis als
1103 802 1753 939 dm im söliche fürghaltenn
1064 879 1737 997 Vnser sach verwundert vnnd
1076 948 1762 1080 nit gweißt, ws er sechan ghegt
1084 1017 1774 1121 Biter derhalb ich ein 1s Berru
1098 1088 1771 1197 umb gnad ✳ dann er sonst
1096 1142 1758 1263 nie kein nnd noch hass zu dem
1118 1214 1768 1330 elbigen juntzen getragen
1105 1284 1793 1395 uff Mirwuchen dem 3. tag octobrs In
1104 1364 1799 1444 1567 habend nun g herren abgrathen, dasman
1106 1412 1795 1493 obgedachtem Baldenegger, alle wurts huse, vnnd
1135 1459 1781 1542 schafften, auch n ewer ze wagen, verpiren
1099 1489 1798 1580 sölle. Darzu wo er so häbig und guldi zu buse
1272 1547 1798 1618 unnd also über eint uff sich gegäben verfehen
1261 1590 1812 1676 ei uff zinstag deb
1106 1610 1726 1723 7. ortobris bemelts jars in
1119 1675 1777 1788 bywäsen vorstar ist Felisar
1125 1746 1779 1859 bech schnyderin. Ain eefrouw
1119 1807 1807 1898 sado meyers so nin finzit
1113 1869 1773 1977 Lanns zu Erbouwenbrunen
1128 1929 1780 2045 im closter gedienet inn der
1138 2003 1756 2109 Frompen Ceffien befragt
1121 2058 1743 2167 unnd ira fürgehaltn wie
1131 2110 1718 2236 darnach geschriben statt
1189 2258 1781 2394 Vnd Namlchen z sya sich
1139 2335 1799 2445 vnnder die huben gegt
1135 2397 1785 2518 unnd eins bindlins schwans
1165 2464 1820 2574 worden des sy uff aetwuch
1173 2519 1763 2635 verschynen acht tag gsin
1829 206 2504 437 zu frrnranen dm lste
1835 307 2526 481 In Ir kamer nachts vnserlich
1849 388 2490 557 genasen unnd morndes am.
1853 431 2558 598 mogen frie ein zuchten greden
1837 515 2505 675 Den Enbell mit dem kindli
1851 578 2511 706 vnd allein punder In. Den
1880 632 2519 772 schutz stein, darin der Brunen
1884 697 2560 837 kouff usgschit, vermeinende
1871 767 2562 910 das wasser soli es alles hinwag
1873 826 2541 970 flögen durch ein kännell zn
1849 913 2453 1030 Ein Eerhüsli, das aber nit
1886 972 2525 1094 bschechen, so niders inn selbigen
1890 1022 2540 1166 fannel blyben hang, welches
1890 1098 2497 1219 ouch wie mans nempt das
1908 1169 2545 1292 üßtheli un und das kindli so mir
1917 1232 2513 1352 wins halben fingers groß
1894 1303 2506 1416 und Lanng gstin ✳ darnach
1890 1383 2510 1473 durch den känpel grinnen
1927 1401 2548 1532 und durch die vogtin zu
1896 1497 2559 1605 Ersmwbrinen ufgefangen die
1897 1564 2572 1664 Dann nach der gebasn Vnnd
1920 1612 2600 1724 Annderen eeren wyberen geschickt
1927 1685 2581 1783 inen das Zeigt die es gesehen
1904 1748 2547 1854 unnd alle gridmäsli sins
1927 1808 2579 1915 Kunlins befunden, In der acht
1950 1871 2532 1972 nun wuchen alt gstin, da
1951 1917 2530 2034 nun zu ermessen. sys wie
1945 1979 2562 2101 das solich kindli fmr von jra
1947 2041 2598 2151 sye ganng₎ noch komen moge
1908 2099 2564 2222 Dann . sy darfür inn
1955 2158 2604 2286 gomen oder getrunckn das es
1969 2239 2565 2341 von Ira habe gmüssen
1933 2280 2545 2400 unnd also dasselbig kindli
1963 2327 2600 2461 Ninttwilligklich verderbt habe,
1959 2396 2555 2522 derhalb nun g. herren die
1990 2443 2565 2568 iere warzeyt von Fro
1942 2491 2587 2641 zu vernemen begarnnt wil
