4032 3024
1129 317 1802 497 Bibt hierüber den bescheydt. E
1135 409 1786 557 ehönnen yen wol erecht, das eri
1148 470 1776 607 gfällt hab. Birte deßhalb nun
1148 539 1793 679 g herren umb gnad unnd 1e
1136 593 1780 717 zuehang, sige vornacher sein aben
1141 649 1782 770 lang kheinee vngehorsamme nit
1138 708 1799 851 beschuldet worden, noch einihen
1129 769 1792 891 frauel begang denn das
1135 825 1793 952 sr by min monadten far, in
1148 902 1773 1007 stige an die predig zur Kilchen
1151 965 1811 1082 gangen. unnd also by seue
1136 1024 1799 1147 frouwen bliben sitzn, er sich
1142 1082 1805 1205 aber vß thorheytt Inn den sad
1141 1147 1803 1251 staiden gwäsen unnd nitt
1151 1220 1786 1319 so gluckthafftig, das er des
1149 1293 1801 1383 andtvogs vätterlicher ermann
1135 1353 1775 1446 khonnte annemmen vnnd siner
1147 1398 1807 1492 voroffnung folgen, wiewol
1146 1458 1824 1543 es inne bald darnach geriwen
1154 1511 1837 1614 ward, aber 4 zu Spaadt vnnd
1161 1564 1829 1681 six im leyd das er nochmals
1165 1618 1838 1720 nun g herren alhie, habe bemuyt
1157 1676 1827 1776 vnnd bekhumbert Erstigege¬
1173 1745 1836 1834 emet vnnd des gemuts, mins
1167 1794 1830 1920 s herren mitt lyb und gut
1175 1852 1833 1976 zu gehorsammen, vnnd offenlich
1188 1921 1847 2025 vor der Erstenlichen gmeindt
1177 1978 1840 2070 mitt dem syde bezüg, den
1173 2019 1828 2128 wicklen, der Ordnung, nache¬
1182 2088 1833 2208 khommen. Darzu ehe wt
1177 2112 1874 2264 mir falen, was er alhie vrhyt
1169 2203 1797 2317 dem woll er statt schun
1161 2249 1842 2368 dann er noch mit dermassen Im
1185 2322 1841 2436 des widertoufferen Irtumb
1197 2373 1869 2501 gefallen, das er noch vil dauff
1201 2451 1817 2571 gseizt hab. habe sich auch nit
1176 2506 1810 2639 lassen annders fast touff
1853 324 2525 484 noch by sollicher hanndlung ge
1867 416 2603 553 wasen. Witfs nitt was es sig, no
1859 463 2596 600 wie es zugang unnd sin frouw
1873 527 2607 659 sihr vast gesemnet, wie auch er ver-
1878 579 2568 724 meint hatt, daran nit gfällt
1866 639 2618 780 han, aber nun, heyge er sich eins
1878 705 2596 838 annderen bedacht, vnnd geneuwe
1883 759 2632 894 so se den handell siner frouwen
1881 826 2640 965 anzeyge, so wede sy imme auch volgen
1880 918 2583 1069 zu Lerst als er gefragt, wo
1889 982 2572 1108 er an der Leisten gmeind, so
1893 1053 2598 1162 von minen g herren vhatt
1910 1115 2616 1224 vnd burgeen gehaltn wrden
2237 1171 2653 1276 Bab die anntwurt
1901 1203 2117 1287 gestin sticht
1896 1235 2616 1353 Er khonne sich mit annderster
1901 1271 2638 1411 Inneren, dann dz er sinemhalb
1914 1340 2641 1461 dzs die Leiste gmneid so gelalt vn
1914 1391 2658 1528 stige, do von dem Canoyschn landt
1911 1449 2654 1583 gehandlet ward, inn gagenwürte
1916 1519 2621 1644 tigkheytt mus heren veiners
1908 1568 2581 1688 Ambrosuch im hoff unnd
1929 1623 2634 1756 Hanns Jacob Alspengers
1925 1722 2618 1867 ist uff dem 18. tag merzens us
1936 1801 2660 1928 der pfengnus gan undersruwen
1932 1856 2626 1971 zefuren erkhendt daselbst vor
1941 1899 2646 2037 der Christanlichen gmeind sines
1936 1944 2646 2082 fellrus vnd ithumb zu bekhen
1962 1998 2665 2125 und den bydt zu den ordnug
1957 2082 2272 2197 geschweren.
