4032 3024
1124 367 1698 459 wyl wins truncken, de
1043 405 1704 515 Im dsach dermassen anhto¬
1069 460 1699 559 nen, das Imei casen
1073 508 1707 616 er die vngschickte mit mit
1076 567 1707 667 wüssen noch willen begange
1155 614 1704 706 Sig also vnbedachter
1068 629 1159 724 hab
1078 669 1710 766 wyß in schaffnen paldißch he
1090 709 1722 831 gangen, als zu denn des
1076 763 1732 866 nen Er mehrmalen hab gehol¬
1067 817 1741 933 ffen bachen und ime guͦts
1078 864 1687 995 guntten, das Er aber sie
1074 914 1731 1028 mutter hab wellen schlan, d
1074 966 1736 1071 dem schaffner Baldi in sin bar
1079 1014 1740 1136 gefallen, sig ime nitt zu wüssen
1088 1073 1745 1164 vo aber ettwas derglichen betle
1083 1111 1744 1255 sich ime von hertzen leedt, solhe
1090 1185 1706 1303 nitt mehr von im enhortt
1279 1215 1731 1319 dan Er nis be
1074 1261 1270 1346 werden
1080 1263 1737 1389 mitt wüssen begartt habe sin
1082 1317 1764 1442 mutter zuschlachen, Er welich Ir
1066 1367 1755 1503 darvon sin wo ein anderer sya
1066 1421 1731 1533 beleidigen woltte, Demie
1101 1457 1760 1588 so hab im batt galdi im so vy
1091 1497 1756 1632 gutts gethan, das wo Er inn
1084 1553 1755 1680 dem slben wüsste ze dienen
1081 1597 1764 1730 welltte Er sollichs zu Mitterna
1077 1632 1759 1755 vnd all zytt thun, hätte ouch
1101 1681 1785 1819 gar zu im dinpet, wo Er nit
1091 1732 1754 1852 als man im sapel deß selben
1101 1779 1765 1904 abgedes also unpschickt were
1313 1856 1569 1936 Demnach.
1113 1873 1215 1955 gsin
1095 1872 1773 2028 fur das Ander ist ime uch für
1107 1942 1742 2064 ghaltten, sin wusf thoben
1106 1975 1782 2089 vnd wutten deheineen infe
1125 2022 1787 2148 dis erstlich das er erst nach
1111 2087 1708 2168 dem man in usz schaffner
1131 2105 1805 2232 haldis huß, heimbracht hatte
1133 2166 1790 2283 anpfangen und grubett hatt
1112 2190 1814 2336 erstlich in einer kammer ob den
1132 2255 1809 2382 beshoffen mitt grustlichem schwe¬
1150 2324 1802 2412 ren, da er getrliwt, wa man
1078 2351 1815 2490 In Inbschlusse, zum frnster ußzu¬
1163 2432 1788 2521 pringen ✳ dannenthin in
1120 2448 1812 2568 der stuben dohen Ine diesie
1150 2512 1791 2621 mutter mitt angeruffter
1593 2577 1743 2669 shifff
1749 273 2475 469 g
1938 315 2483 463 mutsshen tragen, daselbst
1860 424 1927 477 in
1766 387 2479 567 sIn hand müssen han als ein
1730 440 1859 517 uff
1757 435 2470 618 tuben unsinnigen ✳ wo malen
1744 488 2500 683 Er in grobe Ehrverletzliche shme
1778 548 2485 733 hmache woret wider sin lieliche
1779 596 2498 783 mutter und vatter ußzgeprochen
1751 648 2460 836 vbnr die selben pflucht, vndt sy
1777 712 2473 876 mitt zuchten zueden schurett
1762 767 2470 940 vnd gschelmett darüfer noch
1757 824 2464 995 vneristenlich gsagt der tiffel
1772 880 2422 1029 woll in nan, vnd Im glich s
1763 892 2519 1093 in nitt wie ein christen munsch zuͦ
1786 1025 2038 1134 serben .
1791 979 2501 1181 vff somliche erschrockenliche rede
1781 1056 2504 1258 Ift, er solle ußhossen han, Ist
1802 1122 2493 1292 sin Antworet wie uch vor Ehr
1806 1174 2518 1335 wusse vmb das alles gantz vnd
1809 1222 2515 1370 er mitt als wenig als ein stein
1804 1273 2545 1419 oder der tisch, Sig aber dasmehren
1816 1328 2501 1459 dar db mm Joch nummen das
1805 1368 2514 1512 minst boß wortt entfallen das
1878 1423 2491 1550 von hertzen leidt, wan er
1819 1470 2496 1606 nuchter war gsin, so wüsse er
1816 1492 2547 1660 an im selbst das in keins sollich
1804 1560 2553 1727 In angefochten mir zu gedencken
1832 1613 2560 1771 gschweygen zu behären und reden,
1811 1661 2559 1821 dan von sinen Kltteren wüss er
1833 1718 2564 1859 mitts arges ✳ fùrend ie uch zuͦ
1833 1772 2550 1917 guͦttem und keinē bosen ✳ welle
1830 1825 2530 1945 nunhinfür an diß sen ungefell
1843 1867 2564 2017 sich stassen, vnd sine eltteren mehr
1852 1926 2493 2068 vor ongen han, dan vor ye
1843 1985 2542 2105 Mitt vnderthänigster pitt in mi
1967 2023 2585 2158 unnd verzychund₎ und was
1867 2083 1965 2160 6.
1852 2071 2603 2221 er zue siner entschuldigung ant¬
1865 2123 2530 2243 wurtte thu er nitt in g h
1877 2180 2553 2313 zu widersprechen, sonder er
2001 2210 2607 2359 m. 9. h. für höcher, dan
1875 2277 2008 2373 haltte
1876 2264 2598 2427 vnd bepäre lutterlich der gac
