4032 3024
1072 350 1713 497 mitt allem ernst ermant worden
1069 404 1727 590 die waarheytt zubekehmmen, dann
1072 475 1714 647 der Hanndell dermassen an der
1064 542 1721 735 frenen für gestlichen
1088 638 1716 776 offenbar. das nin 9. herren
1100 708 1712 849 verursachet, nach der Vuche si¬
1095 772 1753 933 bekhantnus von im uszzebrungn
1104 858 1736 986 derhalben er sinen selbs soll
1116 928 1745 1072 acht haben, damit er sich mit
1122 1009 1742 1129 mittwilligklich begëb, die im
1117 1053 1516 1196 mitt derlich seig
1098 1183 1738 1319 Bibtt die antwurtt Man soll
1114 1272 1784 1391 Im thun wie man wöll, so wüsse
1131 1344 1778 1459 er mit annders zusagen, dann
1125 1413 1767 1525 gott gub wie sy die elegern inn
1124 1472 1766 1585 angäben, unnd mitt irs lybs
1129 1556 1770 1675 verserungen sich derstell, so hab
1142 1619 1728 1741 ee sya mit gschlagen, sic auch
1144 1715 1779 1811 nit by ire gsin do irasollichs
1138 1764 1804 1891 widerfaren, wüsse ouch niemands
1127 1849 1657 1971 ders fra zugefugt hab.
1118 1991 1746 2131 Ist Grymal lär unnd zum
1135 2091 1702 2186 dritten mall mitt dem
1153 2156 1728 2280 kleineren stein uffzogen
1191 2241 1753 2354 worden, will der thatt
1157 2312 1580 2423 mit behantlich sin
1825 343 2518 521 uff Mittwuchen dem 101 januarii
1834 435 2428 566 An 1558. dn bywäsen herren
1854 487 2472 611 Vettermans von Erlach des thats
1829 542 2477 704 Batth Baldi, der Burgssen, Gallus
1840 626 2281 752 Waldis Großeybells
2142 804 2152 808 Marsli Nochmaln vetter
1980 711 2350 840 Berter Schärer.
2030 779 2503 904 Marsli Nochmaln vetter
1844 799 2013 925 It zu
1844 852 2480 1004 Phirer, uß der Graffschafft Frach¬
1879 906 2463 1049 sellwald, aller notturfft nach be¬
1864 985 2385 1109 fragt unnd ermant worden.
1872 1055 2467 1160 sittmaln die clegeej mitt un¬
1888 1110 2478 1246 Zwyffenhafften malzeychen vnd
1893 1178 2485 1300 masen, an irem lyb gnug¬
1897 1246 2493 1354 sam bewisen, ouch alle embstend
1889 1313 2488 1414 bybringend, das er vetter sya
1897 1359 2520 1488 dergstalle gschlagen. so bhönnind
1900 1427 2522 1545 min us herren mit darfür dan
1907 1487 2514 1600 das Er g ein mundtliche vnnd
1900 1541 2535 1659 heytter bekhanntnus von ime uss
1918 1612 2512 1727 gebringen beuolen, derhalb er
1928 1646 2557 1760 niemand inn einem solchen offen¬
1913 1698 2575 1825 baren hanndell zeuerblenden für¬
1913 1774 2559 1872 nemnte noch von ettwarn uffge¬
1926 1846 2355 1945 wisen Halstarrig beibt
1885 1914 2568 2047 Ist abermals sin antwürt wieuor
1902 1992 2511 2091 wo er ime der thaat bewüßt
1932 2045 2564 2166 unnd schuldig wäre, so wöllen ers
1941 2117 2551 2204 minen g. herren mit verhallen
1948 2156 2579 2246 vnnd nitt an die grimme marter
1953 2225 2567 2325 gan. Er khönne aber mitt der
1942 2265 2564 2382 warheytt hieruon, von wein sy
1971 2323 2552 2452 gschlagen, oder wie solliches Jra
1961 2392 2524 2505 widerfaren gantz unnd gar
1955 2439 2583 2573 mitzit anzeygen, dann siine
