4032 3024
1081 391 1736 564 ff Frytagh dem 11 tag jun
1081 490 1696 605 Am 1568. jar ist vom
1105 568 1714 668 Herrn Grossweybell Vollus
1102 620 1749 763 Shuldi, der Müller von Kattig
1100 695 1718 810 Hanng von Bennt genen
1115 786 1701 862 ermant worden veytter zu
1244 825 1689 894 das er sune nüt selhende ber
1113 835 1684 950 bekhmmen Allerdingen
1129 901 1709 1001 dergstallt wie die minen en
1133 966 1733 1078 herrn, durch gwüsse khend
1133 1022 1735 1140 schafft zu khommen, ußgespen¬
1135 1097 1713 1198 haber dann er des vorrix
1148 1158 1720 1246 tags eich mercken lassen es
1135 1211 1735 1313 sic Im zuvil an dsach ge¬
1155 1272 1717 1372 han, das ouch deren eine
1153 1336 1727 1451 so söllichs von im bezügett
1159 1416 1720 1520 sydthar selbs bekhennt habe.
1139 1490 1757 1594 Deßhalb mir 8 herrn, der
1166 1554 1746 1649 sinen nüttsöllender reden
1158 1612 1721 1704 ein gruntlich wüßsen von
1175 1664 1734 1757 ims haben wöllend eind
1167 1725 1731 1822 erfoderent, dann er ye
1165 1772 1757 1886 mit us dem landpreychn
1177 1849 1795 1960 wo er sich mit schuldig grußt
1172 1912 1359 2012 hätte
1176 1985 1789 2100 uff seinlichs ist sin antwit
1172 2063 1775 2144 das er lanndtrünit worden
1196 2120 1742 2198 sic in glich augendts gen
1193 2169 1766 2271 euwen, vnnd leyder eefarn
1194 2233 1762 2327 mitt allzytt gut zesin ein
1190 2283 1778 2389 wyten zugen, hab auch hie¬
1196 2345 1794 2443 mit allzytt am min g hesen
1196 2399 1772 2504 umb 9t wärben lassen biß
1188 2453 1731 2560 zu diser zytt er sie selbs
1193 2515 1737 2617 herrin inn irs kaind
1199 2579 1816 2713 verfungt, vnnd sichh willicklich
1843 343 2485 501 selbs personlich inn ir vätterlich
1838 415 2482 578 mitte Barmhertzickheitt begaben.
1821 510 2485 653 dann inn beduntt,  nun
1834 591 2520 732 ime rächen wol zu stin, inn seinem
1841 652 2505 782 vatterlaund, gange pächt
2278 726 2524 827 unnd wie¬
1842 745 2170 854 wide gott wölle.
1846 811 2499 927 wol er ertwas möchtt vffbrug
1852 880 2557 993 das im zu Lycherung dis landels
1861 934 2495 1075 dienstlich wär, so wöll er doch
1862 1030 2542 1145 von allem lassen, vnnd minen
1871 1099 2547 1237 g Herren den fußfallthun unnd
1881 1166 2555 1283 der g. beguren, stannde also inn
1886 1225 2550 1357 hafft vnnd beunden, vffshöchst
1901 1304 2540 1429 soimme yemer mütlich mit
1891 1371 2531 1487 g. Herren pittende. Ime zu¬
1894 1439 2523 1568 verzihen, so wytt unnd vil
1892 1497 2537 1626 Ir gnad erlyden vnnd dulden
1915 1564 2518 1696 mach, er sic bereyt willig.
1914 1641 2512 1747 en zu grosem dannck uff
1931 1704 2523 1807 uch zunemmen was ir g
1919 1762 2495 1868 mülrigkhrytt für straff uf
2172 1830 2538 1915 Demie so
1924 1844 2178 1931 ime ufflegt
1932 1897 2559 1994 öch er auch wol erkhennen, das
1938 1949 2549 2061 nun 8 heren nitt on ursach
1932 2003 2584 2112 vber Iun erzüret, vnnd mitt
1939 2076 2528 2181 unbillich ein wüssen zehan
1944 2138 2558 2224 von ine zeforderen, was
1942 2194 2603 2300 doch seiner reden nach vorhanden
1966 2241 2578 2343 ig, das man nitt bald werde
1967 2309 2527 2422 eßrütten, aber als hoch ers
1954 2365 2599 2491 by siner seel unnd säligkheyt
1965 2429 2572 2561 zügen khonne, so sige ime
1967 2486 2609 2611 mit bewüßt, das er söllichs
