<?xml version="1.0" encoding="UTF-8" standalone="yes"?>
<PcGts xmlns="http://schema.primaresearch.org/PAGE/gts/pagecontent/2013-07-15" xmlns:xsi="http://www.w3.org/2001/XMLSchema-instance" xsi:schemaLocation="http://schema.primaresearch.org/PAGE/gts/pagecontent/2013-07-15 http://schema.primaresearch.org/PAGE/gts/pagecontent/2013-07-15/pagecontent.xsd">
    <Metadata>
        <Creator>prov=University of Rostock/Institute of Mathematics/CITlab|PLANET AI GmbH/Gundram Leifert/gundram.leifert@planet-ai.de:name=German_Kurrent_XVI-XVIII_M1(htr_id=19584)::::v=2.6.7
prov=University of Rostock/Institute of Mathematics/CITlab|PLANET AI GmbH/Tobias Gruening/tobias.gruening@planet-ai.de:name=de.uros.citlab.module.baseline2polygon.B2PSeamMultiOriented:v=2.6.7
prov=University of Rostock/Institute of Mathematics/CITlab|PLANET AI GmbH/Tobias Gruening/tobias.gruening@planet-ai.de:name=/net_tf/LA73_249_0mod360.pb:de.uros.citlab.segmentation.CITlab_LA_ML:v=2.6.7
Transkribus</Creator>
        <Created>2021-08-09T22:34:23.329+02:00</Created>
        <LastChange>2023-05-15T16:41:31.623+02:00</LastChange>
        <TranskribusMetadata docId="1349230" pageId="52966653" pageNr="149" tsid="121836244" status="IN_PROGRESS" userId="42748" imgUrl="https://files.transkribus.eu/Get?id=LRRZTFQEXRZMSECLRFQEOEMC&amp;fileType=view" xmlUrl="https://files.transkribus.eu/Get?id=SIOHYOMLBUUAAQPIMEEVYOMK" imageId="22031790"/>
    </Metadata>
    <Page imageFilename="Foto 23.07.21, 9 53 21 AM.jpg" imageWidth="4032" imageHeight="3024">
        <ReadingOrder>
            <OrderedGroup id="ro_1687513525652" caption="Regions reading order">
                <RegionRefIndexed index="0" regionRef="r1"/>
                <RegionRefIndexed index="1" regionRef="region_1684161689113_2334"/>
                <RegionRefIndexed index="2" regionRef="r2"/>
            </OrderedGroup>
        </ReadingOrder>
        <TextRegion orientation="0.0" type="paragraph" id="r1" custom="readingOrder {index:0;} structure {type:paragraph;}">
            <Coords points="1086,338 1163,2633 1868,2633 1790,405"/>
            <TextLine id="r1l1" custom="readingOrder {index:0;}">
                <Coords points="1113,432 1146,421 1171,447 1249,459 1303,426 1389,420 1493,467 1580,438 1729,487 1766,477 1773,421 1676,378 1635,392 1533,360 1429,385 1372,355 1288,377 1126,326"/>
                <Baseline points="1128,386 1159,391 1190,395 1222,398 1253,401 1285,403 1316,405 1348,409 1379,411 1411,414 1442,417 1473,420 1505,424 1536,428 1568,433 1599,437 1631,444 1662,452 1694,459 1725,467 1757,477"/>
                <TextEquiv>
                    <Unicode>schlachen, darzu stigind angende</Unicode>
                </TextEquiv>
            </TextLine>
            <TextLine id="r1l2" custom="readingOrder {index:1;} person {offset:20; length:9; continued:true;}">
                <Coords points="1117,515 1345,493 1411,513 1550,505 1618,565 1703,543 1761,561 1766,520 1727,496 1680,508 1602,453 1534,479 1338,430 1266,446 1223,408 1166,443 1130,412"/>
                <Baseline points="1131,470 1162,471 1193,473 1224,474 1255,475 1286,477 1317,478 1348,481 1379,483 1410,486 1441,489 1472,492 1503,497 1534,500 1565,506 1596,512 1627,519 1658,526 1689,533 1720,541 1752,552"/>
                <TextEquiv>
                    <Unicode>zwey wyber, namlich Bendiches</Unicode>
                </TextEquiv>
            </TextLine>
            <TextLine id="r1l3" custom="readingOrder {index:2;} person {offset:0; length:14; continued:true;}">
                <Coords points="1123,548 1251,583 1319,551 1458,596 1527,574 1564,611 1651,595 1726,636 1756,632 1760,604 1660,554 1615,564 1569,507 1503,503 1456,537 1395,505 1300,528 1260,497 1128,505"/>
                <Baseline points="1134,540 1164,542 1195,543 1226,546 1257,547 1287,550 1318,551 1349,554 1380,557 1410,560 1441,563 1472,565 1503,569 1533,574 1564,578 1595,584 1626,590 1656,597 1687,603 1718,611 1749,620"/>
                <TextEquiv>
                    <Unicode>Staffan Bugens frauww ✳ unnd</Unicode>
                </TextEquiv>
            </TextLine>
            <TextLine id="r1l4" custom="readingOrder {index:3;} person {offset:0; length:16;}">
                <Coords points="1139,631 1283,627 1316,667 1474,633 1516,644 1561,697 1607,687 1691,717 1726,692 1772,723 1780,652 1675,628 1634,592 1563,620 1523,588 1468,608 1389,566 1321,585 1287,565 1245,587 1187,549 1148,556"/>
                <Baseline points="1152,608 1182,610 1213,611 1244,614 1275,616 1305,617 1336,619 1367,621 1398,623 1428,626 1459,629 1490,632 1521,636 1551,641 1582,645 1613,651 1644,658 1674,663 1705,672 1736,681 1767,690"/>
                <TextEquiv>
                    <Unicode>Küngeli wylenden aasperscheili</Unicode>
                </TextEquiv>
            </TextLine>
            <TextLine id="r1l5" custom="readingOrder {index:4;}">
                <Coords points="1151,704 1246,726 1304,703 1342,735 1401,720 1415,739 1486,705 1653,763 1697,759 1724,784 1765,780 1772,724 1741,710 1700,722 1424,647 1396,668 1268,663 1161,629"/>
                <Baseline points="1164,675 1193,677 1223,679 1252,682 1282,684 1312,686 1341,689 1371,691 1401,694 1430,698 1460,701 1490,705 1519,709 1549,713 1579,718 1608,724 1638,729 1668,735 1697,743 1727,749 1757,758"/>
                <TextEquiv>
                    <Unicode>eligen gelaßne wittwen, thom</Unicode>
                </TextEquiv>
            </TextLine>
            <TextLine id="r1l6" custom="readingOrder {index:5;}">
                <Coords points="1143,756 1208,754 1235,775 1372,761 1388,781 1430,766 1543,818 1604,798 1629,824 1660,807 1699,853 1770,847 1763,778 1694,763 1660,779 1557,728 1506,752 1398,721 1343,737 1150,706"/>
                <Baseline points="1155,740 1185,743 1215,746 1246,749 1276,751 1307,754 1337,756 1367,759 1398,762 1428,765 1459,769 1489,773 1519,778 1550,782 1580,787 1611,792 1641,799 1671,806 1702,814 1732,824 1763,833"/>
                <TextEquiv>
                    <Unicode>men unnd ampfangen schyden</Unicode>
                </TextEquiv>
            </TextLine>
            <TextLine id="r1l7" custom="readingOrder {index:6;}">
                <Coords points="1127,829 1217,865 1265,847 1300,873 1341,840 1380,882 1451,849 1520,879 1558,857 1783,916 1788,862 1476,809 1397,774 1234,793 1135,748"/>
                <Baseline points="1137,816 1168,819 1200,822 1232,824 1264,827 1296,830 1328,832 1360,834 1392,837 1424,839 1456,841 1487,844 1519,847 1551,851 1583,854 1615,859 1647,864 1679,870 1711,876 1743,883 1775,891"/>
                <TextEquiv>
                    <Unicode>da sy sich aber ye von dermun</Unicode>
                </TextEquiv>
            </TextLine>
            <TextLine id="r1l8" custom="readingOrder {index:7;}">
                <Coords points="1157,907 1217,908 1252,942 1300,914 1372,950 1446,928 1498,960 1554,920 1638,978 1671,958 1739,986 1782,971 1786,921 1644,880 1591,889 1558,869 1510,901 1427,855 1349,888 1266,848 1222,875 1160,870"/>
                <Baseline points="1167,899 1197,900 1227,901 1257,904 1288,905 1318,907 1348,908 1379,910 1409,912 1439,915 1470,917 1500,919 1530,922 1560,924 1591,927 1621,930 1651,934 1682,939 1712,943 1742,948 1773,953"/>
                <TextEquiv>
                    <Unicode>von ires lybs schwascheytt wegen</Unicode>
                </TextEquiv>
            </TextLine>
            <TextLine id="r1l9" custom="readingOrder {index:8;}">
                <Coords points="1148,980 1226,980 1264,1019 1307,1026 1480,986 1536,1036 1606,1007 1775,1047 1779,996 1692,971 1599,977 1542,933 1501,960 1458,943 1385,964 1304,922 1257,945 1200,925 1151,942"/>
                <Baseline points="1158,968 1188,969 1218,971 1249,972 1279,975 1310,976 1340,978 1371,980 1401,983 1432,984 1462,987 1492,989 1523,991 1553,994 1584,997 1614,1000 1645,1002 1675,1005 1706,1009 1736,1011 1767,1014"/>
                <TextEquiv>
                    <Unicode>mit schwingen nochentrummen</Unicode>
                </TextEquiv>
            </TextLine>
            <TextLine id="r1l10" custom="readingOrder {index:9;}">
                <Coords points="1153,1047 1182,1040 1219,1067 1296,1041 1404,1089 1475,1052 1537,1078 1642,1065 1682,1106 1775,1092 1778,1049 1692,1023 1659,1038 1610,1008 1405,1002 1332,1021 1292,997 1268,1013 1157,991"/>
                <Baseline points="1164,1032 1194,1034 1224,1035 1254,1036 1284,1038 1314,1040 1344,1041 1375,1043 1405,1045 1435,1047 1465,1049 1495,1051 1525,1053 1555,1055 1586,1058 1616,1061 1646,1064 1676,1067 1706,1071 1736,1076 1767,1079"/>
                <TextEquiv>
                    <Unicode>mögen, hab die muter sy im</Unicode>
                </TextEquiv>
            </TextLine>
            <TextLine id="r1l11" custom="readingOrder {index:10;}">
                <Coords points="1151,1113 1185,1124 1250,1098 1335,1156 1404,1109 1491,1140 1535,1122 1748,1158 1751,1103 1679,1105 1642,1065 1492,1084 1451,1055 1405,1086 1323,1055 1244,1079 1155,1047"/>
                <Baseline points="1161,1100 1191,1100 1221,1101 1252,1101 1282,1101 1313,1103 1343,1104 1374,1106 1404,1107 1435,1109 1465,1111 1496,1113 1526,1115 1557,1118 1587,1120 1618,1122 1648,1125 1679,1128 1709,1131 1740,1133"/>
                <TextEquiv>
                    <Unicode>den bach vnnder den kauell</Unicode>
                </TextEquiv>
            </TextLine>
            <TextLine id="r1l12" custom="readingOrder {index:11;}">
                <Coords points="1156,1203 1259,1217 1346,1183 1698,1235 1798,1228 1802,1181 1695,1136 1641,1163 1569,1132 1513,1157 1461,1117 1406,1155 1353,1156 1291,1125 1161,1121"/>
                <Baseline points="1167,1169 1198,1170 1229,1170 1260,1172 1291,1173 1323,1173 1354,1175 1385,1178 1416,1179 1447,1181 1479,1183 1510,1185 1541,1188 1572,1190 1603,1193 1635,1195 1666,1198 1697,1200 1728,1202 1759,1205 1791,1208"/>
                <TextEquiv>
                    <Unicode>gworffen unnd uff sy gekumen</Unicode>
                </TextEquiv>
            </TextLine>
            <TextLine id="r1l13" custom="readingOrder {index:12;}">
                <Coords points="1159,1271 1232,1281 1314,1251 1424,1302 1485,1264 1549,1258 1609,1302 1661,1269 1763,1297 1790,1293 1793,1231 1764,1218 1729,1245 1610,1208 1549,1228 1344,1183 1258,1216 1162,1207"/>
                <Baseline points="1170,1239 1200,1241 1231,1244 1261,1245 1292,1247 1323,1248 1353,1249 1384,1250 1414,1251 1445,1251 1476,1253 1506,1254 1537,1256 1567,1257 1598,1259 1629,1261 1659,1263 1690,1266 1720,1269 1751,1274 1782,1278"/>
                <TextEquiv>
                    <Unicode>sagende, Ich will dich errenckn</Unicode>
                </TextEquiv>
            </TextLine>
            <TextLine id="r1l14" custom="readingOrder {index:13;}">
                <Coords points="1157,1329 1261,1322 1305,1353 1383,1363 1430,1319 1483,1363 1525,1339 1632,1345 1682,1377 1771,1364 1773,1299 1676,1275 1609,1303 1505,1273 1425,1297 1266,1260 1226,1288 1159,1275"/>
                <Baseline points="1167,1310 1196,1311 1226,1313 1256,1314 1286,1315 1316,1316 1345,1317 1375,1317 1405,1319 1435,1319 1465,1320 1494,1320 1524,1322 1554,1322 1584,1323 1614,1325 1643,1325 1673,1326 1703,1328 1733,1331 1763,1332"/>
                <TextEquiv>
                    <Unicode>vnnd als sy nachteren durch die</Unicode>
                </TextEquiv>
            </TextLine>
            <TextLine id="r1l15" custom="readingOrder {index:14;}">
                <Coords points="1163,1392 1218,1403 1299,1381 1335,1415 1409,1435 1457,1411 1590,1428 1663,1407 1701,1425 1727,1405 1769,1423 1772,1366 1677,1378 1527,1343 1484,1365 1437,1334 1383,1362 1250,1352 1202,1327 1165,1344"/>
                <Baseline points="1173,1370 1202,1372 1231,1375 1261,1377 1290,1379 1320,1382 1349,1383 1378,1386 1408,1388 1437,1389 1467,1391 1496,1392 1525,1394 1555,1395 1584,1397 1614,1398 1643,1398 1672,1400 1702,1401 1731,1403 1761,1403"/>
                <TextEquiv>
                    <Unicode>obgenammen zwey wyber pe</Unicode>
                </TextEquiv>
            </TextLine>
            <TextLine id="r1l16" custom="readingOrder {index:15;}">
                <Coords points="1166,1483 1272,1496 1365,1456 1533,1478 1558,1502 1727,1481 1784,1505 1789,1411 1737,1431 1616,1409 1552,1438 1459,1410 1404,1432 1246,1389 1194,1413 1170,1399"/>
                <Baseline points="1178,1443 1207,1443 1237,1445 1267,1446 1297,1447 1327,1449 1357,1451 1387,1452 1417,1455 1447,1456 1477,1458 1506,1460 1536,1461 1566,1464 1596,1464 1626,1467 1656,1467 1686,1469 1716,1470 1746,1470 1776,1472"/>
                <TextEquiv>
                    <Unicode>scheyden worden, sey sy a4</Unicode>
                </TextEquiv>
            </TextLine>
            <TextLine id="r1l17" custom="readingOrder {index:16;}">
                <Coords points="1178,1521 1243,1550 1268,1526 1325,1525 1358,1556 1474,1519 1505,1539 1652,1535 1756,1564 1804,1547 1805,1507 1740,1484 1711,1509 1599,1484 1491,1505 1449,1471 1420,1485 1397,1466 1318,1502 1180,1469"/>
                <Baseline points="1188,1509 1218,1512 1248,1515 1278,1518 1309,1520 1339,1521 1369,1523 1400,1524 1430,1524 1460,1526 1491,1526 1521,1526 1551,1527 1581,1529 1612,1529 1642,1530 1672,1530 1703,1532 1733,1535 1763,1536 1794,1538"/>
                <TextEquiv>
                    <Unicode>daruon gfloch, vnnd die mutt</Unicode>
                </TextEquiv>
            </TextLine>
            <TextLine id="r1l18" custom="readingOrder {index:17;}">
                <Coords points="1168,1599 1201,1582 1232,1609 1319,1580 1392,1609 1494,1593 1525,1624 1567,1605 1617,1627 1770,1613 1771,1566 1747,1556 1591,1566 1479,1519 1384,1556 1265,1557 1171,1505"/>
                <Baseline points="1179,1575 1208,1577 1237,1578 1266,1578 1295,1580 1324,1581 1353,1582 1382,1583 1411,1584 1440,1585 1470,1586 1499,1587 1528,1588 1557,1589 1586,1589 1615,1590 1644,1591 1673,1592 1702,1593 1731,1594 1761,1595"/>
                <TextEquiv>
                    <Unicode>khens wags (als waar ir</Unicode>
                </TextEquiv>
            </TextLine>
            <TextLine id="r1l19" custom="readingOrder {index:18;}">
                <Coords points="1175,1657 1275,1644 1325,1674 1368,1654 1454,1695 1504,1665 1535,1694 1562,1673 1599,1701 1650,1677 1741,1704 1810,1679 1811,1619 1747,1608 1617,1628 1565,1604 1525,1626 1403,1604 1377,1628 1238,1619 1201,1582 1176,1595"/>
                <Baseline points="1185,1643 1215,1643 1246,1644 1277,1645 1308,1646 1338,1647 1369,1649 1400,1649 1431,1650 1461,1651 1492,1652 1523,1653 1554,1653 1584,1655 1615,1655 1646,1655 1677,1656 1707,1656 1738,1655 1769,1655 1800,1653"/>
                <TextEquiv>
                    <Unicode>Gott gnadig sye) weder gschlagen</Unicode>
                </TextEquiv>
            </TextLine>
            <TextLine id="r1l20" custom="readingOrder {index:19;}">
                <Coords points="1165,1723 1240,1747 1316,1727 1384,1763 1494,1727 1549,1731 1580,1764 1765,1748 1813,1774 1801,1679 1698,1706 1654,1680 1599,1702 1564,1675 1535,1695 1504,1671 1454,1696 1380,1655 1325,1672 1168,1658"/>
                <Baseline points="1175,1704 1206,1707 1238,1710 1269,1712 1301,1715 1332,1716 1364,1718 1395,1720 1427,1721 1458,1722 1490,1724 1521,1724 1553,1725 1584,1725 1616,1727 1647,1727 1679,1727 1710,1727 1742,1727 1773,1727 1805,1727"/>
                <TextEquiv>
                    <Unicode>noch frauwt, dosh möge sy villich</Unicode>
                </TextEquiv>
            </TextLine>
            <TextLine id="r1l21" custom="readingOrder {index:20;}">
                <Coords points="1178,1795 1262,1829 1364,1803 1441,1826 1476,1797 1549,1846 1628,1810 1733,1812 1767,1797 1769,1763 1548,1770 1500,1749 1432,1767 1315,1728 1233,1754 1181,1748"/>
                <Baseline points="1188,1778 1216,1779 1245,1781 1273,1782 1302,1784 1330,1785 1359,1786 1387,1787 1416,1788 1444,1788 1473,1790 1501,1790 1530,1791 1558,1793 1587,1794 1615,1796 1644,1797 1672,1799 1701,1802 1729,1804 1758,1808"/>
                <TextEquiv>
                    <Unicode>ettliche ungermuchte wortt</Unicode>
                </TextEquiv>
            </TextLine>
            <TextLine id="r1l22" custom="readingOrder {index:21;}">
                <Coords points="1166,1883 1264,1894 1374,1866 1455,1904 1509,1881 1536,1897 1603,1862 1657,1894 1761,1860 1763,1813 1727,1827 1684,1806 1544,1843 1487,1807 1441,1827 1169,1808"/>
                <Baseline points="1176,1850 1204,1850 1233,1850 1262,1850 1291,1851 1319,1851 1348,1852 1377,1853 1406,1854 1434,1856 1463,1856 1492,1857 1521,1859 1549,1860 1578,1862 1607,1862 1636,1863 1664,1864 1693,1865 1722,1865 1751,1866"/>
                <TextEquiv>
                    <Unicode>das jra von hertzen leydt</Unicode>
                </TextEquiv>
            </TextLine>
            <TextLine id="r1l23" custom="readingOrder {index:22;}">
                <Coords points="1169,1933 1325,1928 1383,1956 1459,1924 1507,1949 1575,1945 1612,1974 1681,1939 1782,1956 1808,1940 1809,1897 1659,1892 1601,1862 1525,1912 1374,1865 1255,1901 1170,1882"/>
                <Baseline points="1179,1923 1210,1922 1241,1922 1272,1922 1303,1922 1334,1922 1365,1923 1396,1923 1427,1925 1458,1926 1489,1927 1520,1928 1551,1929 1582,1931 1613,1931 1644,1932 1675,1932 1706,1932 1737,1931 1768,1929 1800,1928"/>
                <TextEquiv>
                    <Unicode>domaln Inn einem Zorn wider</Unicode>
                </TextEquiv>
            </TextLine>
            <TextLine id="r1l24" custom="readingOrder {index:23;}">
                <Coords points="1175,2002 1298,1989 1331,2020 1390,2001 1453,2028 1480,2015 1581,2035 1609,2019 1658,2038 1692,2010 1779,2004 1781,1949 1673,1968 1645,1954 1607,1974 1585,1953 1553,1967 1533,1947 1454,1945 1417,1974 1389,1954 1323,1971 1177,1937"/>
                <Baseline points="1185,1980 1214,1982 1243,1983 1272,1985 1302,1986 1331,1989 1360,1990 1389,1991 1419,1994 1448,1994 1477,1995 1506,1997 1536,1998 1565,1998 1594,1998 1623,1998 1653,1998 1682,1998 1711,1997 1740,1997 1770,1994"/>
                <TextEquiv>
                    <Unicode>die mnnter, ußgstossen haben</Unicode>
                </TextEquiv>
            </TextLine>
            <TextLine id="r1l25" custom="readingOrder {index:24;}">
                <Coords points="1168,2096 1275,2064 1300,2092 1365,2072 1471,2107 1703,2077 1790,2107 1793,2049 1682,2048 1627,2019 1566,2043 1480,2015 1379,2043 1339,2016 1269,2032 1172,2002"/>
                <Baseline points="1179,2049 1209,2052 1239,2055 1269,2058 1299,2060 1329,2063 1359,2064 1390,2066 1420,2068 1450,2070 1480,2071 1510,2072 1540,2073 1570,2075 1601,2075 1631,2076 1661,2076 1691,2076 1721,2076 1751,2075 1782,2075"/>
                <TextEquiv>
                    <Unicode>Inn was gstellt aber moch</Unicode>
                </TextEquiv>
            </TextLine>
            <TextLine id="r1l26" custom="readingOrder {index:25;}">
                <Coords points="1183,2167 1293,2131 1382,2130 1621,2174 1695,2134 1751,2185 1811,2161 1812,2116 1751,2098 1709,2116 1644,2084 1463,2111 1403,2085 1356,2107 1326,2076 1300,2092 1249,2070 1185,2093"/>
                <Baseline points="1193,2133 1223,2131 1253,2130 1284,2129 1314,2129 1345,2129 1375,2129 1406,2130 1436,2132 1467,2133 1497,2134 1527,2135 1558,2136 1588,2138 1619,2139 1649,2140 1680,2141 1710,2141 1741,2139 1771,2138 1802,2136"/>
                <TextEquiv>
                    <Unicode>s mit meee wüssen, dann</Unicode>
                </TextEquiv>
            </TextLine>
            <TextLine id="r1l27" custom="readingOrder {index:26;}">
                <Coords points="1203,2199 1298,2213 1322,2199 1380,2241 1482,2195 1599,2223 1643,2208 1696,2235 1784,2218 1785,2184 1746,2184 1715,2155 1663,2186 1578,2154 1521,2167 1474,2149 1445,2169 1422,2147 1352,2153 1294,2132 1205,2160"/>
                <Baseline points="1214,2184 1242,2186 1270,2186 1298,2187 1326,2189 1354,2190 1382,2192 1410,2193 1438,2195 1466,2196 1494,2197 1522,2199 1550,2200 1578,2201 1606,2202 1634,2204 1662,2205 1690,2205 1718,2207 1746,2207 1775,2208"/>
                <TextEquiv>
                    <Unicode>es sydthar meee dem Jo</Unicode>
                </TextEquiv>
            </TextLine>
            <TextLine id="r1l28" custom="readingOrder {index:27;}">
                <Coords points="1202,2254 1251,2251 1289,2274 1394,2293 1464,2281 1545,2320 1656,2290 1658,2239 1582,2250 1549,2216 1487,2247 1448,2226 1425,2242 1380,2230 1341,2196 1274,2213 1249,2194 1205,2198"/>
                <Baseline points="1211,2247 1236,2250 1262,2253 1287,2256 1313,2257 1339,2259 1364,2261 1390,2263 1416,2264 1441,2265 1467,2266 1493,2268 1518,2268 1544,2269 1570,2270 1595,2271 1621,2271 1647,2273"/>
                <TextEquiv>
                    <Unicode>vnd tag verschinen</Unicode>
                </TextEquiv>
            </TextLine>
            <TextLine id="r1l29" custom="readingOrder {index:28;}">
                <Coords points="1177,2346 1414,2345 1499,2391 1585,2390 1652,2347 1764,2395 1842,2360 1844,2308 1745,2275 1527,2328 1459,2281 1373,2308 1234,2266 1179,2280"/>
                <Baseline points="1187,2331 1219,2331 1251,2331 1283,2331 1316,2333 1348,2334 1380,2337 1413,2340 1445,2343 1477,2346 1510,2348 1542,2350 1574,2352 1606,2354 1639,2354 1671,2354 1703,2352 1736,2349 1768,2345 1800,2339 1833,2333"/>
                <TextEquiv>
                    <Unicode>Demnach hatt sy viserkhenn</Unicode>
                </TextEquiv>
            </TextLine>
            <TextLine id="r1l30" custom="readingOrder {index:29;}">
                <Coords points="1201,2396 1318,2443 1493,2408 1594,2440 1769,2411 1822,2444 1825,2380 1749,2395 1650,2350 1584,2388 1499,2392 1375,2340 1312,2364 1204,2349"/>
                <Baseline points="1211,2388 1241,2390 1271,2391 1301,2394 1331,2396 1362,2398 1392,2402 1422,2404 1452,2407 1482,2409 1513,2412 1543,2414 1573,2416 1603,2417 1633,2418 1664,2418 1694,2418 1724,2417 1754,2415 1784,2412 1815,2409"/>
                <TextEquiv>
                    <Unicode>das sy ein mal zu is mitth</Unicode>
                </TextEquiv>
            </TextLine>
            <TextLine id="r1l31" custom="readingOrder {index:30;}">
                <Coords points="1200,2473 1308,2468 1355,2503 1394,2473 1449,2499 1492,2479 1656,2532 1791,2489 1794,2427 1778,2422 1660,2432 1614,2462 1520,2422 1477,2444 1452,2424 1329,2431 1263,2397 1205,2398"/>
                <Baseline points="1212,2447 1240,2450 1269,2453 1297,2456 1326,2460 1354,2463 1383,2466 1411,2469 1440,2471 1468,2474 1497,2477 1525,2477 1554,2480 1582,2481 1611,2481 1639,2481 1668,2481 1696,2481 1725,2481 1753,2479 1782,2477"/>
                <TextEquiv>
                    <Unicode>als die selb zu dragesprochen</Unicode>
                </TextEquiv>
            </TextLine>
            <TextLine id="r1l32" custom="readingOrder {index:31;}">
                <Coords points="1189,2519 1307,2528 1391,2570 1440,2551 1475,2581 1512,2570 1562,2599 1739,2600 1763,2621 1785,2618 1799,2485 1656,2532 1624,2511 1526,2510 1483,2478 1454,2499 1408,2483 1359,2502 1300,2467 1261,2482 1194,2468"/>
                <Baseline points="1199,2507 1228,2507 1257,2509 1286,2512 1315,2515 1344,2518 1373,2523 1403,2529 1432,2533 1461,2538 1490,2542 1519,2546 1548,2550 1577,2554 1607,2557 1636,2560 1665,2561 1694,2561 1723,2561 1752,2558 1782,2555"/>
                <TextEquiv>
                    <Unicode>unnd anzäpfft, sy hab ein</Unicode>
                </TextEquiv>
            </TextLine>
            <TextEquiv>
                <Unicode>schlachen, darzu stigind angende
zwey wyber, namlich Bendiches
Staffan Bugens frauww ✳ unnd
Küngeli wylenden aasperscheili
eligen gelaßne wittwen, thom
men unnd ampfangen schyden
da sy sich aber ye von dermun
von ires lybs schwascheytt wegen
mit schwingen nochentrummen
mögen, hab die muter sy im
den bach vnnder den kauell
gworffen unnd uff sy gekumen
sagende, Ich will dich errenckn
vnnd als sy nachteren durch die
obgenammen zwey wyber pe
scheyden worden, sey sy a4
daruon gfloch, vnnd die mutt
khens wags (als waar ir
Gott gnadig sye) weder gschlagen
noch frauwt, dosh möge sy villich
ettliche ungermuchte wortt
das jra von hertzen leydt
domaln Inn einem Zorn wider
die mnnter, ußgstossen haben
Inn was gstellt aber moch
s mit meee wüssen, dann
es sydthar meee dem Jo
vnd tag verschinen
Demnach hatt sy viserkhenn
das sy ein mal zu is mitth
als die selb zu dragesprochen
unnd anzäpfft, sy hab ein</Unicode>
            </TextEquiv>
        </TextRegion>
        <TextRegion type="paragraph" id="region_1684161689113_2334" custom="readingOrder {index:1;} structure {type:paragraph;}">
            <Coords points="2430,287 2546,287 2546,360 2430,360"/>
        </TextRegion>
        <TextRegion orientation="0.0" type="paragraph" id="r2" custom="readingOrder {index:2;} structure {type:paragraph;}">
            <Coords points="1822,429 1893,2658 2669,2658 2568,338"/>
            <TextLine id="r2l2" custom="readingOrder {index:0;}">
                <Coords points="1855,500 1909,478 1994,484 2013,463 2102,474 2149,432 2267,420 2316,438 2364,407 2449,438 2534,387 2529,350 2491,363 2428,327 2334,372 2294,357 2261,391 2147,404 2075,371 2005,409 1916,407 1846,440"/>
                <Baseline points="1863,485 1896,476 1929,470 1962,463 1995,456 2028,449 2061,443 2094,438 2127,433 2160,428 2193,423 2226,418 2259,413 2292,409 2325,405 2358,400 2391,397 2424,393 2457,389 2490,386 2523,381"/>
                <TextEquiv>
                    <Unicode>Man uß dessen mund nie khen</Unicode>
                </TextEquiv>
            </TextLine>
            <TextLine id="r2l3" custom="readingOrder {index:1;}">
                <Coords points="2171,525 2289,533 2335,483 2421,493 2521,476 2515,412 2482,406 2449,437 2414,420 2398,433 2367,423 2330,451 2312,443 2220,466 2194,449 2164,460"/>
                <Baseline points="2178,495 2203,494 2229,492 2254,489 2280,488 2306,484 2331,481 2357,479 2382,475 2408,473 2434,470 2459,468 2485,467 2511,467"/>
                <TextEquiv>
                    <Unicode>gredt, er</Unicode>
                </TextEquiv>
            </TextLine>
            <TextLine id="r2l4" custom="readingOrder {index:2;}">
                <Coords points="1878,568 1903,558 1950,574 1963,562 1982,571 2012,540 2034,544 2058,526 2079,536 2106,510 2117,516 2130,504 2173,508 2163,441 2128,449 2102,473 2059,480 2046,471 2038,482 1993,485 1954,478 1919,509 1870,522"/>
                <Baseline points="1883,539 1908,536 1933,532 1959,527 1984,522 2009,518 2035,513 2060,508 2085,503 2111,499 2136,495 2162,492"/>
                <TextEquiv>
                    <Unicode>mhiht gens</Unicode>
                </TextEquiv>
            </TextLine>
            <TextLine id="r2l5" custom="readingOrder {index:3;}">
                <Coords points="1868,636 1997,594 2024,614 2075,581 2184,574 2258,607 2512,546 2504,479 2452,499 2348,484 2265,534 2156,513 2014,539 1985,571 1948,556 1861,574"/>
                <Baseline points="1875,612 1906,605 1937,598 1968,593 2000,588 2031,583 2062,579 2094,574 2125,570 2156,566 2188,562 2219,559 2250,557 2281,552 2313,549 2344,548 2375,544 2407,542 2438,539 2469,537 2501,534"/>
                <TextEquiv>
                    <Unicode>were noch wol so warhafftig, als</Unicode>
                </TextEquiv>
            </TextLine>
            <TextLine id="r2l6" custom="readingOrder {index:4;} person {offset:0; length:13;}">
                <Coords points="1871,703 1892,704 1919,674 1992,672 2009,658 2110,676 2143,651 2204,654 2254,629 2310,649 2336,634 2331,593 2257,606 2164,574 2113,611 2023,613 1998,596 1978,619 1933,611 1905,638 1863,643"/>
                <Baseline points="1877,674 1903,669 1929,665 1955,660 1982,656 2008,651 2034,648 2061,644 2087,641 2113,638 2139,636 2166,633 2192,629 2218,626 2245,623 2271,621 2297,618 2324,615"/>
                <TextEquiv>
                    <Unicode>petter Kasten Er man</Unicode>
                </TextEquiv>
            </TextLine>
            <TextLine id="r2l7" custom="readingOrder {index:5;}">
                <Coords points="1870,799 1951,753 2090,777 2129,738 2213,758 2306,743 2346,700 2416,727 2443,706 2556,705 2552,658 2409,662 2324,636 2280,672 2146,648 1943,723 1896,700 1863,712"/>
                <Baseline points="1875,753 1908,749 1942,744 1975,740 2009,737 2042,733 2076,729 2109,727 2143,724 2176,720 2210,718 2244,716 2277,713 2311,711 2344,709 2378,707 2411,705 2445,704 2478,702 2512,700 2546,698"/>
                <TextEquiv>
                    <Unicode>Ittem wyther anzeypt wie das</Unicode>
                </TextEquiv>
            </TextLine>
            <TextLine id="r2l8" custom="readingOrder {index:6;}">
                <Coords points="1882,845 1962,854 2002,813 2254,779 2405,802 2465,769 2570,769 2565,700 2467,745 2389,713 2217,758 2179,736 2102,759 2069,741 2022,778 1947,755 1878,789"/>
                <Baseline points="1890,821 1923,813 1957,809 1990,803 2024,797 2057,794 2091,791 2124,789 2158,786 2191,783 2225,781 2259,780 2292,778 2326,777 2359,776 2393,773 2426,771 2460,770 2493,767 2527,764 2561,761"/>
                <TextEquiv>
                    <Unicode>verschinens Summers, Ir mute</Unicode>
                </TextEquiv>
            </TextLine>
            <TextLine id="r2l9" custom="readingOrder {index:7;}">
                <Coords points="1894,896 2103,861 2241,875 2284,844 2385,860 2546,841 2551,808 2428,795 2380,814 2349,787 2251,818 2213,787 2134,822 2078,799 1891,849"/>
                <Baseline points="1902,876 1934,871 1966,868 1998,863 2030,860 2062,858 2094,855 2126,852 2158,851 2190,849 2222,847 2254,846 2286,844 2318,843 2350,842 2382,839 2414,838 2446,837 2478,833 2510,832 2543,828"/>
                <TextEquiv>
                    <Unicode>in einem ortt, ira kmnin ein</Unicode>
                </TextEquiv>
            </TextLine>
            <TextLine id="r2l10" custom="readingOrder {index:8;}">
                <Coords points="1904,951 2057,935 2117,954 2190,919 2238,938 2332,907 2431,922 2568,905 2564,849 2504,834 2336,881 2269,866 2084,892 1981,872 1900,895"/>
                <Baseline points="1913,938 1945,932 1977,928 2009,926 2042,922 2074,918 2106,917 2138,914 2171,912 2203,910 2235,908 2267,906 2300,905 2332,903 2364,902 2396,900 2429,898 2461,896 2493,894 2525,891 2558,890"/>
                <TextEquiv>
                    <Unicode>uund laug gewarten unnd als</Unicode>
                </TextEquiv>
            </TextLine>
            <TextLine id="r2l11" custom="readingOrder {index:9;}">
                <Coords points="1891,1052 1962,1014 2100,1031 2125,1005 2220,1014 2313,972 2430,997 2535,971 2533,934 2410,923 2375,942 2269,922 2238,939 2189,920 2118,953 1985,937 1886,981"/>
                <Baseline points="1898,1011 1929,1007 1960,1004 1992,999 2023,997 2054,995 2086,992 2117,990 2148,987 2180,986 2211,984 2242,983 2274,982 2305,980 2336,978 2368,977 2399,975 2430,973 2462,971 2493,968 2525,965"/>
                <TextEquiv>
                    <Unicode>sy an dasselbig ortt an irem</Unicode>
                </TextEquiv>
            </TextLine>
            <TextLine id="r2l12" custom="readingOrder {index:10;}">
                <Coords points="1898,1097 2049,1069 2148,1097 2201,1064 2295,1056 2383,1092 2410,1066 2445,1085 2517,1046 2572,1059 2570,1017 2374,983 2254,1026 2134,1001 2098,1031 2005,1011 1896,1046"/>
                <Baseline points="1907,1073 1939,1070 1972,1067 2005,1064 2037,1062 2070,1061 2103,1058 2135,1057 2168,1055 2201,1054 2234,1052 2266,1052 2299,1050 2332,1049 2364,1048 2397,1047 2430,1046 2462,1044 2495,1043 2528,1041 2561,1040"/>
                <TextEquiv>
                    <Unicode>heimwäg khommen, hab denw</Unicode>
                </TextEquiv>
            </TextLine>
            <TextLine id="r2l13" custom="readingOrder {index:11;}">
                <Coords points="1902,1184 1958,1143 2079,1173 2176,1133 2295,1132 2355,1164 2420,1121 2518,1113 2515,1064 2430,1092 2275,1063 2095,1106 2035,1108 1994,1075 1897,1098"/>
                <Baseline points="1910,1146 1939,1143 1969,1141 1999,1138 2029,1137 2059,1134 2089,1133 2118,1131 2148,1129 2178,1128 2208,1127 2238,1125 2268,1124 2298,1122 2327,1120 2357,1119 2387,1116 2417,1113 2447,1111 2477,1109 2507,1106"/>
                <TextEquiv>
                    <Unicode>zu dee gstytt tochter du</Unicode>
                </TextEquiv>
            </TextLine>
            <TextLine id="r2l14" custom="readingOrder {index:12;}">
                <Coords points="1905,1236 1969,1237 2002,1212 2039,1243 2122,1205 2149,1224 2218,1198 2273,1218 2317,1182 2397,1222 2460,1223 2510,1209 2506,1136 2350,1169 2196,1135 2077,1171 2001,1150 1902,1181"/>
                <Baseline points="1914,1214 1943,1211 1972,1207 2001,1205 2031,1201 2060,1200 2089,1199 2118,1197 2148,1196 2177,1194 2206,1194 2235,1193 2265,1193 2294,1191 2323,1190 2352,1190 2382,1188 2411,1187 2440,1184 2469,1182 2499,1179"/>
                <TextEquiv>
                    <Unicode>hast mich verklagt ich hab</Unicode>
                </TextEquiv>
            </TextLine>
            <TextLine id="r2l15" custom="readingOrder {index:13;}">
                <Coords points="1908,1289 1932,1278 1967,1307 2011,1279 2077,1286 2123,1264 2281,1312 2398,1261 2458,1298 2526,1280 2524,1212 2427,1235 2344,1184 2317,1213 2176,1211 2087,1241 1994,1223 1906,1236"/>
                <Baseline points="1917,1280 1948,1277 1980,1274 2011,1272 2043,1270 2074,1269 2106,1268 2137,1266 2169,1265 2200,1265 2232,1263 2263,1262 2295,1262 2326,1260 2358,1260 2389,1259 2421,1258 2452,1256 2484,1254 2516,1253"/>
                <TextEquiv>
                    <Unicode>dich wöllen erstächen, dann sy</Unicode>
                </TextEquiv>
            </TextLine>
            <TextLine id="r2l16" custom="readingOrder {index:14;}">
                <Coords points="1919,1348 1995,1376 2034,1343 2374,1332 2466,1350 2547,1325 2545,1287 2452,1298 2406,1269 2367,1299 2296,1305 2120,1282 2078,1313 1917,1283"/>
                <Baseline points="1929,1343 1959,1340 1989,1338 2020,1337 2050,1334 2081,1334 2111,1332 2141,1331 2172,1330 2202,1329 2233,1328 2263,1328 2293,1328 2324,1326 2354,1326 2385,1325 2415,1325 2445,1323 2476,1323 2506,1322 2537,1320"/>
                <TextEquiv>
                    <Unicode>sollichs eintwuders von Ira der</Unicode>
                </TextEquiv>
            </TextLine>
            <TextLine id="r2l17" custom="readingOrder {index:15;}">
                <Coords points="1913,1408 2018,1403 2049,1427 2086,1403 2197,1419 2330,1392 2531,1390 2550,1384 2548,1324 2498,1357 2367,1333 2244,1359 2159,1337 2015,1375 1958,1353 1912,1375"/>
                <Baseline points="1922,1397 1952,1397 1983,1397 2014,1396 2045,1395 2076,1395 2107,1394 2138,1394 2169,1393 2200,1392 2231,1391 2261,1391 2292,1389 2323,1389 2354,1387 2385,1386 2416,1385 2447,1383 2478,1382 2509,1380 2540,1379"/>
                <TextEquiv>
                    <Unicode>tochter S oder Irem tochterma</Unicode>
                </TextEquiv>
            </TextLine>
            <TextLine id="r2l18" custom="readingOrder {index:16;}">
                <Coords points="1903,1472 1979,1501 2010,1468 2163,1486 2247,1446 2330,1486 2422,1452 2589,1452 2576,1381 2485,1421 2405,1388 2197,1419 1902,1414"/>
                <Baseline points="1913,1457 1946,1455 1979,1453 2012,1451 2046,1451 2079,1449 2112,1449 2146,1448 2179,1448 2212,1447 2246,1446 2279,1446 2312,1446 2345,1445 2379,1445 2412,1445 2445,1443 2479,1443 2512,1442 2545,1440 2579,1440"/>
                <TextEquiv>
                    <Unicode>beschächen sin, rygentlich vrnommen</Unicode>
                </TextEquiv>
            </TextLine>
            <TextLine id="r2l19" custom="readingOrder {index:17;}">
                <Coords points="1904,1549 1981,1534 2059,1563 2111,1535 2268,1523 2395,1544 2445,1518 2568,1535 2566,1471 2373,1472 2341,1494 2295,1453 2176,1491 2010,1468 1977,1502 1903,1473"/>
                <Baseline points="1913,1527 1945,1527 1977,1526 2009,1526 2042,1526 2074,1525 2106,1524 2138,1523 2171,1523 2203,1521 2235,1521 2267,1520 2300,1520 2332,1518 2364,1518 2396,1518 2429,1518 2461,1517 2493,1517 2525,1518 2558,1518"/>
                <TextEquiv>
                    <Unicode>daruff sy der mutter zuant¬</Unicode>
                </TextEquiv>
            </TextLine>
            <TextLine id="r2l20" custom="readingOrder {index:18;}">
                <Coords points="1934,1609 2026,1600 2071,1624 2114,1597 2342,1590 2393,1623 2460,1581 2586,1602 2585,1549 2536,1526 2433,1557 2409,1539 2362,1554 2326,1527 2221,1547 2158,1529 2067,1570 1984,1537 1933,1547"/>
                <Baseline points="1943,1589 1974,1590 2006,1590 2037,1591 2069,1592 2101,1590 2132,1590 2164,1590 2196,1590 2227,1589 2259,1589 2291,1587 2322,1587 2354,1586 2386,1586 2417,1584 2449,1584 2481,1584 2512,1584 2544,1584 2576,1584"/>
                <TextEquiv>
                    <Unicode>eint gäben, welche seinlichs</Unicode>
                </TextEquiv>
            </TextLine>
            <TextLine id="r2l21" custom="readingOrder {index:19;}">
                <Coords points="1909,1686 2240,1663 2301,1696 2332,1663 2405,1655 2530,1691 2595,1664 2595,1603 2544,1612 2519,1591 2388,1631 2305,1588 2281,1606 2166,1586 2078,1629 2032,1603 1908,1605"/>
                <Baseline points="1919,1661 1952,1659 1985,1658 2019,1658 2052,1656 2085,1656 2119,1655 2152,1655 2185,1655 2219,1654 2252,1653 2285,1653 2319,1653 2352,1653 2385,1653 2419,1653 2452,1652 2485,1652 2519,1651 2552,1650 2586,1650"/>
                <TextEquiv>
                    <Unicode>Redindt, die lugindt wie ful</Unicode>
                </TextEquiv>
            </TextLine>
            <TextLine id="r2l22" custom="readingOrder {index:20;}">
                <Coords points="1930,1760 1975,1740 2011,1756 2046,1751 2100,1721 2147,1731 2182,1757 2293,1752 2291,1680 2241,1663 2099,1678 2079,1662 2012,1666 1994,1683 1974,1672 1947,1698 1928,1698"/>
                <Baseline points="1938,1719 1964,1718 1990,1718 2017,1718 2043,1717 2070,1716 2096,1716 2123,1715 2149,1714 2176,1713 2202,1712 2229,1711 2255,1710 2282,1709"/>
                <TextEquiv>
                    <Unicode>nüt sollende luch.</Unicode>
                </TextEquiv>
            </TextLine>
            <TextLine id="r2l23" custom="readingOrder {index:21;}">
                <Coords points="1904,1838 2041,1824 2126,1858 2163,1828 2241,1852 2329,1820 2400,1846 2464,1813 2568,1830 2567,1775 2522,1764 2479,1783 2368,1763 2317,1786 2235,1760 2150,1783 2079,1740 1994,1772 1904,1740"/>
                <Baseline points="1913,1811 1945,1812 1977,1814 2009,1815 2042,1816 2074,1817 2106,1817 2138,1817 2171,1817 2203,1817 2235,1817 2267,1817 2300,1817 2332,1815 2364,1815 2396,1814 2429,1814 2461,1812 2493,1812 2525,1811 2558,1811"/>
                <TextEquiv>
                    <Unicode>zu Leist hatt sy von des ober¬</Unicode>
                </TextEquiv>
            </TextLine>
            <TextLine id="r2l24" custom="readingOrder {index:22;}">
                <Coords points="1932,1884 2024,1891 2056,1916 2182,1895 2210,1920 2253,1882 2336,1876 2524,1910 2607,1875 2607,1829 2404,1852 2321,1829 2252,1854 2165,1831 2126,1858 2079,1835 1932,1852"/>
                <Baseline points="1941,1877 1973,1878 2006,1878 2039,1878 2072,1878 2105,1878 2138,1878 2170,1877 2203,1877 2236,1877 2269,1877 2302,1875 2335,1875 2368,1875 2400,1875 2433,1875 2466,1877 2499,1877 2532,1879 2565,1880 2598,1883"/>
                <TextEquiv>
                    <Unicode>mellten rachtshandels angezeget</Unicode>
                </TextEquiv>
            </TextLine>
            <TextLine id="r2l25" custom="readingOrder {index:23;}">
                <Coords points="1941,1973 2004,1949 2114,1984 2143,1955 2195,1974 2328,1958 2397,1928 2443,1970 2491,1941 2523,1953 2522,1906 2435,1886 2359,1912 2268,1880 2203,1925 2154,1906 2103,1926 2041,1903 1940,1918"/>
                <Baseline points="1949,1946 1977,1946 2005,1946 2033,1946 2062,1946 2090,1946 2118,1946 2146,1945 2175,1944 2203,1944 2231,1943 2259,1941 2288,1941 2316,1940 2344,1938 2372,1938 2401,1937 2429,1937 2457,1935 2485,1935 2514,1935"/>
                <TextEquiv>
                    <Unicode>wie das sy mitt irem thyll</Unicode>
                </TextEquiv>
            </TextLine>
            <TextLine id="r2l26" custom="readingOrder {index:24;}">
                <Coords points="1936,2015 1972,2029 2032,2002 2074,2039 2096,2022 2144,2051 2248,2010 2296,2041 2583,2007 2582,1960 2520,1963 2490,1941 2447,1971 2397,1927 2225,1978 2028,1964 1936,1981"/>
                <Baseline points="1946,2003 1977,2004 2008,2004 2040,2006 2071,2006 2102,2006 2134,2006 2165,2006 2196,2006 2228,2006 2259,2006 2290,2004 2322,2004 2353,2003 2384,2003 2416,2001 2447,2000 2478,1999 2510,1998 2541,1995 2573,1994"/>
                <TextEquiv>
                    <Unicode>nemlich ex mässen, so inen</Unicode>
                </TextEquiv>
            </TextLine>
            <TextLine id="r2l27" custom="readingOrder {index:25;}">
                <Coords points="1922,2087 2080,2074 2163,2115 2328,2084 2387,2105 2424,2078 2535,2109 2576,2103 2577,2020 2518,2009 2424,2041 2250,2024 2137,2050 2095,2021 2075,2040 2032,2002 1958,2042 1922,2034"/>
                <Baseline points="1932,2064 1963,2066 1995,2068 2027,2069 2059,2069 2091,2070 2122,2070 2154,2070 2186,2070 2218,2070 2250,2070 2281,2070 2313,2069 2345,2069 2377,2069 2409,2069 2440,2069 2472,2069 2504,2069 2536,2069 2568,2069"/>
                <TextEquiv>
                    <Unicode>an abrichtn des Bodenzinses zu</Unicode>
                </TextEquiv>
            </TextLine>
            <TextLine id="r2l28" custom="readingOrder {index:26;}">
                <Coords points="1916,2164 2005,2157 2065,2187 2127,2139 2208,2183 2249,2156 2272,2175 2347,2149 2385,2177 2582,2132 2581,2103 2461,2107 2425,2079 2384,2106 2262,2094 2160,2122 2058,2081 1997,2107 1916,2085"/>
                <Baseline points="1925,2135 1957,2136 1989,2136 2022,2138 2054,2138 2087,2139 2119,2139 2151,2139 2184,2139 2216,2139 2249,2139 2281,2139 2313,2138 2346,2138 2378,2136 2411,2135 2443,2133 2475,2133 2508,2130 2540,2129 2573,2127"/>
                <TextEquiv>
                    <Unicode>Irem theylln gezogen, kheins</Unicode>
                </TextEquiv>
            </TextLine>
            <TextLine id="r2l29" custom="readingOrder {index:27;}">
                <Coords points="1935,2230 2047,2219 2072,2239 2121,2207 2241,2227 2267,2206 2296,2226 2378,2208 2425,2234 2479,2197 2589,2209 2588,2147 2218,2183 2156,2163 2066,2187 2041,2165 1934,2163"/>
                <Baseline points="1944,2199 1975,2202 2007,2204 2039,2205 2071,2205 2102,2207 2134,2207 2166,2207 2198,2207 2229,2206 2261,2205 2293,2204 2325,2204 2356,2202 2388,2201 2420,2199 2452,2198 2483,2197 2515,2196 2547,2195 2579,2193"/>
                <TextEquiv>
                    <Unicode>wags sunig psin, das sy mit</Unicode>
                </TextEquiv>
            </TextLine>
            <TextLine id="r2l30" custom="readingOrder {index:28;}">
                <Coords points="1947,2295 1989,2270 2043,2306 2180,2273 2231,2313 2348,2257 2400,2300 2460,2296 2507,2260 2601,2284 2601,2207 2545,2236 2479,2204 2421,2236 2391,2214 2340,2233 2208,2205 2131,2245 1947,2233"/>
                <Baseline points="1956,2265 1987,2265 2019,2265 2051,2265 2083,2265 2114,2265 2146,2264 2178,2264 2210,2264 2241,2264 2273,2262 2305,2262 2337,2262 2368,2262 2400,2262 2432,2262 2464,2262 2495,2262 2527,2263 2559,2264 2591,2264"/>
                <TextEquiv>
                    <Unicode>gnugsammer khundeschafft ern</Unicode>
                </TextEquiv>
            </TextLine>
            <TextLine id="r2l31" custom="readingOrder {index:29;} person {offset:24; length:4;}">
                <Coords points="1944,2359 1994,2373 2062,2341 2187,2329 2271,2366 2433,2339 2504,2368 2613,2354 2613,2305 2535,2282 2399,2305 2347,2257 2237,2311 2191,2284 2128,2308 2053,2311 2008,2286 1944,2308"/>
                <Baseline points="1953,2330 1985,2330 2018,2330 2050,2330 2083,2330 2115,2330 2148,2330 2180,2330 2213,2330 2245,2330 2278,2330 2311,2330 2343,2331 2376,2331 2408,2331 2441,2333 2473,2333 2506,2334 2538,2336 2571,2336 2604,2337"/>
                <TextEquiv>
                    <Unicode>wissen woll, sondder er Papp</Unicode>
                </TextEquiv>
            </TextLine>
            <TextLine id="r2l32" custom="readingOrder {index:30;}">
                <Coords points="1937,2435 2004,2416 2058,2439 2093,2408 2149,2416 2179,2394 2300,2423 2376,2404 2435,2420 2468,2392 2583,2410 2626,2399 2625,2347 2502,2369 2341,2341 2116,2379 2070,2350 2050,2370 1935,2363"/>
                <Baseline points="1946,2399 1979,2402 2013,2405 2046,2405 2080,2406 2113,2405 2147,2405 2180,2403 2214,2402 2247,2400 2281,2399 2314,2397 2348,2395 2381,2394 2415,2393 2448,2391 2482,2391 2515,2390 2549,2391 2582,2391 2616,2394"/>
                <TextEquiv>
                    <Unicode>habe sinen schüff ingenomm</Unicode>
                </TextEquiv>
            </TextLine>
            <TextLine id="r2l33" custom="readingOrder {index:31;}">
                <Coords points="1949,2488 2032,2502 2075,2476 2123,2498 2313,2466 2367,2483 2439,2454 2587,2488 2585,2430 2513,2394 2463,2426 2349,2410 2284,2435 2180,2394 1997,2445 1947,2420"/>
                <Baseline points="1958,2463 1990,2466 2023,2468 2055,2469 2088,2469 2120,2469 2153,2468 2186,2466 2218,2464 2251,2462 2283,2460 2316,2457 2348,2456 2381,2454 2414,2453 2446,2453 2479,2453 2511,2454 2544,2457 2577,2460"/>
                <TextEquiv>
                    <Unicode>den selbigen in annderen wass</Unicode>
                </TextEquiv>
            </TextLine>
            <TextLine id="r2l34" custom="readingOrder {index:32;}">
                <Coords points="1956,2565 2244,2571 2307,2540 2475,2554 2539,2521 2613,2532 2612,2494 2545,2470 2491,2491 2462,2473 2379,2495 2276,2470 2193,2501 2073,2475 2035,2503 1953,2494"/>
                <Baseline points="1964,2532 1996,2534 2028,2532 2060,2532 2092,2531 2124,2530 2156,2529 2188,2528 2220,2526 2252,2525 2284,2522 2316,2521 2348,2519 2380,2519 2412,2517 2444,2516 2476,2516 2508,2516 2540,2516 2572,2517 2604,2517"/>
                <TextEquiv>
                    <Unicode>verbruchtn, vnnd nitt by guter</Unicode>
                </TextEquiv>
            </TextLine>
            <TextLine id="r2l35" custom="readingOrder {index:33;}">
                <Coords points="1916,2648 2038,2645 2085,2609 2176,2620 2200,2600 2360,2636 2475,2598 2650,2602 2647,2538 1913,2575"/>
                <Baseline points="1925,2618 1960,2615 1996,2613 2032,2610 2067,2607 2103,2604 2139,2603 2174,2600 2210,2598 2246,2595 2282,2594 2317,2592 2353,2591 2389,2589 2424,2588 2460,2588 2496,2586 2531,2586 2567,2586 2603,2588 2639,2588"/>
                <TextEquiv>
                    <Unicode>Gytt, wie er aber gsollen, vber¬</Unicode>
                </TextEquiv>
            </TextLine>
            <TextEquiv>
                <Unicode>Man uß dessen mund nie khen
gredt, er
mhiht gens
were noch wol so warhafftig, als
petter Kasten Er man
Ittem wyther anzeypt wie das
verschinens Summers, Ir mute
in einem ortt, ira kmnin ein
uund laug gewarten unnd als
sy an dasselbig ortt an irem
heimwäg khommen, hab denw
zu dee gstytt tochter du
hast mich verklagt ich hab
dich wöllen erstächen, dann sy
sollichs eintwuders von Ira der
tochter S oder Irem tochterma
beschächen sin, rygentlich vrnommen
daruff sy der mutter zuant¬
eint gäben, welche seinlichs
Redindt, die lugindt wie ful
nüt sollende luch.
zu Leist hatt sy von des ober¬
mellten rachtshandels angezeget
wie das sy mitt irem thyll
nemlich ex mässen, so inen
an abrichtn des Bodenzinses zu
Irem theylln gezogen, kheins
wags sunig psin, das sy mit
gnugsammer khundeschafft ern
wissen woll, sondder er Papp
habe sinen schüff ingenomm
den selbigen in annderen wass
verbruchtn, vnnd nitt by guter
Gytt, wie er aber gsollen, vber¬</Unicode>
            </TextEquiv>
        </TextRegion>
    </Page>
</PcGts>
