4032 3024
980 243 1727 399 unnd fragte inn naeien har er
1045 313 1700 448 mit khöm. daruff er denn
1021 367 1745 516 wirst den handell eellen
1046 431 1757 572 doch mög er nitt wüssen, was
1069 503 1792 651 vnnd wievil gelts im becke
1076 566 1754 714 gstin syr. zygt darby
1038 629 1799 777 Wyter an, das vilberurter Lien¬
1078 713 1777 838 gortt von bach mit solchen dingen
1053 778 1782 918 Vbel verschreytt suge dann sich
1082 844 1805 978 die Buren von Aschi, als sy gan
1033 904 1807 1036 von zogen vast erkhapt habind
1088 990 1780 1097 das er vilen uß iren serholen
1096 1055 1793 1173 gelt gestolen vnd eitfrömb¬
1100 1126 1787 1237 dett vnnd vermeine deß¬
1106 1194 1798 1308 habb, wann man den selbigen gnheg
1115 1256 1801 1376 wurd er vil dießstäl bekhenne.
1117 1338 1813 1455 doch hab erstunst nie kheingen
1125 1401 1773 1517 meinschafft mit im ghan¬
1149 1476 1745 1588 unnd will mit wythers
1137 1546 1548 1655 bekhamlich sin.
1148 1612 1757 1732 Ist si mal fàr unnd
1162 1703 1805 1790 Zum anderen moal mitt dem
1160 1757 1813 1865 fleünsten steyn uffzogen worden.
2489 149 2560 233 33
1879 211 2573 404 uff fryttag den xv augstens
1908 265 2549 435 im 1567 jan in bywäsen
1880 350 2530 530 herren Nicklans Schonren des
1897 413 2527 586 khatts uorentz achsell
1892 446 2549 623 der burgeren sum Ballun galdi
1889 576 2127 702 getall
2014 592 2368 740 Hein Golder
1849 679 2565 885 Ist zu Marzili Heini golder
1866 763 2601 909 von Ruderswyl usz dem emmen¬
1884 811 2592 987 hal sines vnnutzen lichtfenge
1861 874 2574 1025 wäsens halb befragt worden
1875 953 2549 1087 namlich das er nach dem er¬
1887 1006 2586 1149 von siner fruwen sinen feleen
1880 1074 2569 1213 halb geschydigt werden, nütt
1885 1124 2550 1251 dest minder oben mitt der
1899 1191 2528 1334 selbigen liederlichen dirnen
1914 1225 2590 1379 in land vmbharzogen, vnd
1907 1309 2599 1457 sich gegen m g herren ange
1900 1364 2558 1491 lütten ungehorsam erzeigt
1910 1417 2590 1549 in dem so man Ine an ein
1920 1480 2581 1584 ortt zu recht habe citiertt
1918 1520 2593 1656 er mitt gestendig sich beld
1920 1579 2621 1684 an ein ander ontt verfugt
1925 1636 2642 1765 hab, Auch sich solliches mutt¬
1921 1689 2608 1816 willigen wäsens nitt be¬
1939 1743 2589 1862 nunn sonders sidthar der
1934 1796 2640 1925 schydigung zu senen ablsthey¬
1930 1849 2620 1960 dien ingangen ✳ und iren
1948 1913 2639 2026 zum offtemualen der massen
1957 1948 2649 2069 obeeläten das sy vorue¬
1958 1991 2656 2123 thete sollichs selbst von Ime
1949 2101 2201 2187 ze klagen
2007 2107 2643 2248 vff somlichs gipt er die ant¬
1970 2152 2675 2276 wortt, man nenne Ine golder
1956 2209 2656 2331 von dem das sin mutter seligen
1961 2273 2663 2397 hab das gold in den Emmmen
1965 2310 2661 2440 konen genden, sonst heß
1972 2357 2674 2489 er mitt namen Heini Vicken¬
2163 2407 2550 2516 sinerfelern halb
1970 2464 2046 2520 bec
1969 2437 2657 2566 könne er nitt ab sin dan das
1968 2492 2632 2629 in die schuldige pensen sige
