4032 3024
1022 765 1137 886 116
1135 326 1772 483 wortte drede, das er Küwrig an
1151 391 1771 532 mei heungan unnd sicher vor
1115 424 1773 587 Inen byben möge sonnst habes
1116 515 1764 635 keiner bosen meyung noch das
1132 572 1769 685 er gemandts beleydigen wolle.
1114 613 1342 729 gsagt.
1259 737 1413 813 andere
1165 763 1765 893 zum vierten ist im fürghatt
1136 840 1767 944 ats er dem vogt von Thorbers.
1132 901 1787 997 ii verstssen zinsz schuldig gwäsen
1131 960 1784 1040 unnd der vogt von thorberg die¬
1154 1015 1771 1095 selbigen von im haben wöllen, der
1151 1068 1800 1152 gstali er hausse für nin gherrn
1139 1116 1771 1218 tert des begärnus im selbige
1143 1174 1781 1269 born zins an gelt anzeschlachen,
1155 1240 1790 1317 und deswegen ein brief an vog
1139 1294 1770 1382 zu thorberg usbracht und wie
1144 1343 1802 1424 der vogt im denselbigen aben ein
1135 1391 1772 1488 sich augentz vorgläsen unnd
1116 1435 1810 1538 Im des brieffs innhatt zwüssen
1155 1499 1818 1601 than, dann das er sonst vernomen
1137 1551 1780 1645 min g herren im den einen
1145 1601 1795 1713 zins bis zu herpst anstan lasen
1143 1643 1789 1746 wellen, soner vnnd er Den¬
1141 1696 1793 1809 Ersten ußrichte, habe er Jaussi
1115 1755 1783 1855 Darby touff lassen ✳ wann
1150 1796 1807 1917 er der vogt m anderst wel
1179 1858 1820 1961 so wel er in eiist ab den hochen
1148 1920 1798 2029 possen, abhin seyzen, das eint
1141 1959 1812 2088 wadters sin stiel müssen uf dem
1134 2014 1824 2143 Waasen umbher kauffenn
1138 2066 1798 2197 Disers artickets ist er ganntz.
1151 2121 1798 2232 unnd jar nit bkantlich mit
1153 2151 1816 2287 anzeig das im sinlichs in sin
1166 2222 1789 2361 sinn unnd dannck mie komen,
1165 2332 1811 2476 zum vierten so sölle er jansse
1120 2418 1834 2533 etlichen Aderbeitet anzeig
1161 2449 1826 2592 haben wie es umb winistorff
1834 769 2371 848 zum anderen uff voroffnung
1826 809 2377 894 deß vogts zuͦ Thorbug hatt
1836 844 2383 937 wichns der Amman von pb¬
1830 894 2350 989 lien anzeigt, das er gezüg
1824 926 2379 1025 verschynens herpsts den hanssen
1843 969 2388 1066 an sine heimweg bim Siechen be¬
1836 1019 2390 1119 zogen hab Domale Hausse vnder
1853 1054 2347 1139 andern reden augfangen sich
1843 1100 2378 1180 übel klagen ab dem vogt von
1844 1134 2395 1223 sherbig, als umb die ij versesse
1851 1186 2045 1254 vorn zinß
