<?xml version="1.0" encoding="UTF-8" standalone="yes"?>
<PcGts xmlns="http://schema.primaresearch.org/PAGE/gts/pagecontent/2013-07-15" xmlns:xsi="http://www.w3.org/2001/XMLSchema-instance" xsi:schemaLocation="http://schema.primaresearch.org/PAGE/gts/pagecontent/2013-07-15 http://schema.primaresearch.org/PAGE/gts/pagecontent/2013-07-15/pagecontent.xsd">
    <Metadata>
        <Creator>prov=University of Rostock/Institute of Mathematics/CITlab|PLANET AI GmbH/Gundram Leifert/gundram.leifert@planet-ai.de:name=German_Kurrent_XVI-XVIII_M1(htr_id=19584)::::v=2.6.7
prov=University of Rostock/Institute of Mathematics/CITlab|PLANET AI GmbH/Tobias Gruening/tobias.gruening@planet-ai.de:name=de.uros.citlab.module.baseline2polygon.B2PSeamMultiOriented:v=2.6.7
prov=University of Rostock/Institute of Mathematics/CITlab|PLANET AI GmbH/Tobias Gruening/tobias.gruening@planet-ai.de:name=/net_tf/LA73_249_0mod360.pb:de.uros.citlab.segmentation.CITlab_LA_ML:v=2.6.7
Transkribus</Creator>
        <Created>2021-08-09T22:34:23.769+02:00</Created>
        <LastChange>2023-05-15T17:02:28.157+02:00</LastChange>
        <TranskribusMetadata docId="1349230" pageId="52966670" pageNr="166" tsid="121836906" status="IN_PROGRESS" userId="42748" imgUrl="https://files.transkribus.eu/Get?id=LNKYNKVBOZUIZMWGSLSQCGKV&amp;fileType=view" xmlUrl="https://files.transkribus.eu/Get?id=FQGHPFICYJSNXGJUKPCZVASM" imageId="22032032"/>
    </Metadata>
    <Page imageFilename="Foto 23.07.21, 9 54 46 AM.jpg" imageWidth="4032" imageHeight="3024">
        <ReadingOrder>
            <OrderedGroup id="ro_1687513527051" caption="Regions reading order">
                <RegionRefIndexed index="0" regionRef="r1"/>
                <RegionRefIndexed index="1" regionRef="region_1684162938653_2823"/>
                <RegionRefIndexed index="2" regionRef="TextRegion_1684162917638_2811"/>
                <RegionRefIndexed index="3" regionRef="TextRegion_1684162914162_2806"/>
                <RegionRefIndexed index="4" regionRef="TextRegion_1684162911443_2798"/>
                <RegionRefIndexed index="5" regionRef="TextRegion_1684162908428_2794"/>
            </OrderedGroup>
        </ReadingOrder>
        <TextRegion orientation="0.0" type="paragraph" id="r1" custom="readingOrder {index:0;} structure {type:paragraph;}">
            <Coords points="1040,296 1136,2726 1901,2665 1799,379"/>
            <TextLine id="r1l1" custom="readingOrder {index:0;}">
                <Coords points="1102,357 1190,406 1251,374 1281,408 1372,373 1446,417 1494,396 1610,401 1772,471 1779,421 1682,360 1639,374 1616,355 1571,380 1534,348 1451,347 1341,306 1257,302 1166,336 1108,312"/>
                <Baseline points="1112,357 1144,359 1177,360 1210,363 1242,366 1275,368 1308,371 1340,373 1373,377 1406,380 1439,384 1471,388 1504,392 1537,397 1569,402 1602,408 1635,413 1667,421 1700,427 1733,436 1766,444"/>
                <TextEquiv>
                    <Unicode>vff disere erzelliten reden,</Unicode>
                </TextEquiv>
            </TextLine>
            <TextLine id="r1l2" custom="readingOrder {index:1;}">
                <Coords points="1111,466 1227,441 1288,480 1406,451 1448,475 1503,450 1619,503 1669,470 1786,509 1790,465 1677,450 1608,403 1494,395 1440,415 1396,381 1282,409 1252,372 1193,406 1122,364"/>
                <Baseline points="1125,425 1157,425 1190,426 1223,428 1255,429 1288,431 1321,432 1353,434 1386,436 1419,438 1452,441 1484,444 1517,448 1550,452 1582,456 1615,461 1648,467 1680,473 1713,480 1746,488 1779,497"/>
                <TextEquiv>
                    <Unicode>sin bescheyde, b schrauftunb</Unicode>
                </TextEquiv>
            </TextLine>
            <TextLine id="r1l3" custom="readingOrder {index:2;}">
                <Coords points="1102,508 1216,501 1280,530 1387,496 1431,529 1465,501 1519,528 1558,515 1589,543 1627,522 1720,565 1805,561 1808,518 1667,470 1620,499 1542,461 1478,481 1407,450 1357,474 1230,443 1196,469 1106,467"/>
                <Baseline points="1113,489 1147,489 1181,489 1215,489 1249,489 1283,491 1317,491 1352,492 1386,494 1420,496 1454,499 1488,501 1522,504 1556,508 1591,512 1625,517 1659,522 1693,529 1727,537 1761,544 1796,554"/>
                <TextEquiv>
                    <Unicode>getz einitag es habe sich </Unicode>
                </TextEquiv>
            </TextLine>
            <TextLine id="r1l4" custom="readingOrder {index:3;}">
                <Coords points="1118,543 1282,570 1333,543 1358,561 1521,559 1562,592 1641,566 1697,615 1752,595 1754,565 1628,523 1587,542 1549,519 1430,530 1390,497 1280,525 1225,499 1179,517 1121,502"/>
                <Baseline points="1128,534 1158,537 1189,539 1220,540 1251,541 1281,543 1312,543 1343,545 1374,547 1404,548 1435,550 1466,551 1497,553 1527,556 1558,558 1589,562 1620,566 1650,570 1681,576 1712,581 1743,587"/>
                <TextEquiv>
                    <Unicode>ongenarlich vor quii tapen</Unicode>
                </TextEquiv>
            </TextLine>
            <TextLine id="r1l5" custom="readingOrder {index:4;}">
                <Coords points="1749,587 1756,588 1762,593 1764,598 1768,599 1770,597 1773,600 1784,601 1785,603 1799,606 1806,578 1797,576 1791,565 1788,567 1780,557 1771,561 1766,560 1765,557 1756,555"/>
                <Baseline points="1757,591 1791,599"/>
                <TextEquiv>
                    <Unicode>be</Unicode>
                </TextEquiv>
            </TextLine>
            <TextLine id="r1l6" custom="readingOrder {index:5;}">
                <Coords points="1114,587 1338,603 1362,627 1472,609 1586,649 1653,620 1747,651 1789,642 1792,605 1756,589 1699,606 1641,565 1567,592 1448,553 1334,544 1278,570 1117,542"/>
                <Baseline points="1124,582 1156,584 1189,586 1222,589 1255,590 1287,592 1320,594 1353,596 1386,597 1418,599 1451,601 1484,603 1517,605 1549,608 1582,611 1615,615 1648,619 1680,625 1713,630 1746,637 1779,644"/>
                <TextEquiv>
                    <Unicode>beit vndt zu nach dem Er</Unicode>
                </TextEquiv>
            </TextLine>
            <TextLine id="r1l7" custom="readingOrder {index:6;} place {offset:0; length:4;}">
                <Coords points="1109,649 1170,643 1200,676 1298,640 1424,668 1654,670 1798,730 1803,664 1772,671 1681,624 1591,646 1472,609 1374,627 1338,604 1302,625 1238,596 1113,593"/>
                <Baseline points="1119,641 1152,641 1186,641 1219,641 1253,642 1287,643 1320,644 1354,645 1387,648 1421,650 1455,651 1488,654 1522,657 1555,661 1589,665 1623,669 1656,673 1690,678 1723,684 1757,689 1791,695"/>
                <TextEquiv>
                    <Unicode>Thun bein mitt ettlichen mei¬</Unicode>
                </TextEquiv>
            </TextLine>
            <TextLine id="r1l8" custom="readingOrder {index:7;}">
                <Coords points="1128,695 1262,702 1297,737 1348,718 1442,741 1500,707 1653,746 1726,725 1796,753 1798,719 1677,675 1579,691 1496,658 1403,681 1328,649 1281,676 1195,676 1132,633"/>
                <Baseline points="1137,693 1169,694 1202,695 1234,696 1267,696 1299,698 1332,698 1364,699 1397,701 1429,702 1462,705 1494,707 1527,709 1559,711 1592,714 1624,717 1657,720 1689,725 1722,729 1754,734 1787,738"/>
                <TextEquiv>
                    <Unicode>teren sinen handtwerkks ein</Unicode>
                </TextEquiv>
            </TextLine>
            <TextLine id="r1l9" custom="readingOrder {index:8;}">
                <Coords points="1113,770 1360,758 1402,781 1532,751 1691,801 1731,780 1790,793 1791,756 1717,726 1561,740 1486,706 1447,737 1373,709 1302,732 1248,699 1164,698 1114,729"/>
                <Baseline points="1122,747 1155,747 1188,747 1221,749 1254,749 1287,749 1320,750 1353,750 1386,752 1419,753 1452,754 1485,756 1518,756 1551,759 1584,761 1617,763 1650,766 1683,768 1716,771 1749,774 1782,779"/>
                <TextEquiv>
                    <Unicode>abendt tnunck rethan hatt</Unicode>
                </TextEquiv>
            </TextLine>
            <TextLine id="r1l10" custom="readingOrder {index:9;}">
                <Coords points="1130,807 1274,828 1393,812 1447,833 1482,810 1590,847 1652,821 1800,839 1801,788 1704,796 1581,764 1556,780 1524,756 1382,790 1272,759 1131,764"/>
                <Baseline points="1139,807 1171,807 1204,806 1236,806 1269,806 1302,806 1334,806 1367,806 1399,807 1432,807 1465,807 1497,809 1530,810 1562,810 1595,812 1628,814 1660,815 1693,817 1725,819 1758,821 1791,824"/>
                <TextEquiv>
                    <Unicode>er heine noch deß tags wie¬</Unicode>
                </TextEquiv>
            </TextLine>
            <TextLine id="r1l11" custom="readingOrder {index:10;}">
                <Coords points="1136,863 1229,863 1288,889 1321,861 1412,858 1466,893 1606,900 1699,866 1811,904 1812,852 1754,820 1702,843 1661,820 1596,842 1497,810 1384,838 1341,810 1273,830 1248,810 1137,836"/>
                <Baseline points="1146,857 1178,858 1211,858 1244,858 1277,860 1310,858 1343,858 1375,858 1408,858 1441,858 1474,858 1507,858 1540,858 1573,858 1605,860 1638,861 1671,864 1704,867 1737,870 1770,875 1803,879"/>
                <TextEquiv>
                    <Unicode>wol spaatt heit han under</Unicode>
                </TextEquiv>
            </TextLine>
            <TextLine id="r1l12" custom="readingOrder {index:11;}">
                <Coords points="1148,938 1321,904 1438,945 1523,914 1565,948 1614,911 1727,957 1769,938 1808,957 1809,903 1739,904 1672,866 1607,888 1519,859 1477,887 1452,861 1407,881 1370,861 1284,889 1150,864"/>
                <Baseline points="1158,906 1190,908 1222,908 1254,909 1286,909 1318,909 1350,909 1382,908 1414,908 1446,908 1479,908 1511,908 1543,908 1575,909 1607,911 1639,912 1671,915 1703,917 1735,921 1767,926 1800,932"/>
                <TextEquiv>
                    <Unicode>euwen zu ganz fuirnam, wie</Unicode>
                </TextEquiv>
            </TextLine>
            <TextLine id="r1l13" custom="readingOrder {index:12;}">
                <Coords points="1131,980 1175,973 1218,1006 1285,971 1382,1005 1481,953 1583,991 1713,980 1760,1011 1811,1006 1812,961 1612,911 1569,945 1528,923 1455,938 1423,908 1374,936 1289,913 1131,946"/>
                <Baseline points="1139,969 1172,969 1205,968 1238,968 1271,966 1305,966 1338,965 1371,965 1404,963 1437,963 1471,962 1504,962 1537,962 1570,963 1603,963 1637,966 1670,968 1703,971 1736,974 1769,978 1803,983"/>
                <TextEquiv>
                    <Unicode>ouch beschähen und wraogen</Unicode>
                </TextEquiv>
            </TextLine>
            <TextLine id="r1l14" custom="readingOrder {index:13;} person {offset:8; length:8;}">
                <Coords points="1154,1041 1256,1025 1302,1056 1361,1028 1445,1055 1508,1025 1537,1051 1581,1027 1646,1054 1798,1022 1798,983 1690,998 1608,973 1583,991 1482,953 1385,1003 1265,979 1217,1004 1154,970"/>
                <Baseline points="1164,1019 1195,1020 1226,1020 1257,1022 1288,1022 1320,1022 1351,1020 1382,1020 1413,1019 1444,1019 1476,1017 1507,1017 1538,1017 1569,1017 1600,1017 1632,1019 1663,1019 1694,1021 1725,1024 1756,1026 1788,1031"/>
                <TextEquiv>
                    <Unicode>vor her Thylpers grossen</Unicode>
                </TextEquiv>
            </TextLine>
            <TextLine id="r1l15" custom="readingOrder {index:14;}">
                <Coords points="1123,1093 1593,1072 1677,1109 1784,1072 1815,1091 1814,1016 1662,1050 1590,1030 1535,1050 1506,1024 1453,1053 1122,1038"/>
                <Baseline points="1131,1082 1164,1080 1198,1078 1232,1077 1266,1075 1299,1074 1333,1073 1367,1071 1401,1071 1434,1070 1468,1070 1502,1068 1536,1068 1569,1068 1603,1068 1637,1068 1671,1070 1704,1070 1738,1071 1772,1073 1806,1074"/>
                <TextEquiv>
                    <Unicode>huß, weren ettlich knecht die da</Unicode>
                </TextEquiv>
            </TextLine>
            <TextLine id="r1l16" custom="readingOrder {index:15;}">
                <Coords points="1137,1153 1186,1133 1365,1151 1630,1122 1696,1158 1728,1131 1748,1148 1814,1131 1813,1088 1784,1073 1673,1073 1652,1093 1530,1073 1399,1101 1366,1074 1231,1111 1136,1087"/>
                <Baseline points="1146,1134 1180,1133 1215,1131 1250,1130 1284,1129 1319,1128 1354,1127 1388,1125 1423,1125 1458,1124 1492,1122 1527,1122 1562,1121 1596,1121 1631,1121 1666,1122 1700,1122 1735,1123 1770,1124 1805,1125"/>
                <TextEquiv>
                    <Unicode>buw in die näben trugen ja</Unicode>
                </TextEquiv>
            </TextLine>
            <TextLine id="r1l17" custom="readingOrder {index:16;}">
                <Coords points="1151,1209 1233,1191 1350,1206 1403,1171 1546,1199 1585,1173 1653,1190 1750,1169 1784,1193 1819,1175 1819,1142 1777,1124 1749,1149 1690,1116 1506,1123 1478,1145 1395,1132 1354,1152 1327,1133 1274,1157 1191,1133 1150,1145"/>
                <Baseline points="1160,1181 1192,1179 1225,1179 1257,1178 1290,1178 1322,1177 1355,1176 1387,1176 1420,1175 1452,1173 1485,1173 1518,1173 1550,1172 1583,1172 1615,1170 1648,1170 1680,1170 1713,1170 1745,1170 1778,1172 1811,1172"/>
                <TextEquiv>
                    <Unicode>der fnst andest hab er tr</Unicode>
                </TextEquiv>
            </TextLine>
            <TextLine id="r1l18" custom="readingOrder {index:17;}">
                <Coords points="1125,1249 1415,1223 1455,1250 1510,1228 1573,1242 1599,1217 1754,1248 1790,1209 1819,1216 1818,1175 1679,1196 1586,1172 1492,1198 1398,1171 1361,1201 1124,1204"/>
                <Baseline points="1134,1236 1167,1233 1201,1230 1235,1227 1269,1225 1303,1223 1337,1221 1370,1221 1404,1221 1438,1220 1472,1220 1506,1220 1540,1220 1574,1220 1607,1220 1641,1220 1675,1219 1709,1218 1743,1217 1777,1216 1811,1214"/>
                <TextEquiv>
                    <Unicode>kein kundtsame da möge s</Unicode>
                </TextEquiv>
            </TextLine>
            <TextLine id="r1l19" custom="readingOrder {index:18;}">
                <Coords points="1134,1305 1214,1279 1277,1315 1364,1282 1395,1304 1458,1271 1545,1288 1628,1262 1670,1286 1760,1262 1829,1285 1827,1220 1791,1209 1742,1245 1600,1217 1574,1241 1444,1220 1132,1248"/>
                <Baseline points="1142,1284 1175,1283 1209,1280 1243,1277 1277,1275 1311,1273 1345,1272 1379,1270 1413,1269 1447,1268 1481,1266 1514,1266 1548,1265 1582,1265 1616,1263 1650,1263 1684,1263 1718,1263 1752,1262 1786,1262 1820,1262"/>
                <TextEquiv>
                    <Unicode>zutragen haben, das er unbe¬</Unicode>
                </TextEquiv>
            </TextLine>
            <TextLine id="r1l20" custom="readingOrder {index:19;}">
                <Coords points="1148,1349 1385,1322 1465,1353 1508,1323 1654,1346 1703,1314 1740,1339 1769,1317 1827,1334 1825,1288 1762,1263 1673,1286 1644,1268 1546,1288 1458,1271 1391,1303 1365,1282 1286,1307 1262,1284 1223,1307 1176,1284 1146,1299"/>
                <Baseline points="1157,1334 1190,1331 1223,1329 1256,1328 1289,1326 1322,1324 1355,1323 1388,1322 1421,1320 1454,1319 1487,1317 1520,1316 1553,1316 1586,1314 1619,1313 1652,1312 1685,1311 1718,1310 1751,1310 1784,1308 1817,1307"/>
                <TextEquiv>
                    <Unicode>sinnter wys usz wynfühtg</Unicode>
                </TextEquiv>
            </TextLine>
            <TextLine id="r1l21" custom="readingOrder {index:20;}">
                <Coords points="1167,1397 1215,1389 1272,1414 1379,1376 1411,1405 1461,1404 1544,1374 1695,1396 1744,1357 1821,1363 1819,1308 1743,1339 1703,1314 1650,1344 1601,1326 1582,1346 1448,1347 1381,1322 1166,1353"/>
                <Baseline points="1175,1382 1206,1379 1238,1377 1270,1376 1302,1375 1334,1374 1365,1373 1397,1371 1429,1371 1461,1370 1493,1370 1524,1369 1556,1368 1588,1367 1620,1366 1652,1365 1683,1364 1715,1362 1747,1361 1779,1358 1811,1356"/>
                <TextEquiv>
                    <Unicode>solliche vrden ußgossen habe</Unicode>
                </TextEquiv>
            </TextLine>
            <TextLine id="r1l22" custom="readingOrder {index:21;}">
                <Coords points="1133,1468 1277,1439 1306,1454 1353,1428 1440,1453 1544,1419 1585,1450 1628,1427 1651,1444 1683,1419 1702,1436 1731,1409 1826,1404 1824,1363 1769,1382 1739,1358 1696,1393 1635,1380 1556,1402 1455,1403 1411,1375 1284,1410 1252,1385 1129,1395"/>
                <Baseline points="1140,1440 1173,1437 1207,1435 1241,1433 1275,1431 1309,1430 1343,1428 1376,1426 1410,1425 1444,1423 1478,1422 1512,1421 1546,1418 1580,1417 1613,1416 1647,1413 1681,1412 1715,1409 1749,1407 1783,1405 1817,1401"/>
                <TextEquiv>
                    <Unicode>doch usz keinem grund ✳ vnd</Unicode>
                </TextEquiv>
            </TextLine>
            <TextLine id="r1l23" custom="readingOrder {index:22;}">
                <Coords points="1140,1497 1260,1504 1323,1468 1417,1487 1526,1459 1614,1488 1698,1450 1836,1462 1834,1417 1731,1409 1656,1440 1583,1420 1438,1449 1394,1427 1343,1453 1138,1465"/>
                <Baseline points="1148,1482 1181,1481 1215,1478 1249,1477 1283,1475 1317,1474 1351,1472 1385,1470 1419,1469 1453,1467 1487,1466 1520,1464 1554,1463 1588,1461 1622,1460 1656,1458 1690,1456 1724,1455 1758,1452 1792,1451 1826,1448"/>
                <TextEquiv>
                    <Unicode>keiner anderer Vrsach dann das</Unicode>
                </TextEquiv>
            </TextLine>
            <TextLine id="r1l24" custom="readingOrder {index:23;}">
                <Coords points="1132,1564 1414,1520 1529,1548 1685,1499 1846,1515 1842,1461 1799,1450 1759,1470 1693,1451 1615,1488 1547,1461 1436,1488 1362,1476 1301,1509 1185,1484 1129,1501"/>
                <Baseline points="1139,1536 1173,1533 1208,1530 1243,1529 1278,1526 1313,1524 1347,1522 1382,1520 1417,1518 1452,1516 1487,1514 1521,1512 1556,1511 1591,1508 1626,1506 1661,1503 1695,1502 1730,1499 1765,1497 1800,1493 1835,1491"/>
                <TextEquiv>
                    <Unicode>Im in Sinn gschossen die louf</Unicode>
                </TextEquiv>
            </TextLine>
            <TextLine id="r1l25" custom="readingOrder {index:24;}">
                <Coords points="1164,1588 1830,1552 1816,1495 1683,1500 1618,1536 1487,1546 1423,1523 1380,1546 1193,1537 1162,1554"/>
                <Baseline points="1172,1581 1204,1580 1236,1578 1269,1577 1301,1575 1334,1573 1366,1571 1399,1569 1431,1568 1464,1566 1496,1563 1528,1562 1561,1559 1593,1557 1626,1555 1658,1553 1691,1550 1723,1548 1756,1546 1788,1544 1821,1542"/>
                <TextEquiv>
                    <Unicode>wine vnd waster bruch so</Unicode>
                </TextEquiv>
            </TextLine>
            <TextLine id="r1l26" custom="readingOrder {index:25;}">
                <Coords points="1149,1636 1273,1641 1362,1613 1500,1635 1527,1610 1557,1627 1619,1600 1665,1620 1694,1590 1817,1592 1815,1560 1698,1550 1664,1574 1595,1553 1405,1585 1304,1572 1270,1600 1146,1590"/>
                <Baseline points="1158,1632 1190,1627 1223,1623 1255,1619 1288,1616 1320,1613 1353,1610 1385,1609 1418,1607 1450,1605 1483,1604 1515,1601 1548,1599 1580,1598 1613,1596 1645,1594 1678,1592 1710,1591 1743,1588 1775,1586 1808,1583"/>
                <TextEquiv>
                    <Unicode>das dand uich Bberstheer</Unicode>
                </TextEquiv>
            </TextLine>
            <TextLine id="r1l27" custom="readingOrder {index:26;}">
                <Coords points="1143,1712 1221,1675 1377,1679 1493,1641 1685,1665 1718,1639 1754,1658 1798,1643 1782,1585 1590,1604 1547,1628 1356,1612 1264,1649 1214,1654 1172,1625 1138,1644"/>
                <Baseline points="1149,1677 1180,1674 1212,1671 1244,1667 1276,1664 1308,1662 1340,1659 1372,1656 1404,1653 1436,1652 1468,1649 1499,1647 1531,1646 1563,1643 1595,1640 1627,1638 1659,1635 1691,1632 1723,1629 1755,1626 1787,1622"/>
                <TextEquiv>
                    <Unicode>jaren der bach daselbst</Unicode>
                </TextEquiv>
            </TextLine>
            <TextLine id="r1l28" custom="readingOrder {index:27;}">
                <Coords points="1165,1733 1232,1725 1312,1752 1447,1701 1531,1712 1666,1681 1721,1714 1759,1678 1843,1673 1840,1640 1720,1638 1674,1664 1498,1646 1472,1674 1440,1657 1393,1680 1238,1672 1162,1705"/>
                <Baseline points="1173,1728 1206,1725 1239,1722 1272,1719 1305,1716 1338,1713 1371,1709 1404,1707 1437,1703 1470,1700 1503,1697 1536,1693 1569,1690 1602,1687 1635,1685 1668,1682 1701,1678 1734,1676 1767,1673 1800,1670 1833,1668"/>
                <TextEquiv>
                    <Unicode>überschidenglich angangen vo</Unicode>
                </TextEquiv>
            </TextLine>
            <TextLine id="r1l29" custom="readingOrder {index:28;}">
                <Coords points="1169,1805 1249,1781 1465,1787 1581,1741 1651,1758 1733,1717 1817,1729 1848,1717 1844,1678 1761,1678 1733,1705 1666,1681 1595,1706 1552,1688 1533,1712 1447,1700 1292,1750 1231,1725 1164,1759"/>
                <Baseline points="1175,1778 1208,1775 1241,1771 1274,1768 1307,1765 1341,1763 1374,1759 1407,1756 1440,1753 1473,1750 1507,1746 1540,1745 1573,1740 1606,1738 1639,1734 1673,1731 1706,1727 1739,1723 1772,1719 1805,1715 1839,1710"/>
                <TextEquiv>
                    <Unicode>vnd ertlich stuck reben sampt</Unicode>
                </TextEquiv>
            </TextLine>
            <TextLine id="r1l30" custom="readingOrder {index:29;}">
                <Coords points="1161,1827 1273,1819 1338,1841 1377,1812 1430,1841 1508,1791 1618,1814 1745,1797 1838,1777 1834,1729 1739,1723 1520,1769 1453,1748 1347,1766 1319,1793 1158,1802"/>
                <Baseline points="1169,1823 1201,1821 1234,1818 1267,1816 1300,1813 1333,1811 1366,1808 1398,1805 1431,1802 1464,1800 1497,1797 1530,1793 1563,1791 1596,1787 1628,1783 1661,1779 1694,1774 1727,1770 1760,1764 1793,1758 1826,1752"/>
                <TextEquiv>
                    <Unicode>gärttnen so vor he schilgiges</Unicode>
                </TextEquiv>
            </TextLine>
            <TextLine id="r1l31" custom="readingOrder {index:30;}">
                <Coords points="1151,1895 1177,1881 1253,1909 1282,1877 1316,1890 1352,1859 1438,1868 1489,1844 1692,1861 1837,1799 1835,1779 1621,1813 1508,1799 1417,1840 1232,1821 1147,1855"/>
                <Baseline points="1158,1875 1191,1873 1225,1871 1258,1869 1292,1866 1325,1863 1359,1860 1392,1857 1426,1854 1459,1850 1493,1847 1527,1844 1560,1840 1594,1836 1627,1832 1661,1828 1694,1824 1728,1819 1761,1814 1795,1809 1829,1803"/>
                <TextEquiv>
                    <Unicode>huß laben hinweg gefürtt</Unicode>
                </TextEquiv>
            </TextLine>
            <TextLine id="r1l32" custom="readingOrder {index:31;}">
                <Coords points="1162,1949 1241,1933 1266,1952 1306,1921 1339,1942 1470,1903 1512,1927 1547,1902 1788,1876 1838,1852 1832,1799 1718,1855 1649,1864 1581,1841 1498,1887 1418,1856 1348,1860 1317,1889 1283,1876 1249,1904 1155,1890"/>
                <Baseline points="1169,1935 1202,1930 1235,1925 1268,1922 1301,1917 1334,1914 1367,1911 1400,1908 1433,1906 1466,1902 1499,1901 1532,1896 1565,1894 1598,1890 1631,1886 1664,1883 1697,1878 1730,1874 1763,1868 1796,1861 1829,1854"/>
                <TextEquiv>
                    <Unicode>Sonst hab trage er kein nyd</Unicode>
                </TextEquiv>
            </TextLine>
            <TextLine id="r1l33" custom="readingOrder {index:32;}">
                <Coords points="1176,1998 1373,1993 1507,1937 1534,1952 1679,1927 1737,1946 1854,1916 1847,1863 1809,1860 1658,1908 1548,1903 1511,1924 1470,1904 1349,1944 1305,1921 1267,1949 1170,1952"/>
                <Baseline points="1181,1973 1214,1972 1247,1969 1280,1968 1313,1965 1346,1962 1379,1959 1412,1956 1445,1952 1478,1948 1511,1944 1544,1940 1577,1936 1610,1931 1643,1926 1676,1921 1709,1916 1742,1910 1775,1905 1808,1898 1841,1893"/>
                <TextEquiv>
                    <Unicode>noch hass guben ein Thylzig</Unicode>
                </TextEquiv>
            </TextLine>
            <TextLine id="r1l34" custom="readingOrder {index:33;}">
                <Coords points="1153,2036 1250,2018 1314,2041 1367,2005 1421,2033 1482,1984 1562,1993 1839,1946 1834,1904 1814,1919 1790,1902 1743,1940 1701,1921 1536,1953 1505,1938 1358,1988 1280,1966 1192,1998 1147,1983"/>
                <Baseline points="1160,2022 1193,2019 1226,2018 1260,2015 1293,2010 1327,2007 1360,2004 1394,2000 1427,1997 1461,1993 1494,1989 1527,1986 1561,1981 1594,1977 1628,1972 1661,1969 1695,1964 1728,1959 1762,1955 1795,1951 1829,1946"/>
                <TextEquiv>
                    <Unicode>dan immahr zurb von ame b¬</Unicode>
                </TextEquiv>
            </TextLine>
            <TextLine id="r1l35" custom="readingOrder {index:34;}">
                <Coords points="1177,2089 1209,2074 1251,2097 1393,2049 1511,2043 1549,2015 1597,2042 1660,2018 1754,2027 1859,2001 1855,1969 1698,1960 1614,1997 1486,1983 1427,2028 1367,2006 1320,2035 1215,2018 1170,2034"/>
                <Baseline points="1184,2069 1217,2066 1250,2063 1283,2059 1317,2055 1350,2052 1383,2047 1417,2044 1450,2040 1483,2036 1517,2031 1550,2028 1583,2024 1616,2021 1650,2016 1683,2012 1716,2008 1750,2004 1783,2001 1816,1997 1850,1994"/>
                <TextEquiv>
                    <Unicode>thäͤchen dan bolz ✳ vnd neme</Unicode>
                </TextEquiv>
            </TextLine>
            <TextLine id="r1l36" custom="readingOrder {index:35;}">
                <Coords points="1164,2160 1280,2109 1377,2134 1428,2093 1528,2114 1646,2063 1765,2054 1802,2073 1850,2058 1843,2000 1736,2034 1660,2018 1626,2048 1552,2015 1512,2044 1394,2049 1245,2098 1208,2075 1157,2105"/>
                <Baseline points="1169,2120 1202,2117 1236,2113 1269,2111 1303,2107 1336,2103 1370,2099 1403,2094 1437,2090 1470,2087 1504,2082 1537,2078 1571,2073 1604,2069 1638,2064 1671,2061 1705,2057 1738,2053 1772,2049 1805,2045 1839,2042"/>
                <TextEquiv>
                    <Unicode>Ine an in selbst wunder das</Unicode>
                </TextEquiv>
            </TextLine>
            <TextLine id="r1l37" custom="readingOrder {index:36;}">
                <Coords points="1180,2184 1264,2195 1310,2153 1478,2135 1543,2161 1603,2156 1675,2110 1738,2139 1832,2082 1829,2060 1802,2073 1764,2054 1695,2085 1641,2064 1530,2113 1471,2117 1428,2093 1392,2125 1318,2107 1258,2142 1176,2152"/>
                <Baseline points="1188,2169 1219,2165 1251,2162 1283,2158 1315,2154 1346,2150 1378,2146 1410,2143 1442,2140 1473,2135 1505,2131 1537,2127 1569,2123 1600,2119 1632,2115 1664,2111 1696,2106 1727,2102 1759,2097 1791,2093 1823,2088"/>
                <TextEquiv>
                    <Unicode>er solche reden gefurt habe.</Unicode>
                </TextEquiv>
            </TextLine>
            <TextLine id="r1l38" custom="readingOrder {index:37;}">
                <Coords points="1172,2221 1340,2208 1425,2227 1557,2170 1655,2197 1712,2180 1748,2129 1680,2110 1610,2152 1539,2159 1508,2137 1487,2158 1453,2143 1404,2167 1312,2153 1266,2193 1213,2197 1167,2178"/>
                <Baseline points="1181,2213 1209,2211 1237,2209 1265,2207 1293,2205 1321,2202 1349,2199 1377,2196 1405,2193 1433,2191 1461,2187 1489,2183 1517,2180 1545,2177 1573,2173 1601,2170 1629,2168 1657,2164 1685,2161 1713,2158 1742,2154"/>
                <TextEquiv>
                    <Unicode>umb ed achter wysen.</Unicode>
                </TextEquiv>
            </TextLine>
            <TextLine id="r1l39" custom="readingOrder {index:38;}">
                <Coords points="1204,2291 1360,2256 1434,2277 1495,2248 1550,2273 1607,2252 1640,2267 1689,2230 1753,2238 1818,2207 1814,2166 1735,2199 1695,2181 1627,2200 1577,2187 1551,2217 1470,2197 1421,2228 1343,2218 1308,2246 1236,2214 1196,2220"/>
                <Baseline points="1211,2279 1240,2275 1270,2271 1300,2268 1330,2265 1360,2261 1390,2259 1420,2256 1450,2254 1480,2251 1510,2249 1539,2246 1569,2244 1599,2240 1629,2237 1659,2233 1689,2228 1719,2223 1749,2218 1779,2211 1809,2205"/>
                <TextEquiv>
                    <Unicode>Bittet nin à hernt vmb</Unicode>
                </TextEquiv>
            </TextLine>
            <TextLine id="r1l40" custom="readingOrder {index:39;}">
                <Coords points="1204,2340 1285,2348 1308,2321 1353,2351 1390,2319 1437,2341 1460,2323 1470,2330 1500,2320 1495,2258 1455,2277 1410,2269 1398,2283 1354,2264 1291,2280 1274,2270 1200,2292"/>
                <Baseline points="1211,2316 1236,2318 1261,2318 1287,2316 1312,2313 1337,2311 1363,2307 1388,2304 1413,2302 1439,2301 1464,2303 1490,2306"/>
                <TextEquiv>
                    <Unicode>verzyhung</Unicode>
                </TextEquiv>
            </TextLine>
            <TextLine id="r1l41" custom="readingOrder {index:40;}">
                <Coords points="1167,2409 1427,2382 1460,2406 1533,2371 1613,2396 1773,2330 1832,2341 1846,2285 1622,2312 1572,2290 1463,2348 1326,2368 1160,2336"/>
                <Baseline points="1175,2397 1208,2394 1241,2391 1274,2389 1308,2387 1341,2385 1374,2384 1408,2381 1441,2379 1474,2378 1508,2375 1541,2372 1574,2369 1607,2366 1641,2361 1674,2357 1707,2349 1741,2344 1774,2335 1807,2327 1841,2316"/>
                <TextEquiv>
                    <Unicode>Denng Janonh ist er auc</Unicode>
                </TextEquiv>
            </TextLine>
            <TextLine id="r1l42" custom="readingOrder {index:41;}">
                <Coords points="1208,2460 1312,2472 1371,2434 1563,2414 1598,2439 1649,2396 1780,2395 1845,2363 1834,2321 1596,2390 1531,2371 1459,2406 1427,2382 1203,2417"/>
                <Baseline points="1215,2444 1246,2442 1277,2439 1308,2437 1339,2435 1370,2432 1401,2429 1432,2425 1463,2423 1494,2419 1525,2416 1556,2411 1587,2409 1618,2404 1649,2399 1680,2395 1711,2389 1742,2384 1773,2378 1804,2372 1835,2364"/>
                <TextEquiv>
                    <Unicode>anzopen worden, wie das</Unicode>
                </TextEquiv>
            </TextLine>
            <TextLine id="r1l43" custom="readingOrder {index:42;}">
                <Coords points="1198,2503 1276,2483 1453,2513 1485,2480 1538,2470 1567,2494 1684,2447 1755,2468 1800,2419 1852,2418 1845,2363 1779,2395 1717,2389 1671,2427 1627,2418 1597,2438 1556,2414 1504,2443 1417,2425 1334,2466 1193,2468"/>
                <Baseline points="1205,2492 1236,2490 1268,2489 1300,2486 1332,2484 1364,2481 1395,2480 1427,2477 1459,2475 1491,2471 1523,2468 1554,2465 1586,2462 1618,2457 1650,2452 1682,2448 1713,2441 1745,2435 1777,2427 1809,2419 1841,2409"/>
                <TextEquiv>
                    <Unicode>er vendacht sig, pttlicher son</Unicode>
                </TextEquiv>
            </TextLine>
            <TextLine id="r1l44" custom="readingOrder {index:43;}">
                <Coords points="1224,2546 1370,2532 1453,2560 1542,2525 1624,2537 1657,2496 1714,2506 1857,2463 1851,2418 1809,2413 1764,2444 1711,2439 1572,2493 1535,2470 1518,2492 1455,2476 1417,2506 1219,2506"/>
                <Baseline points="1232,2534 1262,2534 1293,2532 1324,2531 1355,2529 1385,2526 1416,2525 1447,2523 1478,2520 1508,2517 1539,2513 1570,2509 1601,2505 1631,2500 1662,2495 1693,2490 1724,2485 1754,2479 1785,2471 1816,2464 1847,2456"/>
                <TextEquiv>
                    <Unicode>derbaren schwartzer künsten</Unicode>
                </TextEquiv>
            </TextLine>
            <TextLine id="r1l45" custom="readingOrder {index:44;}">
                <Coords points="1250,2613 1290,2586 1396,2597 1518,2567 1589,2585 1649,2540 1778,2554 1844,2523 1838,2469 1780,2493 1751,2482 1686,2522 1615,2501 1484,2553 1349,2531 1300,2564 1245,2567"/>
                <Baseline points="1257,2588 1285,2585 1314,2582 1343,2580 1372,2579 1401,2576 1430,2574 1459,2571 1488,2569 1517,2567 1546,2564 1574,2561 1603,2557 1632,2554 1661,2549 1690,2545 1719,2540 1748,2533 1777,2527 1806,2521 1835,2513"/>
                <TextEquiv>
                    <Unicode>nitt denen er sich ußthut</Unicode>
                </TextEquiv>
            </TextLine>
            <TextLine id="r1l46" custom="readingOrder {index:45;}">
                <Coords points="1214,2635 1330,2629 1384,2649 1441,2612 1507,2639 1554,2606 1676,2589 1726,2618 1778,2614 1885,2575 1878,2511 1778,2555 1647,2540 1591,2583 1517,2567 1432,2596 1340,2576 1261,2612 1209,2598"/>
                <Baseline points="1223,2633 1255,2630 1288,2627 1320,2625 1353,2622 1385,2619 1418,2616 1450,2613 1483,2610 1515,2607 1548,2603 1581,2599 1613,2596 1646,2592 1678,2588 1711,2584 1743,2580 1776,2575 1808,2570 1841,2564 1874,2559"/>
                <TextEquiv>
                    <Unicode>verbotzen thätz und ertzber</Unicode>
                </TextEquiv>
            </TextLine>
            <TextLine id="r1l47" custom="readingOrder {index:46;}">
                <Coords points="1248,2684 1344,2670 1434,2689 1458,2666 1504,2687 1565,2651 1668,2673 1731,2657 1725,2604 1658,2614 1603,2595 1513,2621 1435,2613 1387,2640 1362,2621 1333,2650 1244,2645"/>
                <Baseline points="1256,2672 1281,2672 1307,2671 1333,2669 1358,2669 1384,2666 1410,2664 1436,2661 1461,2657 1487,2654 1513,2651 1538,2648 1564,2644 1590,2641 1616,2638 1641,2635 1667,2632 1693,2630 1719,2628"/>
                <TextEquiv>
                    <Unicode>werck zu fienden</Unicode>
                </TextEquiv>
            </TextLine>
            <TextEquiv>
                <Unicode>vff disere erzelliten reden,
sin bescheyde, b schrauftunb
getz einitag es habe sich 
ongenarlich vor quii tapen
be
beit vndt zu nach dem Er
Thun bein mitt ettlichen mei¬
teren sinen handtwerkks ein
abendt tnunck rethan hatt
er heine noch deß tags wie¬
wol spaatt heit han under
euwen zu ganz fuirnam, wie
ouch beschähen und wraogen
vor her Thylpers grossen
huß, weren ettlich knecht die da
buw in die näben trugen ja
der fnst andest hab er tr
kein kundtsame da möge s
zutragen haben, das er unbe¬
sinnter wys usz wynfühtg
solliche vrden ußgossen habe
doch usz keinem grund ✳ vnd
keiner anderer Vrsach dann das
Im in Sinn gschossen die louf
wine vnd waster bruch so
das dand uich Bberstheer
jaren der bach daselbst
überschidenglich angangen vo
vnd ertlich stuck reben sampt
gärttnen so vor he schilgiges
huß laben hinweg gefürtt
Sonst hab trage er kein nyd
noch hass guben ein Thylzig
dan immahr zurb von ame b¬
thäͤchen dan bolz ✳ vnd neme
Ine an in selbst wunder das
er solche reden gefurt habe.
umb ed achter wysen.
Bittet nin à hernt vmb
verzyhung
Denng Janonh ist er auc
anzopen worden, wie das
er vendacht sig, pttlicher son
derbaren schwartzer künsten
nitt denen er sich ußthut
verbotzen thätz und ertzber
werck zu fienden</Unicode>
            </TextEquiv>
        </TextRegion>
        <TextRegion type="page-number" id="region_1684162938653_2823" custom="readingOrder {index:1;} structure {type:page-number;}">
            <Coords points="2523,318 2661,318 2661,387 2523,387"/>
        </TextRegion>
        <TextRegion orientation="0.0" type="paragraph" id="TextRegion_1684162917638_2811" custom="readingOrder {index:2;} structure {type:paragraph;}">
            <Coords points="1840,382 2654,378 2664,933 1856,931"/>
            <TextLine id="r2l1" custom="readingOrder {index:0;}">
                <Coords points="1894,469 2146,420 2595,417 2601,332 2384,389 2121,402 2050,380 1891,407"/>
                <Baseline points="1902,441 1936,438 1971,435 2005,432 2040,429 2075,426 2109,423 2144,422 2179,420 2213,418 2248,415 2283,414 2317,413 2352,411 2387,410 2421,407 2456,407 2491,405 2525,404 2560,404 2595,402"/>
                <TextEquiv>
                    <Unicode>hibt zu antmuren, sab et</Unicode>
                </TextEquiv>
            </TextLine>
            <TextLine id="r2l2" custom="readingOrder {index:1;}">
                <Coords points="1882,511 2099,512 2231,468 2320,497 2397,460 2541,483 2583,466 2580,406 2504,421 2440,403 2404,434 2372,411 2182,439 2145,419 2028,461 1880,471"/>
                <Baseline points="1890,498 1924,492 1958,488 1992,483 2026,479 2061,475 2095,473 2129,470 2163,467 2197,465 2232,463 2266,461 2300,459 2334,458 2368,458 2403,456 2437,456 2471,455 2505,454 2539,453 2574,453"/>
                <TextEquiv>
                    <Unicode>wan sonderbare stuck Voß</Unicode>
                </TextEquiv>
            </TextLine>
            <TextLine id="r2l3" custom="readingOrder {index:2;}">
                <Coords points="1906,569 1971,544 2026,577 2069,540 2136,553 2345,514 2376,536 2507,509 2560,545 2654,529 2650,458 2485,487 2414,462 2319,498 2203,472 2151,505 1966,524 1902,510"/>
                <Baseline points="1913,548 1949,544 1986,540 2022,536 2059,532 2095,530 2132,527 2168,524 2205,521 2241,519 2278,518 2314,516 2351,514 2387,513 2424,512 2460,510 2497,509 2533,508 2570,507 2606,506 2643,506"/>
                <TextEquiv>
                    <Unicode>zu atnen brucht und in gschrifft</Unicode>
                </TextEquiv>
            </TextLine>
            <TextLine id="r2l4" custom="readingOrder {index:3;}">
                <Coords points="1890,632 2103,605 2135,578 2223,600 2299,579 2352,608 2414,564 2613,565 2592,529 2558,544 2407,514 2338,550 2279,527 2198,556 2065,541 2040,566 1970,544 1887,580"/>
                <Baseline points="1898,606 1933,602 1968,598 2003,594 2039,591 2074,587 2109,584 2145,581 2180,579 2215,577 2251,575 2286,572 2321,570 2356,569 2392,566 2427,564 2462,563 2498,561 2533,559 2568,557 2604,555"/>
                <TextEquiv>
                    <Unicode>ehen, dis er aber gutt willen</Unicode>
                </TextEquiv>
            </TextLine>
            <TextLine id="r2l5" custom="readingOrder {index:4;} person {offset:7; length:14;}">
                <Coords points="1891,673 1971,686 2037,659 2086,683 2185,641 2278,668 2397,657 2440,628 2485,652 2526,623 2580,635 2577,589 2414,564 2370,600 2139,580 2055,628 1887,619"/>
                <Baseline points="1899,663 1932,660 1966,656 1999,653 2033,649 2066,647 2100,644 2133,641 2167,639 2200,636 2234,633 2268,630 2301,627 2335,626 2368,624 2402,621 2435,619 2469,616 2502,615 2536,612 2570,611"/>
                <TextEquiv>
                    <Unicode>herren Hansen holtzer seligen</Unicode>
                </TextEquiv>
            </TextLine>
            <TextLine id="r2l6" custom="readingOrder {index:5;} place {offset:18; length:7;}">
                <Coords points="1895,727 2026,709 2114,737 2192,701 2291,712 2342,687 2490,705 2513,678 2570,674 2552,623 2483,653 2440,629 2372,661 2234,667 2181,646 2090,681 2035,660 1969,689 1891,677"/>
                <Baseline points="1902,714 1936,711 1971,708 2006,706 2040,704 2075,702 2110,698 2144,697 2179,695 2214,692 2248,690 2283,687 2318,685 2352,683 2387,681 2422,677 2456,675 2491,672 2526,669 2561,665"/>
                <TextEquiv>
                    <Unicode>Domalen predicant übergan</Unicode>
                </TextEquiv>
            </TextLine>
            <TextLine id="r2l7" custom="readingOrder {index:6;}">
                <Coords points="2415,738 2433,740 2466,723 2521,750 2547,744 2575,717 2602,721 2599,668 2574,667 2502,703 2467,678 2446,693 2412,693"/>
                <Baseline points="2423,728 2451,724 2479,723 2507,722 2535,721 2563,720 2592,717"/>
                <TextEquiv>
                    <Unicode>dff</Unicode>
                </TextEquiv>
            </TextLine>
            <TextLine id="r2l8" custom="readingOrder {index:7;}">
                <Coords points="1886,800 1938,767 2025,790 2049,768 2101,774 2146,754 2343,748 2399,731 2397,701 2288,710 2232,696 2166,706 2120,737 2072,715 1966,710 1882,743"/>
                <Baseline points="1892,765 1918,764 1944,764 1970,762 1996,761 2023,759 2049,757 2075,755 2101,753 2127,752 2154,750 2180,748 2206,746 2232,743 2258,741 2285,739 2311,738 2337,735 2363,734 2390,732"/>
                <TextEquiv>
                    <Unicode>hab zu verbrennen</Unicode>
                </TextEquiv>
            </TextLine>
            <TextLine id="r2l9" custom="readingOrder {index:8;}">
                <Coords points="1900,828 1971,848 2188,798 2290,821 2400,780 2468,802 2648,770 2646,738 2523,751 2412,713 2343,760 2204,747 2123,777 1897,794"/>
                <Baseline points="1908,819 1944,816 1981,813 2017,809 2054,806 2090,804 2127,800 2163,798 2200,795 2236,792 2273,789 2310,786 2346,783 2383,781 2419,778 2456,775 2492,773 2529,770 2565,767 2602,765 2639,762"/>
                <TextEquiv>
                    <Unicode>artz verstande er sich ein wenig</Unicode>
                </TextEquiv>
            </TextLine>
            <TextLine id="r2l10" custom="readingOrder {index:9;}">
                <Coords points="1906,892 1975,863 2014,880 2172,851 2213,876 2292,857 2335,874 2382,834 2602,829 2633,817 2629,767 2446,804 2406,776 2241,825 2168,806 2123,830 2093,805 1902,847"/>
                <Baseline points="1913,869 1948,866 1984,862 2019,861 2055,857 2090,855 2126,853 2161,851 2197,849 2232,846 2268,842 2304,841 2339,838 2375,835 2410,832 2446,829 2481,824 2517,822 2552,817 2588,812 2624,807"/>
                <TextEquiv>
                    <Unicode>zange aber denen sachen nitt</Unicode>
                </TextEquiv>
            </TextLine>
            <TextLine id="r2l11" custom="readingOrder {index:10;}">
                <Coords points="1916,944 1941,945 1962,931 1987,944 2029,923 2064,941 2134,942 2175,911 2236,901 2235,871 2208,874 2168,854 2113,871 2091,861 2060,882 1973,864 1949,882 1932,875 1913,885"/>
                <Baseline points="1923,917 1948,913 1973,910 1998,908 2024,906 2049,905 2074,905 2099,905 2125,903 2150,903 2175,903 2200,901 2226,900"/>
                <TextEquiv>
                    <Unicode>mehr nach</Unicode>
                </TextEquiv>
            </TextLine>
            <TextEquiv>
                <Unicode>hibt zu antmuren, sab et
wan sonderbare stuck Voß
zu atnen brucht und in gschrifft
ehen, dis er aber gutt willen
herren Hansen holtzer seligen
Domalen predicant übergan
dff
hab zu verbrennen
artz verstande er sich ein wenig
zange aber denen sachen nitt
mehr nach</Unicode>
            </TextEquiv>
        </TextRegion>
        <TextRegion orientation="0.0" type="paragraph" id="TextRegion_1684162914162_2806" custom="readingOrder {index:3;} structure {type:paragraph;}">
            <Coords points="1871,1427 2674,1420 2689,2121 1893,2121"/>
            <TextLine id="line_1684162911596_2804" custom="readingOrder {index:0;} person {offset:0; length:19;}">
                <Coords points="2509,2121 2515,2119 2522,2121"/>
                <TextEquiv>
                    <Unicode>Jehann roo do pouly fo</Unicode>
                </TextEquiv>
            </TextLine>
            <TextLine id="r2l12" custom="readingOrder {index:1;}">
                <Coords points="1933,1554 2126,1548 2180,1517 2231,1538 2271,1512 2334,1542 2460,1499 2530,1538 2652,1504 2650,1451 2484,1435 2336,1477 2270,1450 2193,1475 2131,1454 2063,1484 2006,1447 1930,1469"/>
                <Baseline points="1941,1523 1976,1521 2011,1521 2046,1520 2081,1518 2116,1517 2151,1515 2186,1513 2221,1511 2256,1509 2292,1506 2327,1505 2362,1503 2397,1501 2432,1500 2467,1499 2502,1497 2537,1497 2572,1496 2607,1496 2643,1497"/>
                <TextEquiv>
                    <Unicode>uff fryttag den xij tag mertzens</Unicode>
                </TextEquiv>
            </TextLine>
            <TextLine id="r2l13" custom="readingOrder {index:2;}">
                <Coords points="1880,1613 2140,1575 2214,1592 2473,1570 2565,1596 2594,1568 2650,1585 2649,1540 2533,1540 2458,1499 2380,1505 2334,1542 2273,1513 2045,1558 1878,1538"/>
                <Baseline points="1889,1580 1926,1580 1964,1580 2001,1579 2039,1578 2076,1577 2114,1575 2151,1574 2189,1572 2226,1571 2264,1569 2302,1568 2339,1566 2377,1565 2414,1565 2452,1563 2489,1563 2527,1562 2564,1562 2602,1563 2640,1563"/>
                <TextEquiv>
                    <Unicode>Inns 8 har ist in der Reffi von Herren</Unicode>
                </TextEquiv>
            </TextLine>
            <TextLine id="r2l14" custom="readingOrder {index:3;} person {offset:12; length:12;}">
                <Coords points="1890,1662 2046,1667 2146,1625 2291,1619 2327,1640 2595,1618 2593,1584 2544,1599 2471,1569 2420,1588 2232,1572 2145,1602 2066,1582 1888,1617"/>
                <Baseline points="1899,1647 1933,1644 1967,1640 2002,1638 2036,1636 2070,1634 2105,1631 2139,1630 2173,1629 2208,1626 2242,1626 2276,1625 2311,1623 2345,1623 2379,1622 2414,1621 2448,1620 2482,1620 2517,1619 2551,1618 2586,1617"/>
                <TextEquiv>
                    <Unicode>großweybelt gallus Baldi Jehann</Unicode>
                </TextEquiv>
            </TextLine>
            <TextLine id="r2l15" custom="readingOrder {index:4;}">
                <Coords points="2171,1678 2227,1657 2361,1673 2380,1657 2398,1670 2432,1654 2452,1669 2522,1660 2547,1673 2573,1659 2618,1673 2618,1630 2584,1617 2518,1637 2466,1619 2323,1639 2291,1619 2266,1635 2171,1626"/>
                <Baseline points="2180,1661 2205,1659 2230,1658 2255,1655 2280,1655 2306,1655 2331,1653 2356,1653 2381,1654 2407,1655 2432,1655 2457,1656 2482,1656 2508,1658 2533,1659 2558,1659 2583,1659 2609,1661"/>
                <TextEquiv>
                    <Unicode> der Lantgagthi hirle</Unicode>
                </TextEquiv>
            </TextLine>
            <TextLine id="r2l16" custom="readingOrder {index:5;}">
                <Coords points="2086,1678 2095,1678 2102,1671 2107,1676 2111,1673 2113,1675 2121,1675 2121,1641 2107,1642 2100,1635 2086,1634"/>
                <Baseline points="2094,1668 2112,1668"/>
                <TextEquiv>
                    <Unicode>.</Unicode>
                </TextEquiv>
            </TextLine>
            <TextLine id="r2l17" custom="readingOrder {index:6;}">
                <Coords points="1897,1714 2070,1720 2134,1692 2217,1718 2345,1688 2380,1714 2408,1689 2579,1699 2579,1661 1896,1664"/>
                <Baseline points="1905,1700 1938,1700 1971,1699 2004,1698 2038,1697 2071,1696 2104,1695 2137,1694 2171,1692 2204,1691 2237,1689 2270,1688 2304,1687 2337,1686 2370,1685 2403,1685 2437,1685 2470,1686 2503,1686 2536,1689 2570,1691"/>
                <TextEquiv>
                    <Unicode>doo de puly er fraundg sins</Unicode>
                </TextEquiv>
            </TextLine>
            <TextLine id="r2l18" custom="readingOrder {index:7;}">
                <Coords points="1904,1778 2099,1781 2297,1747 2492,1775 2548,1743 2609,1749 2606,1697 2542,1692 2469,1708 2407,1688 2380,1714 2343,1691 2146,1732 2097,1707 1901,1723"/>
                <Baseline points="1911,1763 1945,1763 1979,1761 2014,1760 2048,1758 2083,1756 2117,1754 2152,1752 2186,1750 2221,1748 2255,1745 2289,1743 2324,1741 2358,1739 2393,1737 2427,1736 2462,1734 2496,1734 2531,1733 2565,1733 2600,1733"/>
                <TextEquiv>
                    <Unicode>übermütigenn ve mifiggangypen</Unicode>
                </TextEquiv>
            </TextLine>
            <TextLine id="r2l19" custom="readingOrder {index:8;}">
                <Coords points="1894,1832 2130,1816 2198,1843 2281,1806 2473,1837 2535,1806 2652,1813 2650,1753 2600,1774 2571,1750 2502,1775 2364,1756 2275,1785 2208,1751 1893,1786"/>
                <Baseline points="1902,1821 1939,1821 1976,1820 2013,1819 2050,1818 2087,1817 2124,1815 2161,1814 2198,1812 2235,1811 2272,1809 2309,1808 2346,1806 2383,1805 2420,1805 2457,1803 2494,1803 2531,1803 2568,1803 2605,1803 2642,1805"/>
                <TextEquiv>
                    <Unicode>Läbennsauch seis verruchten wandels</Unicode>
                </TextEquiv>
            </TextLine>
            <TextLine id="r2l20" custom="readingOrder {index:9;}">
                <Coords points="1896,1873 2023,1883 2051,1859 2220,1884 2241,1863 2273,1882 2511,1851 2604,1873 2648,1862 2648,1821 2535,1806 2503,1833 2412,1816 2389,1834 2269,1807 2199,1840 2129,1816 1896,1841"/>
                <Baseline points="1905,1866 1941,1866 1978,1865 2015,1864 2052,1863 2088,1862 2125,1862 2162,1860 2199,1860 2235,1859 2272,1859 2309,1859 2346,1857 2382,1857 2419,1857 2456,1857 2493,1857 2529,1859 2566,1859 2603,1860 2640,1862"/>
                <TextEquiv>
                    <Unicode>ouch der sösenn schäldtwortenn so er</Unicode>
                </TextEquiv>
            </TextLine>
            <TextLine id="r2l21" custom="readingOrder {index:10;}">
                <Coords points="1908,1950 1979,1926 2051,1952 2092,1921 2201,1950 2274,1908 2319,1938 2454,1908 2646,1944 2645,1867 2576,1887 2511,1850 2326,1888 2247,1862 2215,1886 2050,1861 1907,1892"/>
                <Baseline points="1916,1917 1952,1916 1988,1916 2024,1914 2060,1914 2096,1913 2132,1911 2168,1911 2204,1910 2240,1910 2276,1909 2312,1908 2348,1908 2384,1908 2420,1908 2456,1908 2492,1908 2528,1908 2564,1910 2600,1911 2636,1911"/>
                <TextEquiv>
                    <Unicode>verdachtlich vnd Hinderruckt vff</Unicode>
                </TextEquiv>
            </TextLine>
            <TextLine id="r2l22" custom="readingOrder {index:11;}">
                <Coords points="1903,1992 2041,1976 2066,1996 2105,1972 2166,2001 2204,1972 2236,1993 2266,1973 2306,2011 2339,1987 2436,2010 2486,1979 2520,2011 2606,1991 2605,1935 2452,1908 2375,1944 2275,1907 2198,1954 2098,1921 2044,1959 1903,1959"/>
                <Baseline points="1913,1976 1947,1976 1981,1976 2015,1976 2049,1976 2084,1974 2118,1974 2152,1974 2186,1974 2220,1973 2255,1973 2289,1973 2323,1973 2357,1973 2391,1971 2426,1971 2460,1971 2494,1973 2528,1973 2562,1973 2597,1974"/>
                <TextEquiv>
                    <Unicode>minen p h. schuldtwüssen, söll</Unicode>
                </TextEquiv>
            </TextLine>
            <TextLine id="r2l23" custom="readingOrder {index:12;}">
                <Coords points="1916,2064 1984,2040 2046,2068 2107,2041 2168,2067 2341,2056 2364,2080 2478,2082 2522,2059 2555,2080 2606,2059 2607,1989 2530,2015 2486,1980 2455,2010 2303,2009 2266,1972 2188,2007 2105,1973 1917,2012"/>
                <Baseline points="1925,2037 1958,2034 1992,2033 2025,2031 2059,2030 2093,2030 2126,2030 2160,2031 2194,2033 2227,2033 2261,2034 2295,2036 2328,2037 2362,2039 2396,2040 2429,2041 2463,2042 2497,2042 2530,2042 2564,2040 2598,2039"/>
                <TextEquiv>
                    <Unicode>gredt habenn erntschlich befragt</Unicode>
                </TextEquiv>
            </TextLine>
            <TextLine id="line_1684162911595_2802" custom="readingOrder {index:13;}">
                <Coords points="1897,2064 1928,2072 1961,2046 1987,2040 2007,2046 2030,2066 2073,2066 2075,2091 2040,2099 2025,2111 2006,2098 1987,2105 1979,2102 1966,2116 1948,2110 1933,2121 1901,2121"/>
                <Baseline points="1910,2099 1936,2096 1962,2094 1988,2091 2014,2089 2040,2088 2066,2087"/>
                <TextEquiv>
                    <Unicode>wordenn,</Unicode>
                </TextEquiv>
            </TextLine>
            <TextEquiv>
                <Unicode>Jehann roo do pouly fo
uff fryttag den xij tag mertzens
Inns 8 har ist in der Reffi von Herren
großweybelt gallus Baldi Jehann
 der Lantgagthi hirle
.
doo de puly er fraundg sins
übermütigenn ve mifiggangypen
Läbennsauch seis verruchten wandels
ouch der sösenn schäldtwortenn so er
verdachtlich vnd Hinderruckt vff
minen p h. schuldtwüssen, söll
gredt habenn erntschlich befragt
wordenn,</Unicode>
            </TextEquiv>
        </TextRegion>
        <TextRegion orientation="0.0" type="heading" id="TextRegion_1684162911443_2798" custom="readingOrder {index:4;} structure {type:heading;}">
            <Coords points="1893,2121 2689,2121 2692,2255 1898,2254"/>
            <TextLine id="line_1684162911596_2803" custom="readingOrder {index:0;} person {offset:0; length:19;}">
                <Coords points="2047,2139 2146,2158 2224,2125 2462,2140 2509,2121 2522,2121 2610,2144 2612,2215 2483,2204 2435,2222 2412,2204 2382,2219 2328,2198 2278,2228 2219,2199 2142,2226 2049,2228"/>
                <Baseline points="2058,2201 2085,2201 2112,2201 2139,2199 2167,2199 2194,2199 2221,2198 2248,2198 2276,2196 2303,2196 2330,2195 2357,2193 2385,2193 2412,2192 2439,2191 2466,2190 2494,2190 2521,2189 2548,2189 2575,2189 2603,2189"/>
                <TextEquiv>
                    <Unicode>Jehann roo do pouly fo</Unicode>
                </TextEquiv>
            </TextLine>
            <TextLine id="r2l26" custom="readingOrder {index:1;} place {offset:0; length:6;}">
                <Coords points="2194,2266 2206,2267 2220,2256 2255,2276 2264,2267 2276,2270 2283,2263 2296,2268 2326,2254 2346,2260 2380,2237 2379,2205 2347,2210 2329,2197 2308,2217 2295,2214 2285,2223 2271,2217 2260,2221 2222,2204 2210,2217 2192,2220"/>
                <Baseline points="2202,2247 2230,2245 2258,2243 2287,2243 2315,2241 2343,2241 2372,2240"/>
                <TextEquiv>
                    <Unicode>grandt</Unicode>
                </TextEquiv>
            </TextLine>
            <TextLine id="line_1684162911595_2801" custom="readingOrder {index:2;}">
                <Coords points="1901,2121 1933,2121 1927,2126 1902,2128"/>
                <TextEquiv>
                    <Unicode>wordenn,</Unicode>
                </TextEquiv>
            </TextLine>
            <TextEquiv>
                <Unicode>Jehann roo do pouly fo
grandt
wordenn,</Unicode>
            </TextEquiv>
        </TextRegion>
        <TextRegion orientation="0.0" type="paragraph" id="TextRegion_1684162908428_2794" custom="readingOrder {index:5;} structure {type:paragraph;}">
            <Coords points="1898,2254 2692,2255 2700,2610 1909,2601"/>
            <TextLine id="r2l27" custom="readingOrder {index:0;}">
                <Coords points="1907,2301 2157,2324 2217,2290 2306,2321 2401,2311 2433,2336 2512,2296 2538,2310 2538,2271 2465,2220 2385,2265 2360,2246 2254,2276 2140,2254 2118,2270 2074,2238 1908,2239"/>
                <Baseline points="1917,2298 1947,2297 1978,2295 2008,2295 2039,2294 2070,2294 2100,2294 2131,2294 2161,2295 2192,2295 2223,2297 2253,2297 2284,2297 2314,2298 2345,2298 2376,2298 2406,2298 2437,2298 2467,2298 2498,2297 2529,2295"/>
                <TextEquiv>
                    <Unicode>daruff gipt er Erstlich den</Unicode>
                </TextEquiv>
            </TextLine>
            <TextLine id="r2l28" custom="readingOrder {index:1;}">
                <Coords points="1931,2378 2028,2390 2212,2350 2382,2376 2651,2366 2662,2311 2601,2273 2537,2318 2510,2297 2326,2328 2280,2307 2219,2328 1931,2322"/>
                <Baseline points="1940,2357 1975,2355 2011,2355 2047,2354 2082,2354 2118,2354 2154,2352 2189,2352 2225,2351 2261,2351 2297,2351 2332,2351 2368,2351 2404,2351 2439,2351 2475,2351 2511,2352 2546,2352 2582,2353 2618,2354 2654,2355"/>
                <TextEquiv>
                    <Unicode>beschrydt ✳ sins wandels und labens</Unicode>
                </TextEquiv>
            </TextLine>
            <TextLine id="r2l29" custom="readingOrder {index:2;}">
                <Coords points="1940,2434 2230,2445 2321,2420 2369,2446 2401,2426 2559,2442 2659,2425 2659,2366 2480,2381 2439,2364 2387,2394 2271,2401 2166,2372 2115,2393 2065,2372 1940,2385"/>
                <Baseline points="1949,2418 1984,2417 2019,2416 2054,2415 2089,2415 2124,2415 2159,2415 2194,2417 2229,2417 2264,2418 2299,2418 2334,2420 2369,2420 2404,2420 2439,2420 2474,2420 2509,2420 2544,2418 2579,2417 2614,2414 2649,2411"/>
                <TextEquiv>
                    <Unicode>getrüwe er, man werd noch köndt</Unicode>
                </TextEquiv>
            </TextLine>
            <TextLine id="r2l30" custom="readingOrder {index:3;}">
                <Coords points="1925,2486 2027,2506 2158,2472 2252,2511 2294,2487 2354,2514 2426,2494 2506,2519 2628,2488 2628,2453 2527,2426 2450,2459 2310,2448 2275,2424 2228,2448 2040,2449 2017,2429 1971,2457 1926,2438"/>
                <Baseline points="1934,2478 1968,2477 2002,2475 2036,2475 2071,2475 2105,2475 2139,2475 2173,2475 2208,2477 2242,2478 2276,2478 2310,2479 2345,2480 2379,2481 2413,2481 2447,2483 2482,2483 2516,2484 2550,2484 2584,2484 2619,2483"/>
                <TextEquiv>
                    <Unicode>von zue nützit böss noch args sägen</Unicode>
                </TextEquiv>
            </TextLine>
            <TextLine id="r2l31" custom="readingOrder {index:4;}">
                <Coords points="1929,2545 2049,2546 2102,2572 2333,2574 2373,2554 2406,2580 2503,2555 2597,2572 2592,2512 2493,2523 2327,2495 2250,2512 2158,2472 2020,2511 1931,2488"/>
                <Baseline points="1938,2532 1970,2534 2003,2534 2035,2535 2068,2535 2100,2536 2133,2538 2165,2538 2198,2540 2230,2540 2263,2541 2296,2543 2328,2543 2361,2544 2393,2544 2426,2546 2458,2546 2491,2546 2523,2546 2556,2546 2589,2546"/>
                <TextEquiv>
                    <Unicode>dan er hab sych noch bischar mit</Unicode>
                </TextEquiv>
            </TextLine>
            <TextEquiv>
                <Unicode>daruff gipt er Erstlich den
beschrydt ✳ sins wandels und labens
getrüwe er, man werd noch köndt
von zue nützit böss noch args sägen
dan er hab sych noch bischar mit</Unicode>
            </TextEquiv>
        </TextRegion>
    </Page>
</PcGts>
