4032 3024
1170 303 1319 369 Nenter
969 319 1741 439 Vff frapg dem 8i tag hery
1030 369 1726 477 diß ot 1 jar Ist von
1035 437 1747 541 erren groszweibel Gallns gab
1026 489 1706 596 in der beffi befragt worden
1252 554 1744 673 anß Pürsthi ab dem
1171 635 1537 727 bucholtter berx
1067 668 1739 780 iner vnd seines hißpesindt
1062 742 1515 827 trumwortten halb
1056 784 1764 891 Als des ersten vmb das er Purst
1075 841 1739 964 sich hatt mercken lassen vnd
1073 894 1766 997 offentlich gredt, wan er dollin
1078 951 1758 1072 werg gsin) zu der zytt das ost
1073 1003 1749 1124 Meyer Patten und Hans Ja¬
1071 1044 1775 1173 berg Ime sin hußfruwen gefür
1079 1105 1785 1218 gliß behendigt hand, Es hetten
1085 1166 1783 1279 Ime zum minsten zwen mussen
1082 1206 1793 1326 werden und hett dan darv
1109 1273 1562 1371 hinweg gwollen etc.
1108 1283 1807 1448 vff diß gipt er die antwort
1078 1385 1790 1496 Er habe den dryen mannen
1092 1427 1794 1531 mitt wüssen nie getruwt, we¬
1095 1466 1773 1569 den vmb diß noch ander sachen
1104 1518 1770 1633 wägen, hab in uch nis ange-
1104 1548 1805 1673 forhnen zwen leyds ze thun, vnd
1096 1608 1822 1729 usts in sich noch hurtigs tags nitt
1116 1651 1820 1777 Sige aber hierum Berenlütt
1125 1703 1739 1818 etwas zu wüssen das sie
1115 1720 1792 1855 sagen können an hab solliche
1116 1786 1814 1894 wort ußzgassen, so muss ers
1133 1848 1795 1958 gethan han, Ehr mußte sich
1142 1876 1824 1992 aber selbst übel vergessen ha¬
1129 1937 1801 2026 ben und by der wynfuchts
1157 1977 1797 2065 Ime vßhin gwitscht, das
1148 2013 1820 2110 im doch leid warg ꝫd dan
1168 2048 1829 2152 dthar sinem vnfall zu Srof¬
1146 2091 1779 2199 Fißhburg erlytten fechte zur
1140 2148 1775 2240 dein tnutzen oder boshen an
1194 2185 1806 2296 bittet un g heuren umb
1202 2236 1778 2338 verzychnng, er sige dem
1215 2269 1803 2388 hufferen wol so fyendt
1189 2332 1618 2416 als ein andarer
1176 2425 1808 2509 ff Zinstag den 8. Septembrs s
1197 2463 1826 2553 st gerathen, das hrr großweibel
1256 2511 1750 2579 hierumb beß erkundigen
1157 2523 1804 2611 Ruch diser gfangnen mi renst an
1213 2576 1790 2653 heltg das er sy bekenttlich
1258 2616 1402 2689 vudr
2508 249 2559 321 41
2132 1697 2175 1706 velix Wylli von Sumisz
1889 1512 2559 1651 licher gstalltt ist in der
1900 1550 2598 1697 bafft von herrr großweibel
1899 1652 2263 1750 befragt worden
1820 290 2575 416 von den andern vylfaltigen
1851 345 2509 486 vngefuhren wortten worten
1861 402 2540 528 als des sin tochterman Serrz
1869 441 2575 591 nung zu Meyer grdt, far
1829 477 2591 658 hin, du must mit mittz grossene
1833 535 2546 677 mitt miner schwiger furen,
1854 575 2580 740 Auch des bemelts spr¬ an fur
1837 629 2581 789 zu Meyerin fürgewauffen er
1859 685 2551 855 welle abir gan Bein, gan¬
1822 707 2590 895 Lerginen inhin naben, er hab¬
1864 811 2365 944 anst mitt zfrasfen
1839 848 2540 994 Item das In schworster hremi
1862 876 2575 1033 min zusem Meywn gudt als
1801 950 2597 1082 die wye die mutter im Hußen stiche
1816 993 2581 1139 dees laste sya sy woltes ein
1815 1027 2583 1190 in mmiesser in iiren ein stessen
1899 1070 2580 1224 wan solchen Lowten einem oder
1883 1111 2584 1251 anderen, Sig Ime gantt vnd
1880 1168 2588 1308 ger nütit zrwüssen, dan er
1879 1173 2633 1358 domalen mitt anheinisch gwäsen,
2052 1667 2640 1789 velix Wylli von Sumisz
1992 1728 2603 1840 maltt Clausen wyllis
1996 1768 2604 1891 auff der Nuchteren sun
1918 1831 2630 1949 warumb er eigens gwalts und
1930 1886 2649 2019 woi sid frgweibels
1915 1943 2617 2069 knecht ✳ da er usz beuelch und
1933 1994 2626 2091 dienst m ghure Clandog
1923 2036 2679 2159 bütsch den meynerdigen wider
1935 2078 2636 2204 tuffer hatt wellen ufgge¬
1937 2126 2641 2252 fanglich an die hand neunen
1940 2162 2672 2290 dermassen das er den knecht
1945 2210 2644 2354 sich sinen disers pfaugnet
1952 2260 2685 2396 habe mussen erideeren, dardun
1954 2300 2673 2425 der tuffer entluffen istt
1952 2323 2692 2498 Bibt hierum solchen beschiidt
1940 2392 2684 2536 Es hab In des tuffens fruw
1975 2448 2622 2590 gepetten er solls mitt des
1973 2499 2666 2627 iny weibels knecht red haltten
1973 2505 2712 2655 vnd in vffziechen biß diewil
