4032 3024
998 257 1781 409 vff Sampstag den 21. Juny in 1557
992 331 1788 481 Jor in bywäsen herrn ferman tag
998 391 1786 534 deß Vhars Abraham Muhlin pedins
1001 435 1791 595 Falles galdi proschweybels, ist in der jhal
1298 518 1714 607 ab dem Bucholterbug
1004 538 1803 656 Petter Käber, von genemten ermenn
1026 613 1179 678 worden.
949 622 1745 721 anzuzeigen   verwantte ursachen
1367 651 1496 709 habind
1046 667 1752 758 die in bewegts sich von minen g
1048 710 1788 803 herren kilchen ordnungen abzeson¬
1069 767 1806 860 deren und sich der widertufferischen
1063 821 1802 916 secke vnd lehr anhengig gemachen
1076 878 1762 974 wellind guttlich verhoͤren vnd
1068 922 1775 1029 christenlichen bescheyde darüber
1087 996 1311 1078 äben e
1075 1035 1776 1155 Entwurtt Er hab solches für
1080 1103 1756 1209 dein seckt sondern so vyl er
1103 1160 1761 1257 von inen gehortt fùr gortes
1261 1196 1787 1297 darby e gedrncke zu
1106 1251 1368 1319 wortt und
1082 1261 1776 1360 beliben, dan so er darvon firle
1128 1316 1771 1421 stuibe er on got vnd en
1093 1349 1839 1478 gluben, dan Ime sollichs der herrr
1094 1417 1737 1523 gat hab zu erkhennen gäben
1102 1463 1815 1574 sonst lasse er auffer tuffer
1095 1536 1802 1654 Als man Ine fragt warumb
1104 1563 1836 1699 er dan nitt zur odenlichen pfarr
1100 1632 1814 1745 kilchen gange, ob man daselbst
1110 1690 1829 1788 uch nitt gottes wortt predige
1116 1731 1829 1848 gipt d bestheydt, Er lasse rs
1131 1775 1824 1887 zolipen wie es ist, Aber die¬
1129 1819 1821 1920 wyl vff er durch die 30 tar
1138 1856 1820 1959 die er vornacher zur kilchen
1251 1905 1803 2010 kein frucht hab mogen
1158 1945 1191 2012 st
1139 1949 1790 2068 schöpffen noch fassen, hab
1152 2007 1826 2106 er vom anderstwo uch bepeitt
1146 2050 1855 2162 gots wortt zehören, vnd sidther
1147 2099 1840 2209 er by den selbigen gewandleit
1169 2145 1843 2246 ige er in die erkaltnuß gate
1168 2214 1538 2287 wortts khomen
1191 2208 1843 2317 under denen waltti zarber
1179 2285 1820 2371 habes Inen furtragt wie es
1172 2320 1806 2414 in der gschrifft stutt vnd
1172 2375 1808 2448 aihso wol vßglegt das wo er
1194 2411 1846 2495 sollichs thu ime nit zwyffe
1178 2460 1559 2545 mehr, noch sorge
1049 1926 1144 2009 ange
2550 156 2615 207 14
1853 253 2576 415 man an vnsem predigen uch
1859 295 2580 485 den gluben vnd vnschuld diß
1853 362 2609 533 lebens lechte, So hab in da
1864 447 2595 586 das erstlich abtriben, das man
1859 483 2621 663 hie woltt zu deß Herren nacht¬
2023 600 2092 643 gen
1879 533 2586 697 mal szwingen, do abte er sich
1873 615 2538 758 nitt geschickt vnd verbegeitt
1857 651 2496 814 zu solchem ze sin befand
1854 700 2610 864 damitt er nitt faltte in dem das
1864 762 2622 902 er den eyb des heue nitt entsche¬
1857 805 2607 985 dete, sich er abgwychen. Ahl
1854 916 2598 1039 Denne gfragt warum er nitt
1888 965 2535 1096 an in 8 grn gehaltenn
1860 1021 2534 1150 landtsgmeind erschynen
1865 1066 2597 1213 hrauff seh er sollichs sige
1866 1116 2607 1267 ine nitt zuwüssen ysen, dan
1891 1163 2633 1298 er dem zimmer weick und
1890 1221 2634 1355 anderer handtarbrit nach zogen
1878 1268 2562 1400 wo er zu werchen funden
1887 1292 2670 1438 hin vnd wider dem in Solohem
1891 1364 2671 1489 den in Basell uch Luter
1891 1411 2578 1525 biett, das er achte dam alten
1895 1462 2607 1579 nitt im land gewäsen sen.
1891 1512 2670 1668 Item gefraget, Ob man dis jung
1901 1597 2586 1709 kindli tuffen solle. Ant er
1927 1636 2668 1757 habe sollichs niemands ye ge¬
1894 1674 2618 1796 Weritn hab ur x kinder
1899 1723 2650 1842 all shan so alle zu dießbach
1908 1775 2399 1885 tufft sizend worden
1911 1805 2591 1944 heruff gfragt ob ers frin
1940 1861 2646 1989 zur gab. Entwirtt
1901 1896 2662 2018 En lasse es beliben wie es sig
1918 1943 2691 2063 Aber esstend gsthulen, werde
1921 2002 2449 2103 blubt vnd tufft
1928 2029 2689 2149 Daruß zu vensan, es musse
1931 2081 2651 2207 der glub vnd dwernck vnd der
1932 2129 2483 2253 tuff biemandren sin
1914 2144 2661 2289 Daruff Im fürgwendt der selb
1945 2205 2677 2351 punt vndt von dem wer do selig
1939 2269 2661 2375 werdt ✳ und nitt fürnemliche
1945 2317 2680 2419 von dem wen man tuffen solhen
1938 2357 2469 2459 oner nitt tuffen solle
1931 2369 2703 2503 darzu er antwurtt, en sige nitt
1964 2441 2657 2571 schickt gen de sich nie kein
1953 2474 2666 2607 Lohn gwäsen konne uch wider
1959 2528 2441 2644 läsen noch schriben,
