1248 2926
112 55 263 125 114
346 152 1210 337 halben viertheill eines käßes entragen,
352 261 1243 384 Wie auch er selbs alda ein mans pi
364 334 1238 482 ab einer stangen genommen und daß syn
372 392 765 490 anshatt gelaßen.
289 478 1230 619 Hoffe welliche syn zu Murtten gethant bekhanden
353 565 1213 681 Ist er da sellbsten mit der urtheill jede
352 638 1196 749 uoff gefallen myner gh und oberen
359 701 1209 814 zum Schwardt erkhendt worden, welche
364 783 1210 897 hrtheil hochgenampt ihr gden auch besfettiget
360 853 1209 971 er gefangne aber endtzwüschen uß der
355 919 1221 1043 gfangenschafft gebrochen und also
358 986 1184 1093 entrunnen tc. Sond deßwegen
368 1054 1213 1188 Berschmer tagen alhie in der stättghene
354 1132 1184 1245 sich angnommen worden und emnag ihr
348 1207 1180 1296 g wenelchs uff sambstag den 6. diß
340 1270 1189 1367 Monacken mertzen und 1630 jahren
341 1331 1184 1435 durch die idlen ehrennesten etc.
342 1399 1165 1499 Brath Ludwig anhell deß kleinen
340 1462 1173 1547 raths H. Danres gottieren der Bürger
350 1531 1161 1617 und pt großweibell früttig zu
320 1595 1157 1684 Marzili auch mit der martter pynlich
331 1646 1180 1744 befragt und examiniert worden
334 1720 1180 1841 daselbsten er syn hieobgeschribne zu Nutten
333 1796 1165 1898 gethane besthandtnns durch uß war
339 1859 1176 1960 sys bekhendt, wie auch noch eber daß
268 1927 1181 2041 Dry diebstall welche er auch vor der
313 1992 1189 2100 signouwischen gfangenschafft verbracht
325 2050 1182 2186 habe, sampt hienach geschribnen unshauch¬
339 2116 1188 2247 heitten bekhendt und verthächen und söllihe
333 2198 1166 2294 auch alles mit der mantter erhalten
319 2270 729 2378 zund bestettiget
247 2366 1180 2509 amlicgen unfehr von Thun, habe er mit
318 2448 1179 2591 hilff obanzognem synem gsellen dseinem
293 2502 1124 2639 Oberen goden ein wäß entwolgen
236 2606 1064 2771 Item er selbs im landha�li ein
299 2726 833 2816 Leib Gott genomen
