1174 2848
106 84 1055 257 etlicher Weyklen hochgenant V. gde
99 147 1106 338 Dienern uber solliches sich verdachaiget
107 231 1079 392 lebwesen, alhie zu Marziln so wol
119 297 1083 486 gantz ernstwörtis, als auch mit harn
125 341 1109 515 nach genselter marter gespannnert
69 425 1081 598 worden, welch daselbsten bekent und
125 545 420 656 venzachen,
57 583 1046 770 We das vor vngelahr 1s Jares syne
114 668 1064 794 grundt nach absterben, ynereltern,
123 726 998 869 jnne ußmangel sich zuerneren
106 789 1041 927 hnwes geschickt, das welcherzeit er
90 859 1084 972 Stattis alhie im Land vmbherzogen,
115 925 1088 1023 n sonderheit sye er haruf gahn Ryn,
91 987 1084 1085 Felden komen, daselbsten er 2 Gz Er¬
101 1034 1071 1149 kätlet und uß sölichen 2 bz im mrar.
120 1093 1114 1199 graffen land  schlyffsteinen erkanft,
77 1168 1020 1292 welche er hernach zu thun umb
117 1230 1063 1339 ein wider verkanet und sie mit
108 1308 1052 1431 also gewarbet und ghandlet, das
130 1379 1042 1475 er Volgents alhiertlich Centner
97 1432 1071 1561 Ancken erkaufft, dieselben nit sich ab
109 1511 1068 1623 generget und daselbsten wider verkaaufft
67 1570 1008 1708 Item im Angöner Spauwrswerch.
94 1628 1048 1755 deßen etlich erntner gekaufft, daselbe
125 1693 1108 1811 geschechlet und wider verkaufft, verners
135 1756 1053 1863 auch mit schlyf steinen, ghleseren
109 1812 1085 1934 Sägisen, Kaßleb unnd dartensamen,
118 1869 1058 2016 gewerbet, vnß sich also durch erzelte
110 1943 1077 2079 mitel, imerwesen gefurend maßen
116 1996 542 2106 fhürgebracht,
108 2072 992 2200 Jemach bekente er auch, das er vor
114 2151 1060 2285 engefahr 3 Jaren, als er vß frank¬
115 2206 1058 2341 richkemen, wie er dan syne laßort
96 2267 1053 2408 dem brudmeister alhie zu behalten
96 2316 1013 2440 geben, zu Lentzbure In der damalen
103 2374 1038 2507 gehenten LandtsJes gefangen, ge¬
91 2441 1031 2601 aber In anderthalben tagen hernach
95 2499 988 2645 widerumb ledis glaßen wordes.
