1201 2785
144 502 174 544 1
339 24 1030 194 gebeth Solller, vonn
290 146 1018 243 Ist Langneuw sundst genant
306 196 1019 286 Satler Ganitzenei.
217 314 1071 444 N8 vor ungefar einem
196 398 1106 498 jar Elsbeth Satler von Lang
182 448 1027 528 naüw bundicht gerigs genant
181 483 1090 591 Satler Bantz, eheliche hnefrauw,
167 538 1112 642 und jetzund auch in vn g gefangen.
161 595 1097 680 schafft der beß enthaltene hupf
158 639 1103 745 wegen das sy bemeltem satlfr
145 690 1039 791 bentz irem eheman zu smein
179 735 1132 827 villfaltigen diebstalen geholffen,
173 788 1056 885 oderuffswenigest in denselbenn
160 847 1051 939 particiviert haben sollen alhie
172 897 1113 978 gefencklich ynzogen, auch volgents
146 938 1089 1018 zu wan ich mit der wlarter
153 986 1096 1078 darüber befragt worden, hare sy
155 1052 1147 1134 doch domahlen anders nit pfathen
123 1091 1096 1182 wöllen, weder das sy zum therel
185 1146 1084 1232 weil gewüst, das er die jenigen
178 1195 1121 1282 sachen, sye ätzige spys oder anders
187 1247 1142 1329 sy sin, so er allwegen heimgebracht
164 1296 1112 1376 und sy mit einanderen in derJug¬
140 1344 1109 1441 haltung verbrucht, nit rechtmatig
159 1394 1049 1468 bekommen, zum theill ouch grant
169 1439 1130 1530 verborgen ysin, wo und an wellchen
165 1485 1107 1584 enden, er dieselben zugriff gethan,
156 1545 1087 1617 hete Ime aber darzu woder mit
149 1592 869 1681 rhat noch that verholffen,
123 1644 1048 1746 Item hettindt sy beide daruor sich
122 1707 1037 1812 2 Trachselwaldt, alda sy ouch
125 1747 1065 1853 von verdächtigen diesstälen wegen,
129 1809 1040 1898 gefangen gelegen, mit dem folter
146 1846 1022 1939 sesill uber die schlognüwein
108 1890 1048 1994 hinabgelaßen und also sich dißer
136 1937 820 2044 gefangenschafft gelediget
152 2017 1117 2114 Diebstalen halber hate sy derselben
123 2069 1026 2164 keine nie begangen, noh began
124 2106 1014 2194 helffen, vgnomen das sy vor
603 2166 714 2204 mit
133 2155 1106 2275 etwas etwas zyts dem Gyrisperger,
124 2193 1022 2291 und siner frouwen gan wyderum
121 2252 1105 2357 gangen, daselbsten der Gyrisperger
126 2281 1093 2399 ein spycher uffgebrochen, und er scheiden
96 2330 1079 2426 luht sachen darus entzuekt ireun
106 2382 1100 2515 der gefangenen ouch ein burdi zutragen
112 2428 1028 2531 gegeben, alls sy aber der ilmmen nach
114 2483 1077 2570 zinnfft gangen, herendt sy iren digen
121 2523 1096 2620 zug widerumb genomen und sy darzu
94 2571 1038 2673 ins waßenwerffen wollen, also
105 2602 1073 2726 das sy hieruon mütsit bekomen etc.
88 2647 1015 2763 uff solliche ire gekandtung nun
1075 60 1162 134 77
