1497 3264
127 36 291 160 127
325 63 1468 230 sberrslch myner gz sind an geshe
346 170 1484 306 Seycher von Steehholtz, der ampthynig wa
342 252 1499 399 Wie auch Marga Zmeir von Hertzoge s
402 333 1501 485 syn befrauw wegen gezigter unthatten ec.
375 416 1493 543 marzilli und erscheidenlich cxammept und
368 493 1227 644 durch sy bekhent worden,
339 598 1484 750 Alß sy letst verschinen sontags zu zölligkoff
389 690 1481 821 bey einem pfistese brott kehauffen wellen
324 771 1500 887 Domalen daselbsten ein junger man und jun
369 842 1502 990 frouw zu inen khomen und habendt sy gefragt
369 932 1491 1071 Obsy nit lust hetten ein wansell bar loße
381 1018 1475 1131 bar schuch, etlich lynlachen und ein stuck
353 1083 1502 1240 schwynen fleisch zu khauffen, so sollend sy sich
360 1185 1502 1317 In ein gaßen uunnehr von Roffen gelegt
334 1265 1494 1393 Berfugen, dahin sy inen alß dann sollichen
366 1343 1491 1475 zug bieiigen wellint daruff us syem
384 1429 1502 1553 sy gefangne bmontschen, verschinen zinstag
368 1513 1487 1631 morgen dahin gangen und alß daß obgedach
808 1574 877 1647 In
364 1589 1501 1724 zug zug durch die gedachten zu0 personen, daß
369 1662 1500 1774 gefragen worden, habendt sy jnen daßb
368 1751 1500 1876 uis zwo sronen abgeschauff, Welliches geb
386 1815 1471 1948 sy die frauw von ihrer mutter (er eibt
369 1886 1481 2014 daß sy aber anzogne swo vsonen herunt
360 1951 1502 2082 oder von wanen chremt, daß waßeme
354 2007 1501 2178 sie nit und alß haraff ein gwüßen tn
348 2118 1502 2253 man inen gefangnen solliches zug, dem eß
365 2178 1480 2347 endtwendt worden syn uß synem spychen
353 2291 1503 2432 gesechen anhan und tragtg yende sy baa
336 2352 1502 2530 golgzenden also gefenktlichen ynzogenoen
330 2482 1495 2630 sonst hatt er gehangne auch bekhendt, daß er
383 2566 1504 2705 sich us mer tagen in francken wych btg
362 2617 1501 2804 und zu einem hauptman von Sollatharen
350 2708 1505 2857 gingen wellen, were aber darub
338 2782 1506 2947 gescheihen, daß er sich und syn frauw d
361 2859 1505 3018 baß fürbiringen und kaneren konte
338 2954 1482 3154 der man ist läg uffgezogen worden
