1152 2865
964 37 1092 132 149
302 55 855 212 Jacob Brsedt Bow
252 137 821 286 Haßle in wyßland etc.
124 287 1090 475 Bbeuelch sr g ist gysterigs tags
96 355 1108 549 Den 25. junii 1630 die von v g ampts
115 445 1055 591 man er vogt zu Borberg uberschickte
113 499 1101 653 und it hundt alhie droben sehaffte mans pson
118 558 1031 750 Jacob Bchedt von Haßle in Wyß land
123 669 1059 813 synes hanntwercks ein zuuerman,
118 735 998 888 synes umbschneeffenden, angwonischen
137 780 1092 934 lebwesens salb und was syn und synes
145 851 1111 988 mit ime alhar geschickten bruders handel
145 922 1085 1055 sondr begangen zeidt sye durch die ehrenneste
126 986 1080 1128 framen etc. Heir Suman Würstenberger
117 1067 1066 1183 Deß kleinen raths s großweibell früttig
140 1139 1058 1249 alsie zu Manzeli gantz ernsctworttig,
129 1205 1023 1302 und mit anwendung zimlich murtter
131 1286 661 1375 geexammert worden.
167 1374 1075 1497 Welcher dan Bekhendt sich (leider) er
133 1460 1036 1565 gstalten in synen jugendt lediger wyß
135 1525 1082 1629 reuerenter gmelden) mit Hury vergeßen
138 1593 1023 1693 habe, daß er zu Underwalden, alßer
127 1675 1086 1765 daselbsten uff synem handwerck gewanchet
111 1722 1084 1836 by einer gwüßen dienen von Zürich zwey.
93 1776 1061 1903 sond by einer anderen dirnen uß Walliß
132 1858 1067 1963 ein unehlich shind. (welches doch ime schnes
128 1936 1057 2024 gedunckens nit gebartt habe) erzüget
100 1978 1061 2070 Andere Vnkuschheidtt betreffendt
100 2040 1041 2100 wieme malen nomlichen er sich
100 2081 1070 2166 In sollicher vertiefft, gekent er das
106 2127 1059 2204 er, das er die eigentliche auzaal
97 2187 1001 2261 derselben, wegenberige der Zydt
96 2221 1035 2317 nit mer wiche Zuuernamban,
110 2409 1044 2502 so hatt ern auch bekchendt, daß er mit hilff
123 2479 1035 2583 ines gefangnen bienders von 40 uend
116 2537 954 2633 mehr wahren ein käß und etwas
102 2595 1050 2704 anckens uß einem spychen vm sach
116 2659 1045 2755 hmuß genommen, sye aber harumb
