2448 3264
195 121 272 192 88
346 197 1219 399 bekent, anbernre synndt dieselben
351 269 1194 421 me erinet, sonders noch in bätten
355 306 1208 477 das er sy aber uff die forme angeben
372 356 1171 494 ye die grote marter, welche er
361 414 1231 559 gantz nit erlyden möge, die ursah
322 453 1217 598 welches sich dann dmeich acht redlich
367 494 1214 664 mans personen rysag ordens ich au
361 537 627 637 erfunden,
238 627 1209 767 Der überigen mordt haten halber
371 688 1172 813 Ist er zwar zu Marddi dero
374 718 1198 862 wider gestendig worden, wie fienor
371 774 1204 896 als er aber wider in Küfi komen
351 816 1219 951 hüe er dieselben abermalen gentzlich
371 882 1199 989 vernemet, vnd hochlichen bethuret
387 924 1183 1030 er ime selbs unrecht gethan habe.
318 967 1194 1089 dann die Marter deten euhei
376 1011 661 1097 ursach sye,
326 1136 1141 1255 Ist zum ersten lar und zum
425 1211 1195 1304 anderen sumk mit dem kemen
324 1232 1180 1348 Istem vffgezogen vnd wyl Ime
380 1296 1192 1395 ie Murter seer vill angewunen
396 1335 1203 1449 derselben weerners überhapt worden
341 1480 1179 1571 Dweet hochgenant un g gantzen
411 1525 1185 1610 trungenlichen vmb genond, vnd
352 1574 758 1657 verzychung
403 1626 1119 1702 Ist mit rüthen ufgeschmeitzt und
394 1673 1133 1736 Imach mit dem sridt von Stat
396 1729 1139 1791 und landtverwitzen worden, den
413 1761 905 1839 2 januarii 1630
525 2026 1108 2251 Anna Wigterich
545 2210 1074 2297 ein Pfisteri unweer von
514 2250 1079 2348 Frouwen Cappelen
349 2361 1139 2477 ags und Joos auch us benelden
271 2409 1202 2524 Dobstadt, ward durch die Ehera¬
378 2464 1161 2581 esten etc. H pamel von Wee
518 2492 1188 2612 kleinen shats s glucher
396 2563 495 2628 Dort
393 2531 1180 2682 Billiern der urgeren samb
386 2584 1169 2741 H Grozweibe frütig underl
376 2633 1132 2767 weiblen un g dieneres
388 2687 1134 2837 Anna Winterin ein Pfisteri
377 2732 1148 2876 rnnere von Froupent aph
1223 1884 1292 1963 ee
2228 104 2330 183 35.
1403 164 2256 346 vndt Hans Schmidts seligen
1340 218 2306 422 verlohne mitwen, ires verdächtigen
1330 315 1409 373 wo
1332 284 2304 498 anzugs und dieb stälen halber, wie
1338 342 2240 527 auch uber den jenngen vn g von
1339 394 2317 577 een ersamen forgericht daselbsten
1331 458 2301 653 gngehändigeten bericht gantz flygen.
1376 508 2265 685 dernsthafftig theils mir worten,
1325 586 2240 757 wie ouch hernach mit der weaarter
1328 639 2188 799 glragt und examinert, wellche
1329 729 2204 868 henachvolgende unthaten unnd
1304 769 2196 928 diebstäl bekent und verzochenn
1328 881 2242 1009 As namlichen wie das sy und
1345 941 2227 1041 er mntlister bub unlangest irem
1335 986 2235 1101 frnndt Caspar Gager ein roß un
1324 1037 2310 1146 dem stall entfrömbdet und daslbig
1325 1098 2276 1202 Im Eggewyl umb ein khu rtüscher
1319 1147 2200 1238 wellches roy Ime Gager wider
1327 1208 2156 1290 zugestelt worden, die bhn aber
1319 1254 2190 1347 habe sy dem wüller im riedtbach
1343 1309 2165 1395 unb korn oder mal vertuschet
1332 1384 2284 1443 wellchem sy ouch glych hernach abgangen
1321 1414 1652 1468 und verdorben.
1324 1515 2195 1619 Item sy habe auch irem groterenn
1317 1570 2259 1672 beben, wellcher, sampt dem obgemelten
1332 1623 2148 1713 in der kofi ligendt, benolchen mit
1325 1667 2228 1756 den zeingen, so des kratigers spych
1320 1720 2255 1801 vffgebrochen shnhan, vnd Inen denselben
1312 1751 1521 1835 zuzeigen
1312 1810 2228 1929 Wie ouch demselben ein mas anecken
1315 1890 2165 1980 vnd ein mas nun, welches Ime rc
1313 1917 2188 2038 dem spycher zu Guschlunne im
1297 1953 2195 2086 Fryburger gebiet zutheill gutwillig
1302 2015 1518 2085 abgenomen
1295 2092 2178 2232 vs welchem Spycher dann digem
1306 2140 2202 2288 irem buben ein rock vnd ein gippen
1294 2197 2228 2367 und ein lynlachen zu theil worden,
1295 2242 1805 2345 welches sy empfangen
1232 2319 2168 2514 Was den ynzug füller luthen
1306 2411 2222 2566 antreffe, habe sy den lorbenhaus
1294 2445 2216 2629 und sie gantze Gsellschafft, wellche
1294 2497 2130 2652 alwegen ungefärdter wyg ahen
1296 2520 2202 2722 komen, vngericht Jras abmanens, de¬
1275 2572 2266 2767 herbrigen muhen, wellcher Tockenhaus
1282 2614 2173 2799 Sra ein mal, zwey kleine, vnd ein
1283 2668 2211 2866 großes mal, item zwen sack, in dem
1295 2718 2224 2918 men gersten, vnnd In deme werderen hees
1269 2752 2204 2958 gebracht, welches sy dem wluer im
