1270 3247
36 2073 74 2113 E
1102 -14 1190 57 31.
16 45 1219 191 welliches zug sy glych angentz in bantz
104 119 1048 243 os huganet der Dumenem
92 197 644 297 Brugg getragen,
108 252 1198 426 verschinner tagen habe zu Vollickhofenn
133 332 1200 462 einer so sich der lang hans nambset
115 389 1163 525 inne und noch ein jungen knabet
136 440 1146 571 ubredt, das sy mit demselbenn
117 485 1135 649 In Heimberg, vnner von Chun,
132 563 1164 683 alda er etliche gestollene sachenn
120 601 1198 748 verborgen ghan, dieselben züreichen
138 671 1177 814 gangen, von welchem er inen ein
148 725 1105 858 gulden zugeben versprochen, aber
140 773 1087 913 inen nitzit anders dann ein
145 829 1134 959 rothenrock werden laßen, vnnd
139 900 1118 1019 zwar vbr die er gefangene ouch
153 944 1148 1074 geredt, wolle rot enttrombden,
141 989 1225 1142 und dieselben zu wlden verkouffen
132 1079 1152 1205 habe aber solliches noch bganhere
133 1143 648 1255 mit verbracht e
140 1221 1192 1334 Ist zum ersten lär und hernach nit
141 1287 1143 1396 dem kleineren stein uffzogen
152 1365 388 1440 worden.
19 1377 1155 1510 ist mit rüthen uggeschmeist und mit dem eyndt
59 1421 1149 1523 von ir g stat und landtverwigen, wie ouch
26 1496 687 1589 hernach stadt h 10 solat
426 1610 1106 1728 tenban Luung
391 1697 1178 1809 rgen solotgneer gebiet
73 1777 1177 1900 Wellcher auch verschiner tagen, mit
158 1854 1209 1938 hievorgemeltem Peter Buchsdurch
164 1900 1229 1992 die hiesigen profosen von Tollickhogen
175 1946 1214 2040 gefangen alhar gefürt und vermog
175 2008 1229 2105 ung bnelchs uff rorgester zu Marzilen
173 2052 1243 2143 über sin gantz verdächtigen handel und
162 2106 1217 2176 wandel mit worten und der marter
159 2157 1036 2236 befragt worden, hat bekendt,
136 2259 1218 2351 Habe sich ze und allwegen eherlichen
179 2342 1234 2421 gehalten, sunderlichen habes nun ein
180 2374 1192 2467 gute zyth mit rozzysen verkouffenn,
178 2435 1180 2515 wellche er allwegen zu solothuenn
179 2480 1193 2550 angekoufft, vnd volgendts In denn
162 2528 1257 2613 dörfferen hin, vnd wider den Landtluehl
178 2577 1147 2675 widerumb verkoufft, fürgebracht
183 2630 1201 2693 snst habe er sich sic dem honwat zu
186 2679 1185 2777 völligkhoffen zugezogen und alda
169 2734 1198 2815 labkuchen gemachet, damit er sich auch
171 2780 1247 2886 durch dig mittel desto beer durchhin
167 2840 1191 2923 züchen möge, wie er dann auch zum
168 2892 1222 2981 nehermolen, als er gefangen wordn,
163 2936 1208 3022 labduchen uff dieen tuegenmarit,
162 3001 1258 3070 gebachen, daselbsten er den hieobgemelten
55 3045 1235 3189 o durch die eherenuesten ec. s schuldthei Marten
118 3120 1023 3237 des schars und h Großwell hwüeig
