1120 2797
39 61 138 128 180.
194 205 1089 417 Demnach so habe er allein und eintzig
194 299 1098 472 zuo Frymütigen in der kilchöri Höchstetten
225 359 1095 509 einem landtman uss synem huss (als
188 427 1112 585 domalen niemants anheimbsch was) by
220 479 1064 606 30 ellen rysting tuoch gestolen, daruon
223 543 1080 675 er imme etliche hembden machen lassen.
99 616 1066 790 Glych darnach am Stalden zuo Hünigen
240 726 1066 840 einem zwüssen landtman uss syner
182 769 1058 900 stuben ein wamisch (darin ein halbe
232 831 926 947 cronen g'sin) verunthrüwet.
275 915 1073 1061 Zuo Moss einem landtman uss synem
181 960 1063 1102 rossstall ein zaum endtfrömbdet,
221 1053 1095 1168 denselben umb ein g'wüssen pfenig ver¬
224 1114 394 1201 koufft.
163 1187 1038 1301 Im Dürren Graben genempt im
234 1257 1027 1349 thal uss der mülli ein halben müt
233 1306 1035 1405 mäl gestolen, volgents denselben in
244 1362 943 1474 syner husshaltnus verbrucht.
185 1446 1052 1557 Dem müller zuo Langnouw uss synem
172 1532 654 1633 spycher ein bachen
654 1537 1017 1631 fleisch genommen.
224 1615 1049 1735 Zuo farens Rüthi uss einem käller
227 1688 652 1790 mit hilf Moser
657 1689 1012 1772 Bentzen, eines
234 1745 1027 1817 anderen g'spanen etliche nydlen
663 1803 775 1847 sin g'span
230 1803 1036 1894 genossen, welchen er aber domalen
209 1865 1027 1964 verlassen und siderhar nit mehr
230 1917 548 2025 gesechen habe.
208 2007 1063 2143 Veruers habe er im Kurtzenberg
227 2081 1063 2183 einem landtman uss synem huss by
232 2136 1064 2244 4 ellen thuoch genommen und selbige her¬
235 2199 1009 2320 nach zuo Burgdorff verkaufft.
233 2291 1074 2413 Zuo Schweissberg by Signauw einem
196 2356 1076 2480 landtman uss syner kuchi ein hafen
225 2417 1062 2533 unnd ein kessi nechtlicherwyl ent¬
203 2471 1052 2580 zukt, welches aber widerumb, jmme
207 2540 923 2679 zuohanden gestelt worden sye.
