1176 3162
1063 31 1142 93 p
119 82 1119 188 Soldaten nun sye sy in pündten gezogen uund
141 146 1119 229 Ain jahr lang by imme ohne verreichtung des
140 180 1138 298 kilhe gangs, allso dirnetes wyls was gewonet
127 244 1073 360 alß aber derselbige erschoßen worden,
123 305 1117 444 habe sy sich volgendes auch in stundten zu
87 372 1074 482 einem weltehen Rüther abermahlen
127 428 1153 550 dirnens wys begeben und by demselben
120 496 941 644 auch eim jahr lang also verblyben
132 623 1093 772 Uber diß hat sy acht mans personmen,
132 699 1155 846 welche aber nit in ir jr landt und gebiet
132 772 1044 900 dahornen, mit welichen sy sich auch ihn
133 842 1113 972 vnküschheit vergangen, genambset amh
129 912 1153 1041 verners angezeigt und vertächen, dere uberigen
120 984 1147 1120 mit demem sy sich glicher gstalten fleischlichen
112 1063 1143 1192 vermischet, syende sehr vill, also das sy der
133 1135 1113 1260 selben zahl nit eigendelich zu vermelden.
120 1205 687 1328 und zu nambsen wüße
17 1297 1138 1396 Es ist digerer ergangen, wie der nachsthierb
41 1360 264 1435 genalten
151 1411 1042 1550 Harh Ulrich Meyer im Sal¬
157 1517 986 1593 peter bieder hievorgemelt von
193 1562 586 1654 Wietlispach etc.
740 1666 799 1706 2
67 1647 1069 1781 Alls dan zienor den 2. Januarii
123 1735 1062 1848 deßlest abgeläffeen und obgemeldten.
104 1791 1160 1925 1629 jahrs gegenwürdtiger Hans Ullrich
103 1865 1021 1987 Weyet von Wietlispach ein salpeter
119 1946 1135 2057 jeder von Creverenter) diebstälen wegen
97 2005 1094 2137 alhie gefencklich ynzogen und volgendes
81 2069 1131 2211 zu Martzili mit der marter befragt
88 2138 1029 2272 worden, hater domalen versächen
104 2256 1131 2412 vor ungefahr einem vierthel jar hette
82 2369 1062 2458 er zu hindelwanck einem landtman
63 2424 1141 2548 In siher gangsechen und als er desselben
46 2512 1116 2627 schlütlen wargenommen by sichselbs gedacht,
39 2563 1078 2704 Es were derselbige spycher liechtlich
65 2647 1059 2759 znoffeen, baldt darnach als sin as
74 2725 1079 2852 kindts nider kommen, hatte er etwas
66 2807 1114 2910 Salpeters allhar teil getragen als er
81 2877 1101 3003 aber kein kauff finden können unnd
57 2959 1037 3093 gelts ybell gemanglet, habe er jemm
