1179 2697
154 57 1149 191 S6eelch mener gz und in by syg der
166 139 1121 269 Schremneschen etc. H damel von Werdtsdeß
183 209 1148 341 kleinen und h Jacob Gerbers deß große
218 288 1147 415 raths sampt s großweibell frättig, ist
206 349 1151 467 an gester alhie zu Marzili Siclans komme
199 404 1162 540 wer der schnyder, uber gezigte uußhandlich
190 469 1150 624 und andere ime für gehaltne artickel
191 551 1155 673 abermolen befragt worden, daselbsten er
203 650 691 748 bekhendt wie volget,
97 786 1154 901 NNamlichen daß er ja geredt habe, syner jetzig
204 855 1149 962 berfrauwen ein onem von dem lyb zu Wyßen
213 920 1143 1032 Item, daß er dieselbe by der paper müllen
219 981 1115 1089 In die worblen gstoßen und wran gnng
194 1051 1149 1152 waßers vorhanden, wellens geyn sy zuer
202 1106 1153 1221 frencken, solliches alles sye in einem zorn
204 1189 608 1287 geschechen, de
199 1269 1149 1381 deinach daß er uff einem aben, alß er heim
226 1339 1136 1452 khomen und syn efrauw dohenm by einer
220 1409 1159 1513 anderen wybs psapligen hunden, gredt
232 1465 1154 1578 er welle sy von ein anderen bringen
213 1525 1139 1642 oder behatte gott) der tüffell bringe sy
203 1585 1163 1705 Bon einand, daß er aber daß offenluß
204 1687 1167 1772 welches bald har nach uff solliche wortt ange
205 1731 1151 1832 fangen br�nnen angezautet, deßen ist er
200 1795 865 1903 in kheinen weggestendig,
177 1885 1139 2013 Item vermiers gestendig, daß er einer
197 1984 1139 2083 agt by der Nüenbrug der ehehalben
208 2041 1184 2140 angehalten mit vermelden habe khein fro
181 2121 1151 2258 Nochmeychers bekhandtlich, daß er uff ein
225 2213 1165 2333 ziyob syo haßfr geschlagen und volgendts
213 2297 1122 2398 by dem halß er genteht und alß sye
219 2352 1166 2472 schreyen wellen, Ihra mit der hand den mund
171 2428 1161 2536 ehalten mit betrauwen, wan sy eß einer
176 2495 1160 2614 erbarkheidt anzeige, se sy umbbienige
176 2587 417 2685 welle
