1214 2881
1045 29 1154 122 189.
84 159 1133 345 etliche syne schulden bezalt und daß ander
86 251 834 418 mit syner sürnen verbrucht,
47 433 1131 604 Boit welchen verbrachten diebstälen anzog¬
69 503 1112 671 sie synes schwagers frduw, syn deß
82 576 1107 730 gefangnen schwoster, auch wolgenensst
71 669 1019 828 edoch aber inen darzu nit geholffen
63 798 1101 975 Ins übrigen habe er sich auch mit Anna
107 909 1062 1062 Joß In der kilchari diemtigen in
90 993 1114 1123 hußrey und unkehunschheidt zum anderen
91 1080 563 1208 Anal verthiefft
93 1211 1121 1365 Haß dann eyn sienen antreffen teye
87 1346 1094 1443 habe er sich mit derselben niemalen
85 1387 1110 1511 In unkhunschheidt vermüschedt, wie wol
111 1465 1084 1587 er daselbig zu thun understanden,
71 1541 1107 1662 dan dde selbe synes erachtens, nit wie
115 1622 1097 1720 ein andere fram sye, sonst heiße
95 1654 1080 1796 dieselbe Elßbetz und sye uß den
62 1761 1100 1893 amerthall im Bigelthall pürttig
113 1899 1088 2052 Gittett hochgenampt v ad umb
82 1965 489 2117 Eiserzychundg
86 2096 1055 2236 Ist in L�r i mit dem kleinen schein.
109 2196 1060 2315 3. mit zweyen scheinen und in mal
108 2254 1042 2410 mit 3 scheinen uhzogen worden
100 2491 1061 2596 eff wolliche sin den gedachten
138 2544 1098 2653 Hans Ggwaldts, verbrachte dies
72 2599 1048 2709 stäl und uizhandlungein
