1325 3227
166 83 329 173 164
380 164 1297 337 ohrt, so sich fm ehennamset wie auch n
381 245 1284 426 hernacht an zweyen und erscheidenlichen
373 317 1299 468 vortten glich ein anderen nach in einem
362 380 1293 540 Johe göttlisen, natürlichen und welt
371 450 1269 595 lichen gesatzen und hiemit allen ge
364 513 1294 652 efsenbarnten rechten und ordnung
362 584 1287 732 zu wider und entgenen mit abschücklih
358 640 1227 764 und vke un christlichen miß land
368 713 1232 847 lungen mit dryen geißenbey
357 764 999 910 fleckt und vergeßen habe.
925 890 1049 962 sinen
350 892 1256 1042 vorwelichen obgeschrybnen vn Christen
840 984 989 1039 abe
354 973 1260 1100 lichen thatten thatten, wer were
335 1037 1251 1182 ime der leydige satan zu zweyen
341 1103 1264 1225 underscheidenlichen malen erschüren un
335 1173 1257 1305 fnr der zu angewyßen, auch iinne an
337 1229 1212 1347 gemihtet, sich aufnr zu ergeben.
330 1295 1231 1426 weliches er aber domalen mit thun wollen
287 1358 1190 1481 Vyters hat er verfächen, daß eine
284 1445 1231 1545 gott bewahre unß der Bößenfindt
325 1510 1192 1652 In schwartzer kleydung zwüschen
313 1572 1214 1710 Brafenriedt und fraw brunnen vor
321 1648 1231 1766 ungefahr zweyen fahren, in einem
307 1718 1217 1828 krüten wegen erschinen und abermalen
295 1778 1174 1887 imme angehalten, daß er sich noch
284 1843 1230 1982 ferners mit unChristenlichwerckhen
292 1917 1229 2040 pergahn und an inne den obößengeit
297 1981 1192 2108 ergeben sölte alda (leyder uff
249 2045 1220 2178 vilfaltigks anhalten deß  fürreches
277 2110 1198 2244 lugen grists, ey fuei soliche hoche,
280 2192 1184 2323 schwäre, grawliche, abschüchliche und
525 2271 608 2331 rer
289 2277 1219 2385 Sufflische, Zrögffkung gerahten, daß
274 2342 1208 2465 er gott synen schöpffer ver laugnet
262 2416 1209 2518 und sich dem luldigen satan mit lat
259 2485 1204 2612 und seel gentzlichen ergeben darin
273 2546 1191 2686 er imme ein handts vol gelts, weliches
261 2629 1191 2745 aber glich hernach nur laub gsin, zu
252 2699 1217 2820 gestelt und geben, auch ime domela
240 2761 1205 2871 an einem knüw angerüret Mach diß
254 2834 1183 2957 allem sieder bößenfindt aber mahren
