2448 2993
63 110 154 174 66
276 117 1059 295 ehar jucgries von
431 204 848 281 Tembrgont
258 231 1105 391 Ss benelch uwer g. ist gester
167 265 1126 417 Wegs, durch die cherenuesten
219 326 1106 475 fromen fürnemmen fürsichtigen
211 390 1114 529 wolgeachten, wysen h Gturherren
221 443 1124 572 Fröndenrych, item s Hans Remhorrt
229 511 1146 632 und h psteter fürütig Greywenbel
226 552 1139 686 ein jungling, Jegan fargnd genant
227 596 1065 709 von combremont über sin uihn
206 664 1112 778 gehendes und argwonigen lebgiten
233 706 1086 818 alhie zu Miodzili mitworten
222 762 1081 860 vnd ouch mit Zimlichrmarter
244 805 1130 921 brtragt worden, alda er thakent
237 883 1061 1001 habe stätig meisteren gedienet
248 948 1088 1065 und sich also hiemir fürgebracht
240 1003 1030 1091 und bekleidet und sonderlichen
243 1046 1096 1150 jetz lebstlichen einem nambset sich
254 1092 1096 1201 Johag Pantz von S Randvisor
240 1166 1090 1256 hinder Wistlisperg gedienet, sy
244 1209 1087 1289 dem er ein fir lang issin unnd
239 1257 1097 1342 von demselben nit kommen werde
227 1303 1115 1398 wann nit ei gwihe kärli Pater
251 1363 1134 1445 genant usem Gaal, inne verfürt
254 1404 1126 1489 vnd vffgewigen hatte mir Ime
263 1449 1083 1535 I Franekrych den friegenw
251 1502 1069 1586 nach zusuhen, das er aber
257 1542 1119 1638 jetz undt alhar sich begeben, sye danb
257 1607 1104 1696 geschechen, das eer sinen bruder, so
250 1667 1120 1735 umb nie wyth von diser stat imn
254 1698 1047 1783 dienst, begort zusuchen sin
275 1740 1138 1830 uffrgen habe er seich de und all
274 1798 1073 1890 eherlichen und wol gehalten
266 1821 1104 1942 wie er dann solliches vnnts
267 1894 1088 1986 khünfftig auch fnoch wybers mit
269 1947 1127 2055 der hilbe Gzaros thu wele
266 2015 1088 2151 BZieratv. g. gantz denmeg
292 2094 1041 2196 umbgenedige erloßung.
276 2157 1093 2305 Ist einmol lar und hernach
254 2207 1106 2345 mit dem klainen tein ubkzogt
267 2317 446 2388 worden.
109 2335 1128 2474 sy und mit welchem er nun sy den 7. tag
139 2366 1129 2524 umbher gezogen, alber mitzie boßes verbracht
133 2497 325 2583 habende
1217 2611 1245 2661 3
1230 1950 1257 2012 1
1208 2217 1305 2275 alssi
1227 2256 1312 2305 üb
2220 57 2302 144 1
1448 85 2121 320 d Eal
1473 181 2067 375 ge een ende
1332 220 2068 442 ee nt
1330 278 2292 516 iewye Jrhay Gymallel wurtig von
1312 313 2270 567 Wells in der landtschafft wardt
1321 338 2293 605 von einem zu Grog gfencklich enthalte,
1312 434 2224 647 mnem Jchan Francorh Conrlel genant,
1318 475 2254 689 von Bohhiges ummer von Tosanaw
1318 548 2203 742 In siner gethanen vergicht, mit iene
1334 554 2260 768 etlichelordtthaten begangen zuhaben
1334 590 2283 803 angeben und namhafft gemacht worden.
1327 658 2274 849 allls ist derowegen er Gmalldt ver-
1329 704 2209 886 schünr tagen verluch ug benelcht
1323 764 2231 945 durch die hiesigen stat progosei
1329 804 2223 978 alhie getencklich angenomen, In die
1306 821 2295 1018 gefangenschafft der kofi yngethan und
1293 885 2301 1081 volgendts inhalt abgangenen rchatzed
1306 960 2310 1118 elb den 3. Januarii diß nuw angehopten
1315 1011 2303 1154 1630 jaro gan wbar zil gefürt worden
2205 1051 2310 1109 tan
1290 1069 2088 1205 daselbsten er dann die Ergn
1336 1094 2313 1236 erommen fürnemmen fürsichtigen, wol
1330 1164 2302 1282 geachten, wysen h Burtkhart Fischer
1341 1206 2271 1319 deß rhats s Hans Thuthoni Billierin
1330 1270 2223 1362 der Gurgeren, vnd S. Grogweibel
1336 1312 2276 1409 fentig, in sy syn etlicherweiblen un
1362 1361 2265 1438 ieneren alles yffers ernstes unnd
1354 1412 2274 1501 wyses vermant worden, zwar erstlich
1367 1473 2268 1530 nit worten, volgendts aher auch mit
1349 1501 2202 1584 nothwendiger marter, Gott zu
1349 1546 2249 1632 zimel die cheer und walermelt ung
1344 1618 2266 1685 vberdigere durch obanzognen Courtet
1343 1652 2274 1732 off inne gethane steruhaon, die warheit
1354 1686 2171 1779 ürzugeben, damit er also sin hertz
1333 1724 2283 1831 rechtyschaffner wyn gerumpt von hochge
1301 1772 2240 1890 nant u g desto ehe melterung der
1313 1809 2312 1934 Straf erlangen möge, Hat aber anders
1333 1869 2297 1986 nit dann hienachvolgendes verhachen
1321 1903 1883 2016 vd Bekennen wollen,
1308 1957 2304 2136 Weerlicher wie das er von siner ingeta
1318 2034 2250 2173 uff zu losaun gewonet, dasselbstene
1319 2068 2206 2214 das waterhandtwercks gelerrnen
1320 2124 2282 2286 und sich also durch eherliche arbeit statig
1334 2146 2194 2318 fürgebracht, insonderheit aber nim
1320 2197 2254 2364 ein gute zybg dehar dem l seckelin.
1330 2245 2249 2418 sigenz, von Losonen, deßelben wye
1333 2289 2293 2447 alhar zuferggen, vnd zuuerkauffen
1324 2317 2299 2502 gedienet, da er donnn ime s sarkeln
1309 2359 2232 2531 Zewegen eherliche Rechnung gebenn
1323 2422 2303 2608 end degen von jemez wie auch anderen
1324 2447 2192 2624 sines gethanen handels, thuns, vnd
1313 2483 2195 2666 haßens halber, hen denen orthen woer
1313 2554 2207 2721 gewonet und gehandlet, gemugsame
1304 2588 2308 2778 und eherliche bingneg uberkommen wurde
1273 2604 2229 2814 Die bgangenen Mordtthaten, vnnnd
1310 2681 2296 2879 das er verenth obgedachtt Conrteld sen
1290 2719 2264 2900 non daid verholtten sölle habener
1316 2757 2272 2940 betreffendt, sye er gantz nit diger
2279 605 2310 639 16
