1165 2878
998 25 1126 94 203.
156 143 1117 295 sieneben sich in anderen engebureen nit
154 216 1116 370 Wychers mit ihro vergeßen, sonders je
166 285 1119 396 und allwegen erlich und wolgehalfen
141 329 1115 483 Wie dann anders nit van Ime gezuget
159 390 1115 543 werden werden, und wan sy ime alß der
166 455 1106 599 sy stotts uffgutts gewißen, gevolget
180 536 1076 652 Bere eß Ihra Niemalen Hierzu
188 594 1114 707 gerathen, will auch nit gestan, daß er zumg
198 624 1076 788 nechsten by dem siechen huß gen. syde
186 698 1117 846 zu Eybenieren, sonders an einem anderen
182 784 1091 903 dieselbe nacht durch vbernacht gelegen
201 847 1055 975 pittet haruff un gd gantz trungenlich
195 930 895 1050 zumbgnad und eszyehung etc.
329 1048 1013 1253 Rnder Suntiic, e
311 1223 956 1328 Pfisterin nechst by fronwen
434 1290 860 1388 Appellen gesetzen.
105 1407 1110 1530 Hffglychem tag auch verluth ugden. Benelchs durch
191 1488 1111 1593 ene zocherende s gienongemelt, anna
129 1555 1084 1658 interig von gezigten boßen inzugen, wie
190 1616 1076 1725 auch diebstälen wegen, Item das sy ihren einden
171 1685 1088 1780 Bellichter zu diebstälen anlaß geben habe.
180 1749 1086 1846 glycherstalten mügliches feyßes end
195 1820 1093 1917 ernstes befragt worden, welche dann
186 1870 1071 1968 verzechen uber das ein ander und zwite
167 1930 1065 2056 wie volget, Nächlich das sich ein
181 2010 1061 2097 gutte gytt der sattler Bentz Goyri
180 2041 1033 2171 sperger und syy h item die jenlgen
188 2101 1081 2240 nkangest alhie ußgescheeitzen G lodi
180 2168 1092 2301 und kirames sampt anderen auch schon
164 2236 1074 2347 In läbzytten ihres mans (zu inen
168 2304 1085 2396 ingezogen, da dann ein mall ermelter
174 2348 1101 2490 Brämer ihro 2 stuck fleisen zugebracht,
145 2422 861 2544 Welche sy iine abgekchaufft.
123 2492 1077 2646 zekhendt auch, daß sy war zum nechsten
172 2559 1068 2696 alß der langenhaler Jorgli ein hochtütsch
184 2626 1043 2733 ihr elter bub und daß sagkler Els
174 2698 1088 2820 ihra das jenige zug namlichen 3 röck
