1174 2960
76 100 173 174 118.
460 149 1047 281 8le Brerwieers hoß
456 227 1005 342 der gtaffschafft Boden
464 308 948 407 gürttig veracht und
585 361 946 476 Bthehandtnus
199 480 1158 638 N A Montag den 2. App. Ano 1638. Ist
306 579 1156 703 Bß beuelch und gd durch den ehremnesten etc.
314 655 1141 759 S gannel von Wrerdt deß kleinen
307 728 1150 841 raths hr mühbel wagner den jungeren
299 803 1164 896 zm  groß weibell freüttige der jrobh
307 864 1178 975 Berhaffte Felix Brunner synes läbween
305 920 1168 1031 haber wie auch über den jänigen debstall
326 1002 1161 1111 o er ushmer tagen zu Gtzistorff bes
304 1082 1154 1182 gangen zu haben accassiert worden,
312 1141 1152 1252 erstlich mit ernsthafft en wortten
314 1219 1142 1310 demnach auch mit zimlich martter
298 1273 1136 1382 zu Blarzili geepaminiert und se
295 1336 1085 1452 fragt worden, welcher don bekhendt
293 1425 622 1513 die volget
275 1490 1179 1645 Alß erstaachen Obglychwoll die Jänge
269 1591 1140 1709 nagt zu Jetzischorff, daß er ihra uß
283 1656 1176 1777 einem offnen trog ein Breünen haß zachingn
280 1737 1161 1841 rock mit einer schwantzen blegen. Denne
299 1807 1160 1911 ein grenne Goppen mit einer viollen
286 1878 1133 1962 brunnen blegen, den Goller bin pder
282 1938 1125 2037 schurlitz brmell mit soneth Schairen
283 2007 1147 2115 besetzt, bin Schwartz Haßthachin wulhembt
274 2067 1131 2169 ein halbhochen, wyber hutt, ein manen
292 2144 1143 2238 hutt ein rüw mans gembt, ein par
272 2212 1106 2308 sauwwyber schu run bezl in gelt
261 2269 1157 2384 zwro Sydien hanschmüe und ungfahrlichen
279 2352 1132 2443 by einem maßmall gestollen haben
277 2404 1142 2523 gezigen worden, hatt er doch von selbigen
291 2485 1126 2589 sachen und zug nit wythers entzuckt
279 2543 1139 2654 zu haben bekhennen wollen, alß oban
280 2612 1088 2722 zogne grinne gippen und ei
270 2670 1064 2776 par schu, welche beide stuck er
267 2745 893 2866 umb3 hrren verkhauffen.
