2448 3264
166 130 241 187 86.
292 225 1166 391 und zu Wyblispurg zwüschenn
302 279 1059 410 dem brunnen und der Iri
304 338 1143 487 aber ein man, wellchen er onh
1070 384 1135 439 g
304 380 1197 536 In das gestüd gezogen und vermeine
293 427 1181 578 denselben mit laub gedeckt, ernind
293 476 1156 614 unnd umbgebracht, habe aber ime
306 531 1103 647 in einher wag nitzit darzu
310 579 1157 704 geholffen, jedoch von den by inen
312 628 1195 759 gefundenen gelt allwegen seinen antheil
310 689 1158 812 überkomen, welches er angentz in
340 747 1150 842 men hosensack, dariuen er iier
324 799 1172 909 gelt ghan, gethan, derowegen nit
311 865 1157 963 wugen möge, wienl deselbigen
303 910 424 979 gsin
388 1042 1135 1141 et abermalen hochgenant
326 1082 907 1184 rd g umb verzychung
251 1291 1114 1391 Ist den 2. jenners zum ersten lar,
299 1358 1096 1426 haum anderen mit dem bleinen,
293 1415 1137 1469 zum dricten mit zwegen, vnd zum
294 1468 1098 1537 mierten mal mit öryen steinen
300 1515 1152 1600 uffgezogen, wie auch volgents ime
298 1565 1134 1652 der vierte stein zugehenckt und
325 1621 1118 1679 er sig zu ufflupffung aller rier
303 1663 1163 1753 steinen nochmalen uffzogen worden
268 1749 1155 1855 Vorgester aber allein lär und gester
323 1822 1116 1887 auch einmal lär, und des anderenn
305 1864 1149 1940 mals mit dem kleinen stein ufgezogen
313 1920 1164 2003 worden, (idtemmal er gantz tringen,
271 1953 1170 2060 lich angehalten, man inne nit wylers
307 2013 1182 2109 uffzüchen laten wolle, dann er nitzit
312 2062 1173 2171 anders zu bekennen wige, sonders wellh
309 2105 1110 2217 uff dieem bekenten verblyben unnd
309 2140 1173 2279 sterben, ist aber gantz wanckelmütig
282 2237 856 2340 such hernach im 1. bat
621 2534 674 2603 E
345 2696 628 2882 E
2183 102 2280 192 87
1394 113 1963 328 d euells
1384 225 1881 377 lendugm
1306 284 2285 567 shäbenmäsigem benelch und in by sy
1326 370 2235 596 fuorgedachten menes hocheherendeme
1312 409 2195 651 Eich Bueckhardt Juschers det Rhats
1328 498 2256 686 guß anthon Killiers der Gürgeren
1322 548 2175 727 und s Brogweybel heütigs sampt
1319 616 2146 763 etlichen weiblen un g Dienerenne
1699 663 2173 759 ags als den 23.
1306 712 1684 813 ward gesterigen
1299 690 2203 889 januarii dig 1630 jars diyer ward
1316 768 2193 922 deer Jchen Ghmallik zu wlarzieen
1316 839 2170 974 iderumb wort ernsthafftig, wie
1314 887 2127 1020 ouch mir der Marter befragk,
1303 969 1985 1085 allda er wyters verzachen
1286 1068 2220 1171 Namlichen hwobanzogne dienen
2133 1134 2284 1189 eihal
1311 1123 2126 1220 Susanna mit welcheren er sich zu
1309 1180 2289 1264 unküschheit vertrabt, sye domalewrohe
1308 1232 2124 1330 gsin, wyl sy aber iren man inn
1303 1278 2196 1363 zweyen jaren ne gesechen, hate sy
1321 1328 2267 1417 Ime angemutet Jra die Ihn zuuer¬
1319 1408 2195 1464 sprechen, wellches er dann gethan
1324 1446 2195 1509 jedoch vorbehalten, wann zu man
1337 1489 2203 1573 todt sye, als aber derselbige glych
1325 1531 2188 1611 hernach wider auhein sch wordenn
1315 1587 2196 1691 hatene sich anderstwe vrerehelihet
1319 1681 2152 1765 mnach habe er sich noch reerners
1261 1729 2250 1850 mit hienachgeschribnen Wyboperso¬
1283 1780 2129 1883 onen zu unbeschhen vergangen.
1295 1819 2207 1980 Alls namlichen wie er verehrlichet
1308 1898 2264 2030 gsin mit frouw Cara Tysen, doma
1279 1946 2207 2055 len mirei im statthug zu wilden
1279 1980 1743 2092 zum fünfften mal,
1295 2081 2180 2232 rediger wys mit iren etlichen
1291 2123 1668 2217 die er nit kenne
1278 2176 2197 2330 In sunderheit able mit Iren zweyen
1289 2240 2197 2369 vnuerhaliheten wyls persionenn
1294 2275 2150 2417 so zu murten wonendt, vndadie
1297 2334 2191 2487 mie alhie uffgeschmeitzt worden und
1279 2363 2097 2515 die andere verenen haiße und eines
1280 2404 2060 2601 schiners daselbsten dochfer sye
1263 2478 2209 2697 Item auch mit der Jenigen, welcher sin
1263 2542 2156 2757 Acrusator Gomerb alhie gedie ehr
1273 2608 1893 2769 ersprochen, wie vermeldet,
1232 2666 2276 2906 das dann ddir jeigen zweie suphoge
1275 2716 2147 2933 brämer, wellche er getodt zu haben
