1558 3257
978 36 1088 112 103
463 95 584 164 16y1
98 107 1103 243 Andtschlagen und uberigem wie er hienow
149 140 1070 316 beshenden, verhliben, und waß daß uffscheyden
166 212 1067 364 einer schwangeren frouwen antrifft
24 267 1080 485 ab daßelbig allein von obgedachtem eegauwer
166 364 641 482 eidtli Hören sagen.
150 430 1080 571 ättendt beidsamen gott und ein hoche
153 467 1134 650 oberkheit umb gnad und schoschung
136 630 1086 792 sind beid uff abtrag eostens, dan er Berg
161 693 1084 832 allein bezallen soll und ein gutte consul
158 812 468 908 ledig gelaßen
320 989 781 1106 ichel oien
325 1087 570 1161 von Teil
128 1220 1080 1347 Abermalen ist hochgenampf u g abgangnen
160 1302 1056 1407 beuelch durch den ehrenüesten etc. H Wilhelm
162 1355 1118 1474 Hirtz deß kleinen natzs und h gotoßweibell
156 1409 1112 1527 fruttig gesterigen tagsgnug geschechen und ver
158 1490 1081 1596 mag deßelben anhell müller von Leub
170 1555 1115 1658 synes vußiggängigen, ein vnd widshweiffende
146 1612 1123 1731 Bubweßens halben gantz ernsthafft i mit
147 1673 721 1782 wordten befragt worden
150 1754 1093 1868 Welcher bekehendt Allwyl syn vatter glept
163 1830 1116 1936 habe er stätts by imme zu synem deßvatters
156 1894 1103 1991 gutten stuügen gewärchet, alß er abervor
146 1959 1088 2065 ungefahr zweyen jahren tades verfahren, sye
152 2020 1100 2117 er nag synem thodt jeder zyter der
115 2081 1009 2190 arbeidt al� toschens und andeer
119 2148 1067 2248 rbeidt nachzogen, wie ei dan verschinen
143 2221 1096 2317 samers uff Ongsten zberg g'sih und alda
162 2278 1099 2387 sich erlich fürgebracht, und alß er harnach
150 2314 1094 2449 ober nomen, daß ime zu Schwantzen burg zu
122 2389 1109 2511 troschen werden, sye er dahin zugan willens
148 2446 1098 2569 gsyn und domalen an dem Schwartz waßer
149 2512 1046 2622 gefangen worden, sonstes habe er auch
154 2570 1123 2698 wehren im windter by Jacob Fifias gelienet
128 2648 1099 2746 wie auch dem Aman zu Rünsigen getroschen
122 2692 1053 2818 knd begere sich noch städes mit gott
