1234 2901
139 69 262 143 108
368 103 1203 215 einem jahr allhie gsin,) waß vehruner
363 181 1203 292 Anbelangen suge, daß er einem könne zu
376 236 1187 356 eßen geben, daß der selbig st�len müße, item
369 302 1212 429 daß er ein schwanger frauw ufschnyden
364 378 1209 485 und darumb zu Sollothuren gfenernch ynzogen
364 454 1216 578 worden, item da� er obgedachtem Ulli Gen
392 523 1197 628 zn eßen geben, daß derselbig nit von ime
372 565 1207 700 laßen khanne, dißers alles werde sich gah
363 654 1196 766 lnner mehr erfinden können etc. Zwars
860 721 1006 763 naher
376 724 1202 843 eß nit ohn, weder das ermalen mit
375 797 1200 908 dem gedachtem Berger und einem ergaumen
329 859 1196 978 meütl alhie aum lientz getruncken auch
352 919 1197 1031 volgenets mit inen in den oberen ziegell
329 987 1190 1098 Hoff gangen, die ursach sye aber gsyn, dah
344 1052 1192 1177 man inen anlaß geben habe, sy anzustellen
365 1144 1188 1224 eerchen, daß eie sich aber mit dißem
442 1193 485 1234 11
343 1184 1187 1303 ergauwer Meidrli unshunscher weyß ver
346 1265 1189 1374 gangen, daß sye auch gantz und gar sitt Eß
369 1327 1197 1452 seye auch erst acht tag, daß er von obgedachte
354 1396 1186 1515 synen un ußgeschanden und habe schon an
357 1468 1191 1578 bereith einen anderen m zu Cappellen
323 1550 1188 1653 Hiffian genampt versprochen, by dem selben
312 1599 1194 1720 wolle ei auch dißer tagen antretten, wi
318 1678 1201 1797 dan den offtgedachten Ull Berger, der iu
314 1751 1195 1872 Also hoch wie vermeldet angeben, antriffetn
285 1827 1188 1934 vos demselben wüße er gutt boßes, dann
352 1910 1188 2012 er habe in seie weder Ißmalen
345 1986 605 2075 gesechen etc.
326 2085 1177 2235 Aß nun haruff sy beid gegen einanderen
344 2188 1187 2307 ghalten dem cnfrontidet worden. Ist mar
352 2262 1174 2360 erzelter UUlli Geieger by sy ned uff zur
317 2319 1178 2435 Waber gethanen angeben verharred
338 2408 1169 2506 harnach aber, allß man ine einmall
304 2456 1167 2577 fähr und deß anderen mahls mit dem
336 2531 1158 2636 kleineren stein, wie diß auch an im
341 2594 1159 2700 wäber erstattet worden ufgezogen
335 2661 1164 2760 gottte ein jene waber, aller uff ju
334 2730 1157 2846 hienor gethaner ufflagen gentzlichen
