2448 3264
14 116 76 229 6
227 174 336 277 R
346 231 1104 372 gvolgende kundtschafft ist uff begeren
242 274 1107 427 Hanß Hoffers des müllers im Golgbach durch
241 329 1096 491 vor und wohlermelte herren, In form und wys
244 389 1088 558 wie die vorgendere auch wider vorgedachten
222 439 916 552 Thomas Kdtli uffgenommen worden.
352 528 1012 668 Allbrecht Moser von Kleindoth
394 631 996 746 In der kilchhöri siglen halet.
232 667 1124 838 vor ohngefahr vier jahren sye Thomas Adeli zwar
238 763 1140 903 vor syner verwysung offtmahlen by imme eho syner
249 823 1121 953 hußhaltung gsyn und hernach g Rundten zogen
235 898 1127 1025 wie er aber wider heim, auch in syß gezüget
246 952 1127 1080 huß kohn, habe er gredt, habe deß Müllers sohn
244 1003 1139 1121 ins Golgbach in pundten ein musgieten gäben.
245 1076 1132 1192 dannenhar syend sy imme etwas schuldig und
248 1137 1118 1255 wann yn inne nit zahlindt, so müßindt sy
260 1178 1154 1314 imme werden oder er welle ihnen ein wyher
263 1268 1098 1353 schmach anthun, daß sy wohl wardnt an
256 1318 596 1395 inne deneken etc.
258 1367 1102 1471 ählet verners er Thomas Ratp, habe
268 1440 1110 1546 eine gantzes Gricht by ihnen gscholten,
232 1519 1093 1592 wegn daselbsten die urtheyl vntagen
256 1557 1062 1654 daß er das recht versicheren solle, in
255 1615 1063 1702 dem er gheit, maht halte imme nit
275 1671 1052 1746 gricht und recht, und wann er
267 1713 1080 1803 chon 100 silberkronen hätte so wölte
264 1777 1086 1865 er dach solliche bürgschafft nüt desto
268 1830 796 1920 muber nit geben.
354 1892 975 2017 Maritz Zingg von Worb,
504 1988 686 2067 züget
247 2016 1144 2106 alls er vor etwas tagen mit dem müller
277 2081 1132 2190 Hoffmahn vor den wäberen allhie gredt,
281 2126 1102 2233 ye Ehamea Adcly ohne einiches wort
272 2170 1125 2274 reden, unversachner wys dahar kommen
285 2246 1119 2347 ys dägen theyde hinwegg geworffen,
270 2280 1132 2400 vnd habe also berarten Muller vff syn
260 2326 1137 2466 haupt ghoüwen, daß derselb nideraffag
262 2385 1156 2513 und alls er also gelegen, hotcwe er e homat
272 2452 1125 2576 Adeli imme nach ein größere wanden
260 2495 1123 2637 Es syß haupt mit vntelden Müller
269 2577 849 2670 bist da mir zett werde.
326 2627 950 2742 Samnel Galey Burger
440 2689 849 2788 allhie, kählet.
247 2710 1134 2849 Alls er das gstüchel vor den wäberen
278 2768 1150 2914 gsächen, habe er ghört, daß der s grichtsche
278 2824 1140 2954 der jitziger svogt zu Wangen, gseit, nach
278 2884 1137 3010 solle den müller zu einem schärer führen
1245 180 2223 398 und allsmahn denselben also die statt hinuff füre
1270 280 2191 457 habe Thomas Adteli, der schon in den handen
1274 333 2248 498 der weyblen war, dem müller nachgeschrauwen
1267 399 2194 567 zu Schelm, du dieb das ist noch nüt ich will der
1832 418 2259 555 habendt rendt
1259 524 1615 617 wohl mehr geben
1280 537 2030 668 allersyths ihr kundtschafft geendet c.
1239 681 2030 830 Tomas adeli hienorgemelt.
1202 850 2239 983 Hemnach vor etwas jahren uß bevelen
1288 920 2232 1040 mahres und oberen (gegenwürtiger) Thomas
1285 975 2293 1120 Abeli synem fürgeben nach uß franckrych pertig
1288 1057 2259 1166 von begangnen unthaten wegen zu signouw
1288 1086 2235 1231 mit ruthen ußgeschmeitzt und volgendts mit
1291 1155 2286 1290 von ihr g stetten landen und gepietten verwisen.
1290 1238 2267 1349 worden, Hatt er sich hernach mitdestonnder
1291 1293 2295 1414 ungeacht synes gehegten sydts zu underschidenlich
1308 1374 2264 1466 mahlen und sonderlich auch vor ohngefahr dreyen
1307 1427 2288 1521 wuchen allhie in der statt finden laßen und damahl
1310 1482 2296 1570 vor der gsellschafft zum wäberen ein gwüße
1307 1551 2238 1645 betagte Mahnspohn, wegen gegen ders
1313 1612 2226 1712 gehepten uffers und unwillens gantz
1318 1670 2221 1774 unnersachner und ohne alle gegebnt ursach
1307 1732 2269 1828 schandtliicher gwalthätig und gräffnerwys
1313 1793 2242 1893 angriffen und mitt synem wehren dergshalten
1309 1855 2288 1960 hinberrnckt, daß dieselbige hardfelltgworden.
1306 1890 2281 2021 verwundt, darumb er dar domohlen, In Ihr
1318 1969 2306 2081 g gfangenschafft gelegt worden. Wann
1304 2019 2251 2147 dann haruff auch hochgenant, an g hrem
1314 2071 2282 2206 von ihrem amptsmahs h vogt zu Signouw
1312 2150 2263 2277 bricht empfangen, daß diser thomad Adel
1327 2197 2300 2356 y des imme zu Signauw geschächnen ußschmeys
1317 2246 2247 2415 und verwysens wegen imme nik nur hoch und
1320 2299 2252 2472 schmachlich wie auch ehrnerletzlich zugredt
1333 2374 2251 2544 sonders nach gebrëüwt, inne umb syn lyb
1324 2410 2236 2616 und läben zubringen, ouch solle er solche
1309 2480 2302 2682 schmach eherürige und trowwart ebner
1321 2542 2304 2763 maßen, gegen obuermelter wandtgethanen
1309 2614 2264 2824 ssohn, vnd derselben Sohn Vßgegoßen haben
1301 2677 2295 2910 werliches allses aber sich durch beydersyths
1321 2722 2305 2988 habende kundtschafft gnug samm erscheynen werde.
