1206 3040
1054 37 1145 108 60.
74 79 1155 235 Erzeigt sich dißers anklagens oder an-
127 143 1093 251 gebens gantz unschuldig und attet
149 208 1144 319 hochgenant vn g erung und flachen
97 257 1124 372 lich umbgenad und verzychnung
124 316 1129 473 Ist zum ersten las, zum anderenn
165 387 1121 484 mnit dem kleinen, zum denten
157 451 1069 540 mt zwegen, vnd zum vierten
145 483 1161 595 mal mir dryen steinen uffzogen
152 548 1053 646 auch volgendts ime der verdte
163 593 1075 711 stein yngehenckt und er biy zu
141 640 1130 746 ufflüpffung derselben nochmalen
136 720 651 820 uffgezogen worden,
48 847 1124 999 Wg wollinde auch zu gemüt füren
133 934 1096 1029 wann er ry begirdgalts, zu einer
143 985 1111 1085 söllichen unthat geholften oder ouch
130 1047 1084 1162 dieselbe selbs verrichtet, hette er¬
143 1117 1076 1216 ahe sines S. Ime vertruwete
135 1180 1135 1276 gelt, das zu villmalen meer alls
161 1218 1098 1311 23 oder 4000 l gsin nemmene
144 1274 1154 1392 mögen, Wylen aber er unb dotzel¬
137 1336 1132 1434 bige gelt gemeltem siein herrenn
150 1390 1109 1497 jederzyth zu gutem vermigen
158 1451 1112 1550 eherliche rechnung gehalten
171 1514 1144 1594 so konne man hernswol abnommen
139 1569 1127 1664 das ihme degorts von dem gemelten
153 1631 1122 1732 antet gant unrecht und ungütlich
143 1683 390 1746 gescheche,
143 1723 881 1817 kuch hernach in 10 blat sin straf
223 1771 1039 1858 Herena Lutheren, hievorgemelt
682 1846 743 1887 2
159 1833 1114 1944 uff Montag den 17. christmonats
148 1902 1070 2036 lest abgeloffen 1629 jahrs gebysyn,
142 1988 1161 2123 gegen wirdtigkeit und ohn hören der ehren
123 2037 1099 2173 resten fromen fürnemme, fürsichtigen wohl,
137 2119 1078 2224 geachten wysen herren damels von Weerdt
151 2180 1152 2313 des kleynen rahts h Großweybell feutigs
130 2242 1119 2381 rndetlicher weyblen nyner gnädigen herren
127 2323 1124 2461 und oeren dieneren hat gegenwerdtige
132 2384 1075 2527 Verena Lüthenen von Ränffli in der
135 2478 1092 2591 landtvogte Trachselwaldt zu Marzili
123 2553 1052 2679 an der marter bekendt und vzächen
98 2660 1089 2804 Wie daß sy vor etwas zyts mit hilff
157 2760 1016 2863 und durch an wysen einer anderen
135 2818 1133 2932 wybs persohn, die Satler Elsi genampt
133 2880 1118 3001 zu hochstetten uff uß einem huß all da
