1266 3175
1126 45 1208 112 29
127 68 1215 224 gehalten, also das niemandt ab fra
118 150 1175 293 klagen worde, sidl auch das sy ver
111 190 1144 357 gangenen hinwens von Sigfouw
116 247 1185 400 krum hab sy sich eig anhöre ebner
108 307 1225 455 mogen woll getragen, wie sy dann
147 365 1186 501 sollches in daskunfftig puch noch
94 411 1149 585 wytero thun wolle, Aber das sy
87 474 1126 623 nechermalen alsie im Eiberent
121 540 1172 672 Eiegeschof by den jelzigen zweyen
136 584 1160 738 gefangenen Ulli Berger und Hans
125 638 1106 785 Wäber bid obgemelt, dahin sy sich
126 686 1213 842 zu wärmen gangen, funden worden.
102 760 1213 912 das zwon verdächttg, habe aber sich
126 807 1227 970 weder mir denselben, noch ouhande¬
-2 888 1167 1027 aen wan gsellen uff peger gstalten
116 938 1176 1098 vergangen d Bitotsouch umb
120 1025 870 1154 gemand und verzychung
-6 1082 1111 1223 digere wrybsperson ist uff dem 13. tag
4 1125 1187 1280 decembtis 1629 uff ein starcke und
33 1184 1200 1341 scharpffe censur uff Fryen fur gestelt,
15 1273 1218 1411 und zu redlicher und eharlicher arbeitt
-10 1334 1178 1461 vermant und gewißen wordenw
297 1625 1020 1856 Iells Buchs von
111 1885 1213 2004 Senn Fryburger Gebiets woleder
781 1950 905 2007 estarn
122 1984 1198 2040 verschiner tagen, durch die profenn
158 2016 1194 2081 von Zollickhofen gefangen alssar ge-
137 2047 1214 2142 fürt und vorgesterigen tags uß kraffen
154 2099 1241 2190 u g bemelchs durch die eheremüesten
154 2151 1171 2219 H JoHans Kaller, des kleinen schats
145 2200 1210 2290 h Castlan Gut und h Grocweibel
154 2250 1202 2330 frütig sines gantz verdächtigen und
157 2293 1150 2383 mütziggehendens labwäsens halber
158 2342 1251 2445 alhie zu Warhili erstlich mit worten
144 2398 1231 2492 und volgendts auch mit der warter,
150 2443 1105 2528 ei amitiert worden, bekent
30 2501 1243 2655 Wie das er vor etwas jaren zu Jonn
170 2602 1153 2694 in sinem heymet, einem zwen käsen
159 2627 1245 2746 entfrombdet und dieselben istialg freyn
148 2687 918 2801 erd von alllmitz vertkoufft,
118 2756 1235 2896 Item Hans Dyreller zu Glasfeyen
153 2816 1181 2940 als derselb uff der allp ysin ein bar
147 2857 1157 2995 hosen uff sinem staffel genommen,
119 2930 1206 3126 eer an einem gerüßen ort ein geitz
