1191 2892
1005 57 1102 150 140
129 151 1098 305 ober diß hatt er auch bezächen, daß er den
202 211 1115 335 imme alhee gegebnen sydt uß hochgenampt
177 301 1097 385 sr g stetten und landen zu verblyben,
134 330 1105 453 und nit mehrharm zu tretten, mit wider
187 408 1139 525 hirintreettung globlichen ubersechen gwtet
153 476 1095 592 Also umb geschribne syne mißlandlungen
182 539 1064 654 Vel 1t umb grad und bezychung
163 649 1088 796 st 2 fär 1 mit dem kleinen stein uend3
169 762 1051 870 mit zweyen steinen ufzogen worden.
227 1396 889 1546 Hanß Zeuggen Wie
260 1511 832 1628 er sich namsede vergicht
62 1615 1033 1767 soß benelch vg istmontags den 21
106 1704 977 1852 junii oo der verhaffte junge gselle
117 1788 1030 1910 Hanß Zongg von dem alten zanggen in der
101 1838 1025 1965 Er by trub uferzogen worden, uber
71 1917 1020 2051 marettz flüchinger an syn hasfrauww ge
96 1999 1027 2104 thanes schryben in welchem urvermeldet
103 2047 1006 2191 daß gedachter zangg ime etliche sacheent-
94 2120 1011 2257 fr�madet und darmit ußgeweßen sye
100 2188 1005 2329 auch habe er vernommen, daß seie sich von etlichen
86 2248 1004 2401 jahren mit einer geiß vergangen, auch zu
96 2330 1002 2462 Wrachselwald darumb gefangen gsin
80 2375 1057 2535 und wyl zu besorgen, er sich mit synen könen
60 2454 1047 2610 verstrabet haben machte, so solle sy dieselben
91 2511 1031 2680 ßerkhauffen, durch die ehrennesten
63 2577 1005 2753 Herren Johanß Halleren deß kleinen.
739 2725 934 2832 raths
