2448 3264
1796 41 1900 112 113
980 135 1689 300 deboldt Erschlibacher bin
987 241 1665 377 vermeinter Ementhaler
971 347 1882 525 iewyl gegenwürdtig dieboldte Asplibach
975 432 1874 591 gnem vrmeinen nach uß dem amenthall
955 488 1873 628 aettig, vor ungefahr veier jahren, in ein
947 558 1887 724 söllichen schandtlichen bößen und vekehertten
941 630 1878 767 Willen ger�tzen, daß er unmehr von Ruretten
963 708 1910 827 ein pefrauw, in abweßenhent ihres ehr-
955 785 1920 897 mans bynacht in trnnchener wyßnoh,
957 857 1861 977 zwingen und also ihrer ehren halb vergellen
986 920 1895 1027 wellen, alß ist er domalen zu Murtten
960 997 1846 1105 gfencklich inzogen, und deßen, wie auch
974 1053 1854 1170 gnes lab weßens halber, mit der
949 1120 1893 1238 martter befragt und examiniert worden.
950 1200 1882 1294 daselbsten er nott allein anzognen begendrene.
958 1226 1925 1371 und vorgehepten rottzwang bekehendt, sondert
972 1330 1893 1437 auch noch hienachgeschribne diebstal umb
967 1393 1865 1491 elcheren willen er zu signoumb in ge
962 1445 1899 1567 fangenschafft gelegen, aber mitt vehrners
970 1527 1875 1609 gestraffen, sonders uff ein gutte ensum
967 1580 1777 1702 tedig glaßen worden versuchen
887 1670 1852 1851 Samlich daß er mit Christen Nüwenschmeand, synem
950 1783 1646 1904 gesellen, wey imbten endtfrombdet,
935 1868 1862 1999 Item mit einem anderen gsellen, so uß dem sider
935 1961 1857 2085 kand gsin und ein etlichen malen veier imbdten
951 2022 1147 2129 gestholen.
950 2109 1846 2258 seine erselbs ein leib brott zu underseewen
950 2169 1172 2253 genommen.
885 2241 1842 2390 Hüber er mit hilff berürts synes gspanen.
922 2321 1851 2460 zu Langnomp ein ballen ancken und by den
937 2400 1880 2533 zweyen pfunden ziger, sampt noch ander halben
922 2449 1309 2554 k�ß entwendt
909 2578 1869 2706 Demnach im Eschangnauk haß einem willer
894 2645 1895 2780 welcher anzahner syn gsell mit einem gentelle
928 2718 1760 2827 geoffnet ein gantzen behaß und ein
