1268 3108
132 81 226 153 170
420 95 1070 216 Hanß Jacob Bor
424 182 1080 260 Winiß, uß sein tenderen soben.
463 232 1027 327 thall vrauht und Ber
583 298 965 407 klandtnus
352 456 1241 542 irener den 4. Jannuarii Anno 1628
373 512 1241 620 Ist der woben zerhaffte waaß Jacob a
521 567 614 614 alhie
349 577 1213 690 Genuß, gfengstlich inzogen, sihi durch
414 635 1169 736 ine bekhendt worden, wie
501 709 698 783 Bolget,
870 704 1162 817 Lämlichen
307 876 1234 1025 daß er mit hilff eines anderen jungen buben
332 960 1240 1091 imselben sumner Baltli Strüg uff der alp
337 1020 1237 1146 so s dem Staffell, ein nach scheiden 2 f jugeli
352 1077 1053 1197 und ein stuck ziger gegonen,
338 1237 1217 1362 Item Hanß Wysen wysen zu Winiß
362 1315 1212 1427 mit selff senes gspanen steffen kantze
337 1391 1214 1491 In spycherbrochts und Jaru 4 Stacke
329 1454 1237 1559 Ancken und etliche fürschnitz entfr�mbde
345 1521 1210 1631 Inen aber widerumb abgejagt und
347 1584 1086 1690 dem weysen alles wider worden.
339 1723 1226 1856 sem heren sammel Frondemeych synem gewelt
323 1819 1228 1930 H ein de den und ein bschlagen weßen
338 1869 1220 1993 so ime aber wider wordey
339 2064 1203 2182 ossman dem müller mit holff synes
353 2141 1216 2247 g nntn ein ehrmenhaffen auf samen
303 2196 1221 2308 bein ein wurst, auch uffzytt nacht
332 2258 1188 2372 ime uber den rendelbaum in die
318 2317 1229 2443 mill gestigen und daruß 3 mäß mül
332 2391 1216 2506 und 3 jmaß Anlishorin entfrömbdet
278 2529 1197 2671 Icwytzer dem müller mit solff synek
345 2622 1221 2720 gpanen deß kenetzen uß dem Galler
340 2683 1229 2800 etliches schmar und sehder ein loßen
336 2744 1081 2864 sach mit apfell genommen
