2448 3264
78 151 170 232 44
231 154 1113 365 Ub. Francore Wil¬
371 300 1124 431 toni von saindt diden
371 359 1127 503 ein starcker sunger g'sell,
413 423 857 507 unnd kramer.
308 493 1145 612 Dochmalen ist gesterigen tags
346 562 1153 660 us ir d beuelch durch nunen
328 611 1099 699 hocheherende herren, S. Simon
251 667 1102 752 Wurstenberger, deg kleinen
311 721 1162 840 Rhard und h groyweibel heütig
306 783 1159 875 Emn Junger starcker, vnd zuuer¬
276 830 1152 910 bringeng diebstalen und andere
311 889 1116 977 unthaten gantz verdächtiger
328 935 1152 1018 gsell alhie zu Wlartzici exa-
296 995 1151 1065 mimort, welcher ouch volgtende
344 1053 1137 1116 artiekel vor der marter an¬
299 1100 1107 1194 geben, vnd dieselben hernach
347 1157 1149 1246 ouch mit der warter bestätiget,
334 1205 1159 1303 one angebung anderer vnthaten
267 1320 1119 1446 Alls Cunr ursten das ervor
340 1417 1086 1507 etwas jaren oder zyts, wid
329 1474 1107 1567 einem genomt Jdembet anderst
340 1523 1148 1603 konne er Inne nit nambsen welch
340 1574 1080 1656 auch zu Fryburg mit ruthenn
328 1609 1176 1709 usgeschmintzt worden zu Geshida
285 1659 1164 1757 oder Grißach von einem Bachofen
334 1731 806 1831 7. f brodt genommen.
805 1753 1145 1852 ttobtadt
318 1786 1124 1920 So habe er gefangenen, solle zum
335 1871 1158 1966 thurn hinder Fryburg ein gschwr
329 1930 1017 2012 vollen vydlen entwendet,
296 2000 1143 2105 zu Birrn auch hinder Fryburg,
313 2069 1095 2152 2. Kus und ein anckenballen
267 2116 1157 2261 zu alontecssice glychforung hinder
321 2205 1168 2310 Fryburg 77 brodt us einem keller
328 2251 1090 2343 welcher, wie auch andere darus
347 2310 1147 2412 obstehende sachen genommen worden,
346 2358 1144 2452 durch die nren geöfnet worden
326 2431 1110 2538 Von welchen unthaten wegen
352 2474 1094 2578 were er hieuor zu Fryburg
360 2517 1123 2628 mit ruthen ußgeschmeitzt, ouch
340 2580 1104 2709 Ime haruf der eydt von stat
338 2601 1155 2738 und kant daselbsten gegeben worden.
283 2661 1136 2814 welchen bydt (leider) er anderst
323 2715 1127 2852 zu genne geturt weder das er
338 2770 1137 2899 denselben ungeschucht mit wider
333 2816 1079 2975 yntretung ubersachen, Guch
2138 92 2258 196 45
1302 167 2166 394 hernach big uff dato volgende
1302 237 2239 443 unehaten begangen, vamlich ei
1275 292 2238 534 zu Orens hinder Fryburg 7 lb.
1217 372 2273 630 geancken, daselbsten mit ime gfün
1352 465 2265 641 in frauw einer heist Hans ein
1337 500 2287 699 anderer bendichte, welcher auh zu
1337 572 2283 767 Fryburg ist vggestrichen worden.
1322 640 2295 829 und sin soll ein kleine person mit
1335 716 2263 875 einer rothen nahen, schwartz ei
1339 790 2283 962 har einem ohren ghenck kutten,
1320 849 2316 1002 merten hofen, vnd einem grauwen
1334 898 2302 1072 hat, Item ein anderer heist Landt
1346 964 2311 1138 de proz hinder Fryburg ein ander
1324 1059 2304 1187 rer heist zdurs von S Wartin do
1329 1098 2300 1242 Pauld, ouch hinder Frybinger gebiets
1314 1181 2280 1281 welche allsamen berürte gestollnem
1358 1225 2278 1329 ancken zu Orindts mit einanderen
1336 1325 1508 1412 getheilt
1323 1301 2290 1492 Kagw haandt die ogema
1363 1451 2205 1545 Veter Buch Gladi de Ctosar
2206 1470 2253 1539 9
1348 1502 2314 1574 und er gefangene sampt siner froüwen
1346 1571 2317 1641 zu Guschlmnut Fryburger gebiets.
1353 1606 2281 1690 einer witwen daselbsten den spynher
1342 1654 2283 1746 vffgebrochen, vnd darus dey Kuce
1346 1706 2305 1811 rol ancken gestalen ungefar by den
1340 1771 2283 1835 27 lb rysten und einem halben pfundt
1352 1809 2300 1898 ulkf biechssen bulffer, sampt etwas
1330 1857 1876 1941 wenigen blys gestolen,
1318 1917 2284 2075 Veerners haber, mit hilff eines heist
1334 2005 2306 2136 Peter hat zu Uinisdienet eines anden
1318 2060 2238 2179 eren heist Rudolff beiden bruderen
1322 2093 2239 2252 Item eines drween heist Hans, ist
1327 2167 2280 2299 von RosaumnpBnurer von Brand-
1327 2197 2222 2341 sanx durch ein käller muren
1342 2272 2249 2412 gebrochen, vnd rc dem Kaller acht
1339 2298 1712 2396 käsen gestolen.
2048 2416 2260 2499 kansen
1297 2377 2299 2584 Item mithilff jotzgemelter wy
2098 2478 2298 2534 osane
1328 2453 2303 2643 gfen zu Nofflid hinder Fryburg3
1330 2526 2284 2714 achtröck un einem spycher genomen,
1338 2585 2291 2763 nit sampt 2 lynbachen fünf brodten.
1324 2611 2266 2814 jedene eüe bar schrich unnd ein hemnd
1321 2668 2285 2860 welchen spycher berurter Hans von
1321 2756 1638 2870 nits geöffnet
1322 2695 2299 2929 losanes mit eetragung det schlange
