1166 2989
66 39 149 126 96.
273 75 1170 227 uff geschlosen, mit den anderen zu
235 162 1169 278 den en trag ge�ffnet und aus dem
205 219 1170 355 selbigen zwenrocken wen klobenwär
195 299 1136 418 Wierellen thach und ein totzet nasen
239 360 1138 481 lumpen entfrömbdet, welches alle
240 429 1145 555 Iy zusamenpack und ahn bewetordt
249 492 1151 629 biss uff kumliche abholung versteck
252 576 1140 692 uff welcher that aber sy ergryffen und
238 642 1012 776 gefencklich ahngenommen worden.
239 756 1093 892 Item habe sy irer grossenter vier
213 845 885 954 seller zrigs thuch entzuckt
267 921 1082 1052 Vermes zu Burgdorff Elschlete
210 1006 1113 1110 Mutti ein leyb brodt, wie auch ops
211 1065 1128 1192 onderscheidenlich us irem baumgarthen
236 1168 470 1248 entragen.
270 1225 1121 1365 Vber dis habe sy sich mit Honi Groß,
225 1317 985 1433 sin unkeschheit uppig verglangen.
206 1394 1126 1555 Wie auch noch verners sich fleischlicher ver
211 1493 1124 1630 ischet mit thoi kr Röschi von Rote
191 1573 1108 1689 schmeidt irer schwöster Schwager der
227 1640 1130 1752 selbig hette tra aber die Ehe versprochen
214 1712 1092 1835 uff diere ire bekandtnus Jrigs do
212 1795 1100 1892 malen sicha zwostendt un d Schalsyen
215 1863 1121 1977 erkendt unnd dem nach mit dem eydt
212 1928 1125 2054 für dero Bärgeren zill in ir henmet
198 2001 552 2113 wysen laßen,
201 2085 1108 2208 Unbetrachtet nin disers Ires bÿdts¬
169 2190 1109 2293 Ist sy diser tagen alhie durch die stafft
1008 2267 1094 2314 noch
188 2251 1110 2374 geheßen, wie auch alßo hernach stadt eine
205 2321 1116 2423 anderen frazu Chen von Statt und and
17 2386 205 2437 gegebenneme
50 2415 186 2466 dts gt
177 2414 212 2465 sy
209 2388 1094 2517 gegeben stat gan Hapsteten gezogen,
11 2447 206 2505 digr tagen
20 2482 184 2530 duach die
208 2437 1096 2579 und alls daselbsten auss einem gadenei
7 2504 190 2565 stat alhie
212 2515 1099 2626 rockentfrombdet wellen, gefunckt
189 2576 1097 2701 aller gefërdt und uff samstag den
193 2638 1098 2780 dis monats janners daß 1630 jahr
175 2708 1110 2851 I ir g bemelich durch die ehrrevete
178 2796 1095 2929 fromen fürnemen fürsichtigen wohle
