1148 2788
16 100 89 165 68
5 529 143 588 ahrolge
11 566 69 615 anh
47 1854 207 1926 blangene
48 1908 202 1957 Aūch hernach
60 2284 136 2342 g
92 2342 165 2426 2
55 2480 121 2541 ande
156 133 1077 257 lüegen, welliche ein solliche grusamme
159 189 1062 302 ghat und sach verbringende, dann
157 233 1039 341 ime solliches den tag sines lebenns
166 283 1064 374 meinalen in sind köngen, er gschwyge
193 334 1037 418 solliche im wercksselbs verbracht
153 385 1033 476 zuhaben, vermeine aber ermelter
159 432 1032 519 Wonrtoh inne rs nyd und hat unnd
158 472 1059 562 von degenewegen werde angeben haben
164 515 1039 607 Alls vor etwas zyts er gefangene
163 570 1092 651 Inne Gourbil alhie vff dem Blatz
168 612 975 694 da er abermalan mit obgemelts
183 653 978 748 h seckeli sigens wyn alhie
188 699 1007 787 gewesen angetroffen, wellchenn
184 736 995 825 geweder zuuor, noch ouch hernach
176 783 1064 871 neinalen gesechen und noch gekent
207 832 1061 913 in er zwar domalen gegenwurtig
188 878 1034 978 ysin als derselbige einer gwüchen
202 934 1007 1015 yss person wars genant von
174 971 1060 1050 Anwembtirg, die Ehe versprochen
189 1014 1056 1102 habe aber weder darzu geholffen
192 1061 1036 1153 noch ouch einichen genos etzens, oder
199 1105 1017 1183 trinckens dauon bekomen etc. in
221 1154 1014 1221 mer widerankunfft nun gan
218 1193 1035 1273 rosanen, habe er gefangene ann
208 1233 1018 1311 underschuldenlichen orsten gefragt
207 1286 1086 1358 ob man nit ein sollchen rot zuhhigen
210 1322 1112 1404 gekenne, wellches sich kurtz abgewichner
217 1368 1108 1445 tagen zu izern mit einer jungke
208 1420 1058 1492 ehrlichen vertobdt, da habe man
223 1456 1079 1549 sich ab diser Eheuersprechung ver¬
203 1512 1094 1589 wunderet und angetzeigt er courtet
231 1565 1053 1638 ye schon zu zuhhiang verehelichet
205 1602 1041 1684 undt habe daeselbsten wyb unnd
219 1651 1096 1730 Kinder wellcher offenbarung er ge¬
204 1709 1117 1763 pfangene also ein ursach und er gourtet
204 1737 1100 1822 willichter dannenhaar anlas genommen.
216 1791 1049 1861 Ime oberhelter mahen anzugeben
212 1821 1096 1909 vnd zuuerleiden, wie er Coritet af
215 1879 1069 1951 Inne alhie gesucht, vorhabens, wanner
225 1917 1083 1992 Inne funde, shmmurden möchte sols
228 1957 1109 2032 aber man ime sölliche sin versprechn
186 2007 1042 2063 nit glouben wolle, möchte er metze
222 2056 1090 2127 höchers erwünschen, weder das man
223 2093 1072 2155 eintweders Inne zu dem verklaget,
216 2149 1055 2216 soutet und inne courtet zu ime
223 2180 1106 2259 gefangen, sy bid gegeneanderen zu on
208 2226 1115 2313 ffontieren füren wurde, deger hochen sach
227 2287 1104 2358 halber die warhen zuuornemmeng
195 2334 1052 2412 Enlangendt, das er sich mit einer
235 2373 1124 2454 gewichen magdt, so jetzund zu gnm
219 2422 1129 2503 nen by den wygenkeüt denet oder
180 2468 1077 2554 zu unküschheit vertiefft sölle habenn.
242 2511 1131 2607 yn nit, dann obschon detere elagdt
237 2564 1125 2653 ein halb har sy ime gedienet, so habe
235 2618 1104 2704 sy doch neinalen nützet sotes toder
218 2660 1121 2753 unküsches mireianderen begangen
