1212 3143
1043 36 1137 95 23
83 80 1082 223 e Sambstag den ey auoust. 1629.
96 165 1165 269 Ward uß benelch myner gh durch die ehrennesth
110 223 1157 346 zu Kielaus dachsellhoff deß kleinen, item h under
104 285 1155 426 schwyber schnell und s Adwyg Boumgaetter sampt
85 338 1151 511 Der Großweibell heütting, als deß grosen rethis
102 409 1139 562 der gefangne petter abrahnn fornd von
91 494 1131 612 Losanna urdtig, alhie zu Marzili Abermalen
107 542 1149 674 mit der martter uber gezigte morct hätten
107 636 856 764 excaminiert, alda er vpachen
111 695 1148 827 obglychwoll er hienar belehendt, daß eie zu den
80 740 1166 908 fängen vordtatten, Jonalen synes alters by den
116 797 1174 967 zechlen jahren synem vermeinen nach nit einem stecken geholffen
102 860 1160 1022 Item synem vatter uß einer geraubten bulgen 28 f dieken
119 938 1156 1085 genomen, wie auch die zwey zeingen mannen, allß dieselben
115 990 1187 1140 h forneret angryffe wellen, zuhaldt ihrer gethanen vegacht
119 1073 1137 1197 abgemandt, sye doch solliches gantz nit, sonders die
107 1138 1178 1251 Strenge derwartter habe ine solliches zu bekhenen gezwingen
110 1166 1176 1313 und verogen, jedoch welle er dißmal syh leitzrumen und iy d
92 1256 1189 1394 arheidt anzeigen wie dißere sachen beschaffen, Bekhenden
78 1337 1134 1465 De�wegen alß er by den 10 jahren alt und also ein junges
124 1423 1154 1523 knab gsyn, habe er sich zwar by den jangen bewüchten
129 1499 1148 1572 zweyen manspsonen unner von dem clösterl st
128 1536 1189 1637 lantheynen im jürtten gelegen an einem orth la sollid
125 1627 1173 1702 genampt, finden laßen daselbsten sy die jetzge
125 1683 1179 1763 melten zwo psonen, zwen man angegriffen, auch volen
129 1723 1191 1841 gendts ernnrt und angentz in daß holtz begraben
112 1788 1170 1910 by welchen sy etwas gelts sampt einer sohn gefunden
113 1873 1181 1980 Welche beid sy hernach gekhanfft und von dem gefindnen
121 1929 1171 2031 gelt ime gefangnen auch etwas gelts worden, item
105 2012 1177 2104 daß dißere zwey auch domalen ein wybs psan an oban
120 2064 1126 2151 zogiemg orth angefallen und by ihro auch etwas
123 2122 1169 2228 gelts und züges gefunden, welches sy genommen und die h.
121 2185 1187 2286 gan laßen c. Daß er aber zu dem ein und andewen geholffen
110 2241 1190 2345 und selbs hand angelegt, sye gantz stt, dann er inen allei
124 2309 1187 2408 zugelugt, sonder wyl sy vatter sellig clanddfor
104 2379 1167 2486 nach auch by dem einen mnordt gsyh, inen alß ein
124 2440 1183 2546 junger knab by gewannet habe, sonst ußerdt dißem
1077 2504 1122 2549 1
95 2513 1184 2617 weder zunor, noch auch hernach, werde eß sich nit
132 2573 1195 2677 befinden, daß er einichem möntschen etwas unrecht
134 2636 348 2710 gethan,
89 2683 1202 2816 gott vernerem anzeigung, daß er jetundt dißer
124 2773 1156 2868 yner vergicht verbliben und biß in den sadt
117 2800 1178 2938 verharren welle, Bette hiemit vmb solliches
130 2884 1157 2991 alles, gott den. im hinell wie auch ei
123 2941 1165 3056 dr oberkheide gantz glachenlich umb gnad
105 3010 612 3120 zund verziechung etc.
