1206 3135
24 156 85 213 30
36 1973 156 2032 11 Fran 2.
27 2129 168 2192 bande
135 144 1162 299 veruntenret, wellcher zu Heiter
178 226 1167 349 riedt umb 2 l verkoufft, sye aber
172 274 1150 414 dem jenigen widerumb zugestalte
183 381 431 457 worden,
185 433 1135 569 Veerners, alls er zu Roschewyl ge-
190 508 1132 620 tröschen, habe er domalen sinen
200 557 1133 666 gespanen, so mit imme getröschen
214 606 1153 702 ein kragen ein hembdli ein sa
232 658 1164 770 sclech gestolen, welches er aber in
208 723 812 829 wider gaben mugen,
229 835 1177 966 iein Vedteren zu zonn, Christen
212 897 1151 1011 loser uy sinen josen in der stuben
226 962 856 1042 vier erotien genomen,
197 1022 1164 1138 Angefor vor einem jar zum thurn
225 1108 1157 1187 by Beyerts, Ichen Secmon welch¬
213 1161 1120 1239 ein er gewerchet, ub einem ofnen
234 1204 1171 1277 trag sy den nin keonen antfromb
214 1250 1169 1352 datu syendt aber Ime wider worde,
195 1334 1149 1429 Von welcheren diebstälen wegener
233 1408 1137 1467 uß sinerem heyndet, aldarkan
232 1457 1154 1530 zwee nachgestelt wychen müßen
214 1501 1175 1584 uid sich versihinen wienachten
227 1545 1153 1611 anno. 1678. zu Grizach, zu einem
225 1600 1185 1686 heist Caspar Groy in dienst begeben.
220 1639 1174 1727 welchend er ouch vntzit leestrer sihmen
236 1689 1130 1782 s martins tag also verbliben
219 1780 1132 1878 Alser nun hut vier wugen sich
260 1864 1153 1940 alhie In dem Oberen Liegelhtoff
258 1910 1126 1979 gewärmet, habind danglen Inne
252 1951 1106 2010 daselbsten einer heist Gladi und
259 1994 1120 2081 ein anderer heist frauts villione
251 2037 1062 2131 von S Dens auch feyburger
262 2076 1098 2168 gebiets, welche beid in hochgenant
244 2155 1141 2217 u g verhafftet, angesprochen mit
255 2172 1088 2275 Inen zugan, denen er geuolgett
244 2221 1138 2317 Welche sy zwen hernach und Guschlin
251 2265 1142 2363 mist im Fryburger gebiet, daer
265 2311 1159 2418 gefangene uff der wacht gestanden
243 2361 1185 2460 seiner witwen ein kaller, zn welche
257 2412 1096 2528 sy allem bs item ein spycher
254 2465 1146 2546 ufn wellchem sy dry kübel und ein
251 2510 1167 2620 keng vol kneken, der erstkübl halten
270 2555 1130 2641 sy den 7. maen der ander bubel
274 2604 1167 2706 sy den 5. mahen der dridte kisel
270 2651 1150 2772 auch by den 5. mogen und der keng
270 2697 1093 2804 by den 3. macentem den bit
297 2756 1162 2870 huch ein wenig lader ungefarlich
274 2784 1163 2914 sy den 30. 10 rysten zwey föbe
264 2845 1175 2981 mal entfrombdet uffgebrochenn
248 2893 1124 3020 acht leiben brott, veer eynbacheme
266 2940 1120 3058 und verhembdli von welchen allem
271 2983 1142 3117 imme für sinen theill ein bronen worden.
