1286 3146
121 45 246 128 168
104 1430 296 1527 wie auch
33 2160 240 2283 abauch
415 62 1258 260 Jacob Steiners sonst go
427 193 1195 304 Jagg genampt pmettig ußo dem
498 257 1152 367 Zikli der Kilgari Lützelflu,
551 308 1130 452 vergicht und bekhandtnus
246 515 1233 671 6ß 13 g beuelch, ist uff montag den
316 602 1241 736 fuonsti. 1630 der droben srhaffte Juro
310 667 1254 817 Stehmel, sonst Leeli Jagge genampt unr
291 730 1215 867 Nß dem Zieli der Kilcheren latzel fen durch die
321 799 1241 948 ehrenestlen f f f Wysen heieren Bendiger
249 887 1224 992 Carthi de� kleinen ratzs s G aberr
345 951 1231 1070 Gantiweiegr den Bürcr und hr Groß
327 1034 1215 1135 weibelt früttig, die ursach synes nu
334 1092 1195 1196 ein zyttlang uß synem henmet genomnen
333 1163 1215 1260 abtritts unth uber die janng diebstäle
315 1238 1181 1352 deren er von dem zu Trachselwald
330 1295 1224 1421 hin gerichten Heinrich Gaberiellen mit ime
322 1378 1194 1462 oegangen zu haben fcusiirt worden
1022 1443 1162 1494 halber
332 1437 1169 1553 im uberigen synes lebweßens gantz
332 1512 1160 1616 ernstwörttig und nit anwendung
326 1597 1200 1686 miceh deccretter geexaminiert worden
335 1652 1204 1758 welcher aber anderer gmeinschafft mit de
327 1724 1211 1821 ob anzognen Galberiellen ghan zehaben
307 1795 1207 1900 nach das ei ieme einiche diebstall helffen verbein
315 1853 1201 1963 nit besehenen wellen, daß das er melter
302 1931 1192 2039 G aberiell vor tenge fahr zweyen jahren
312 2000 1173 2106 etlich schwynen hamen zu Synem haß
298 2066 1190 2168 bracht, welche er ime gerochet und
277 2141 1171 2243 Nießenhelffen, sonders in dem er
298 2198 1177 2309 snne etlich diebstälen mit ime begangtn
291 2260 1157 2388 zu haben angeben, habe er ime diß
277 2341 1141 2443 Wieths gantz unguttlich gethan, auch
632 2408 698 2473 nn
574 2402 625 2452 all
257 2422 1138 2526 sye ime überig syner enthafen
266 2484 1097 2605 haber nützit btwüse gsi
239 2595 1153 2701 Daß er aber nun ein hyttlang genichen
255 2670 1168 2759 sye, soß der ursach geschechen, nachden
283 2716 1182 2814 ei uß dem sibenthall, Alda er etliche
245 2798 1150 2900 wuchen lang graben und gwerchet
