1162 2869
1012 22 1106 112 57
101 97 1091 214 oust schein andere pson mehr getrafft etc. Woaber
93 173 1044 273 er durch sollche gkundtligscheit nit zur be
84 228 1048 342 behandtnus, deß ein und anderen ze bringen
75 296 989 402 ine gahn Marzili ze füren und darüber
82 361 977 444 mit anwendung zinlicher martter
86 423 649 538 zefecken und zefiengen
274 530 312 579 11
50 519 1081 670 Alß Ist sollicher benelch Pfigester den2
91 597 1109 744 novembis 1629 in bysyn und gegenwinet gkheidt
54 675 1107 809 Bor und wol ermelten Heirren an vor gesagten
59 756 1095 881 G�li Banngariter dem Touffer er
101 824 1105 947 stattet worden, doch alles alles unerphreiß
76 881 1118 1019 lich und unerheblich, dann dochmalen müglichest
94 964 1080 1082 angewendten flyses und ernsts, er doch by
109 1033 1073 1169 synem ihr zeimb und angenommen sect und
110 1091 1095 1231 gefahren) von nit abstan, nach auch ußerdt
99 1199 1086 1296 vor gesagter wybs person, andere getouffe
114 1260 1046 1387 zu haben gihtig syn wellen, jedoch bekhen.
89 1332 1056 1449 Wan nit so vill Cahfen in unßer hilchen
101 1399 1085 1511 Im schwanck giengen eie sich widerumb
119 1464 1049 1564 zu unß begeben und unßere kelchen
112 1531 1088 1632 behugen welte, der lehrneren halben
112 1579 1127 1689 aller hatt eie angeben, alß er schon angebunden,
108 1647 1128 1754 und albereith uffgezogen werden sollen
98 1718 1099 1809 Goli Zongg Allian schwend sell gesegen
112 1771 1148 1889 Buder der Biengg im Eggewyl und ampt
112 1851 1134 1953 thiung segnauw, welcher ine zu einem
91 1908 1135 2010 lehrer gmacht und sich aulch etliche mal in ihre
122 1969 1119 2079 gmeindt versagt, welche ihre gmeindt
119 2058 1102 2137 nit mehr psonen ihnhabe, alßin den
94 2094 1122 2199 eine vorgelaßnen rottli begriffen, dan
95 2154 1115 2259 weder im Bnocholterberg, noch aach zu so
123 2240 1117 2324 uenwyl noch auch im eigouw, wüße er
124 2280 1116 2389 Niemandt, der ihren secthye ursacher
130 2347 1143 2439 ae in shein andere gmeinde, weder ihre
103 2389 1143 2498 eersamlung gangen, deren eie sich brnügt
109 2463 1129 2554 Vnd darnach stättig daheimen gebliben
121 2513 1149 2616 und gearbeittet, sonht gendt vor etwas
124 2580 1103 2675 zyobs, zu underscheidenlichen molen, etliche uß
123 2641 1167 2740 dem Zinrich gepiedt, zu inen in ihre versamlung
126 2685 974 2790 khomen, sider har aber nit mehr
