2448 3264
720 108 815 199 110
930 107 1806 238 sund willigkheine fürr zu betingen etc. Was den
966 190 1817 333 Satler Buntzen anbelangt, von denseen
973 264 1812 382 nße ein gantz gutt, gottet ziennt
1198 327 1295 410 Aung
978 356 1229 455 umb e
938 434 1770 543 Ist vff ein gutte Censur, vnd Seranung
984 505 1663 607 zur dirbent ledig worden
1015 681 1704 809 Asl Sterde Bow
1207 787 1436 882 Signomit
960 905 1813 1028 in vnthliche wybs psan, welche auch inhalt
957 972 1805 1106 3t myner g zu bentlchs duech den ehremueff
966 1045 1808 1153 H Jolanß Wy� deß kleinen rath
973 1110 1798 1212 weibell geüttig, uber ihr verëbendes
951 1179 1794 1283 mußiggängiges läben, ernsthofftig befragt
970 1233 1797 1331 worden, zeigt an hoch und volgenampt
975 1289 1794 1397 gden habe sy zu signauw verzinget unn
971 1366 1799 1467 also uff erzichen laßen, darumb sy und gda
965 1426 1804 1532 gantz demittig duncket ederigl hnd
968 1513 1792 1594 zwüschen aber slbe sy sich jederzylb wol
971 1545 1787 1640 gehalten, also das niemandt ab iro
957 1605 1803 1698 klagen werde, sidt auch das sy rer
922 1658 1791 1737 gangenen Touwens, von Signau
946 1694 1788 1779 kommen, habe sy sich biy anhero ebner
934 1748 1791 1822 mögen wol gehalten, wie sy dann
944 1786 1758 1867 In daskünfftig solliches auch noch
942 1834 1785 1933 wylers thun wölle, aben das sy
955 1886 1739 1969 nechernfalen alhie Im Gegen
920 1924 1800 2015 Liegelhof by den jetzigen gefangenen
924 1970 1781 2053 Ulli Berger und Hans Waber bei
942 2023 1782 2110 obgemelt, dahin sy sich zuwarmenn
938 2064 1743 2167 gangen, funder worden, wellches
939 2117 1780 2218 zwar versächtig, habe aber sich weder
951 2157 1785 2266 mit densellen noch ouch anderen gsellen
936 2203 1785 2319 niemalen upigermacen vergangen
948 2254 1754 2379 itet ouch vmb genad vnnd
953 2346 1320 2427 verzyhung
977 2397 1791 2528 Zie wybsperson ist uff uff dem 1
976 2492 1775 2557 excemb 1629 uf ein starcke und
964 2527 1766 2616 schapfte cnsur ledig gelaßen unnd
931 2581 1801 2686 zu redlicher arbeit vermant worden
