2448 3264
66 136 133 205 16
238 261 1199 495 angezogen  Der Spruch Christi Malhaei am a
246 334 1174 507 er zu synen zungeken gesprochten. gangent
250 390 1188 573 In alle welt und lehrnende alle volcker u
235 456 1186 632 hauffende sye in dem nammen deß vatters den
239 524 1180 701 sohn und deß hren gonsts, hieruß schlügt er
256 600 1183 743 eß müße der montsch zu nar gelehrnet ve
220 640 1173 832 daß er synen glauben khanne beshennen, ehe
253 726 1182 884 err thauffen werde, zum 2 da� nienen geschrihe
249 791 1175 942 ye und benolchen die khinder zu thauffen
244 867 1180 996 Abglychwoll ime hieruff freündt und grund
244 934 1168 1054 lich geandtworttet, daß er zum theill die
250 1001 1184 1120 gschreifft mußbruche, in absünderung deren dunch
237 1059 1187 1191 deren daß ein daß ander nit uffhept, sonder
241 1123 1169 1253 mit einanderen beide bestan mögen und
215 1179 1168 1327 sollendte zum theill deren gwalt anthüge
237 1261 1189 1369 zum theill aber die beschaffen zeitt der kilchen
244 1338 1181 1437 geisti zu deßelben zytt uund unßer jetzigen
236 1387 1178 1524 nit und erscheide, so hatt doch daß mit mihr
238 1462 1177 1586 erem erklynedt, nit erschießlich syn magen
220 1518 1174 1639 Ei hatt bekhennen müßen, die käübli in
238 1586 1185 1693 alten teshament syendt mit dem h Sarram
226 1646 1177 1757 der beschnydung, unangesechen sy die geheimumb
227 1722 1166 1818 nit gerstanden, on einiche vorergangne lehr
236 1774 1171 1882 5 tag der kehilchen gott es ynnerliben
201 1831 1142 1938 Bnd mit dißem alß einem zeichen deß volck
237 1898 1171 2017 gottes zu underscheid der zeider begenhnt
217 1967 1171 2068 worden, darzu seige Chreisfus syne hend uff
210 2036 1170 2125 die jungen keinder gelegt und gutts uber sy ges
210 2097 1175 2210 sprochen, ob glychwol sy es nit vershanden, auch nit
186 2163 1167 2276 sonderwißen wahren. Item habendt diek appstt
214 2222 1157 2330 gantze hußgstid gethauffen, darub die sehend mit
214 2272 1174 2409 uheier billigkheidt khandent uß geschloßen werden.
199 2337 1168 2451 sober diß so haltet er die khinder von dem thouff
180 2420 1155 2537 füne heillig, alß welchen daß himellrych durch
220 2465 1160 2594 die Kraffen Chreisti versprochen sye, jedochblybt
210 2522 1158 2674 er uff syner aeinung, sy sollendt daß zeiht
170 2595 1174 2731 Deß Gnadenpandts gottes und der abwaßf
192 2662 1165 2790 der hunden nit empfacen Den 12. meyumari
169 2711 1133 2860 Nachdem er nochmalen fründtlich gefracht
152 2769 1158 2958 Sorden, wesen er sich biezwuchen deß
205 2818 1161 2994 Letstlich verhandleten zanetens halb bedah
167 2907 1155 3076 Bind hoff syner meinung sebleben, ist man
201 2964 1149 3134 mit gewonlichem yngang zu einem anderen sa
203 3126 421 3221 geschr�ben.
1229 240 2350 473 Von dem Pa, Diewyl der Ban, daß ist die
1269 339 2342 522 Bßschließung Bom brotbrechen, der Caster haffen
1278 417 2319 585 kind in offendtlichen sunden, alß gottslesteren
1309 461 2288 660 haren ehebrechen, gytz etc. ergriffnen, by unß nit
1325 530 2268 718 Im bruch, aber by jney alß der h gschriffen und
1304 623 2377 777 dem Hempell Christenlicher shilchen gmaß ge¬
1309 699 2329 834 ubt werde, seige er ursach ghan sich von unßzu
1319 749 2369 936 scheiden, alß der diß glabe es solle gehandlet werden.
1293 812 2366 987 Nach der lehre Christli Nathen am 18. capittell und
1286 915 2358 1049 Jauli am 1. Coruth 5. 13. vnd cess 5. derhalben
1320 991 2363 1129 so solle ein jeder wer er ye, wo er in offendelichen
1321 1064 2353 1205 Lasteren ergriffen werde von der gantzen gmeindto
1301 1124 2368 1246 ußgeschloßen werden und vom brodtbrechen, untzit
1303 1214 2326 1328 s schynbahre beßerung etc. Deruff ist im
1319 1272 2364 1397 zur anwortt worden, er unser khilchen mit
1297 1348 2359 1467 Buwarheit beschwäre, sittenmall sy die auch die
1327 1403 2361 1529 so unordenlich wandlendt, warnedt heimlich offendt,
1332 1486 2382 1598 lich, auch dem unbußferttigen den zugang zum l nachtmecll
1336 1554 2377 1671 offendtlich verpietten und andere stuck der kilchenlehr
1303 1625 2371 1741 obt, daß der so denselben gemaß lalt, sowoll
1325 1679 2340 1801 gott gefalt, ja beßer weder ein schynheilliger
1289 1761 2366 1861 widerthauffer aber donlen wychlönffiger tc.
1256 1795 2341 1937 Hoff mittwuchen den ocobris sind die ehren
1294 1849 2361 2019 und wolgedachte heiren nachmalen zusamen schon,
1283 1924 2370 2052 sund erstlich ine gefragt, ob er nit ein lehrer
1322 1995 2369 2138 eye, wie wol ers anhencklich zwyffellhaftig ver
1311 2055 2331 2180 kemet, jedoch hatt eies, wyl er durch ein
1298 2119 2341 2259 Ingehendigeten bericht vberwißen Worden
1314 2183 2337 2336 behrheint, in welchem lehrampt, er neben der
1312 2244 2334 2425 lehr, auch ein alte betagte wybs persen, welche
1296 2302 2325 2497 Hobellmogenheidt halben, nitt in die versamlung
1318 2366 2296 2559 kommen mögen, in derselben huß, in by syn
1323 2418 2308 2635 etlicher anderen wider haufferen, die ime zu
1313 2501 2365 2685 geben worden dahin zu gahn gethonfft, was aber
1323 2570 2305 2750 anbelanget, daß er syne mitlehrer oder mit
1294 2616 2322 2825 sectierer angeben solle, daß welle er in kheinen
1311 2688 2332 2891 wag thun somer sich nach dißem spruch verhalten,
1280 2738 2335 2936 Waß einer nit welle, daß im gescheche, daß sölle
1329 2793 2298 2984 er auch kheiein anderen zufügen, wann
1329 2855 2332 3061 er dieselben angeben wurde er ein brüther
1321 2925 1862 3050 an inen werden
1933 2992 2294 3113 Vie woll Ime
1253 2965 2272 3161 Die erworderlichen bigenschafften eines lehrers
