1202 2894
1014 54 1139 147 187
35 280 1121 472 Erslüßell darzu ghan, inen geöffnet gegangn
475 374 580 425 wd
54 343 1111 546 In wwelchem Keller sann, sy uß dryen füß
46 458 1120 603 lenen, wol by dec Zieihen soümen wyers zu
47 546 941 708 nderscheidenlichen molen getruncken,
681 695 928 789 etlich der
36 755 1115 906 Sober diß syends auch oberzelten psonen
44 840 995 985 und andere mit jnen, sie er eben
79 905 1102 1060 all nit nambsen khonnen zu villen sender
73 1012 1101 1133 scheidenicgen molen, in ihr g mynes
72 1078 1059 1215 gnädigen h schuldveißer Rüwre huß
70 1164 1066 1284 daselbsten kehommen, welche allwegen
66 1239 1118 1369 Im han weg gan ihre roßenseche, wamsel
67 1310 1098 1415 ßin tschopts mit znredn oder anderen
61 1383 1065 1522 aps gefült und hinweg getragen.
121 1601 1079 1759 inach bekhendt er guch, wie gaß
89 1676 1067 1816 Ime ein gwuße wybs perton, welche
100 1773 1041 1902 ein zytlang uff obgesagtem lachen
77 1853 1086 1986 by synen elteren gewonete und denselben
88 1923 1108 2049 gedienet. Ime ein trunck von Brantten
82 2006 1078 2137 wyn, vnd wyn eßig gegeben, Nach
69 2073 1051 2219 welchem trunck, dann er sich ihra nit
77 2166 1063 2281 müßigen khönen, sonders wo sy gsin
83 2239 1065 2356 ihra nach zagan genottiget worden,
82 2322 1076 2444 sye also von ungefahr 4 wuche
98 2411 1069 2512 mit derselben zu Hanß Stöckli synem.
65 2465 1064 2593 schwager im Gliggisgerg gegangen,
74 2538 1061 2665 sudr haruff sy irm mit ein anderen
74 2608 1045 2730 Hoff der allmendt im Gnggisperg
91 2674 1026 2814 iher boß, zu denen er gefangene
