1175 3138
986 26 1088 106 160
75 108 1019 297 E hat auch verfuchen, daß syn huß
77 201 1081 365 pfarr Chtistina Hangch Ender gaul 1by
72 275 1026 421 langnaw zwey vnntzliche Kinder
61 347 1104 500 sert füne by anderen eozüget und
81 424 1105 567 noch nit darumb abgebühtt, weliches
85 470 1129 655 Die vrsach daß er nit mit hra hußthalten
80 601 233 679 wellen.
62 725 1111 907 Item abe er auch, im lasten Krieg-
37 827 1111 967 zug n pünten under funkher Nilans
8 895 1058 1031 l von Dießbach gedingkt yr aber erst
629 966 1097 1040 olck verreißet
78 963 621 1081 nach dem shanale
609 1027 661 1079 er
633 1034 1065 1126 nach gevoltet
73 1034 613 1170 gsn fn vier wechen
-1 1096 1019 1212 an nit dermeinung, daß er fie f von
70 1159 1031 1277 dießbach dienen welle, sonders syn
63 1220 1102 1341 von deß selbemn wachfmeister under dem
46 1297 1110 1437 volck gefunden worden und also beß der
46 1354 1078 1509 ursach mit rätten ußgeschmeidten und
66 1425 1096 1570 von dem regement verwyßen worden.
95 1582 984 1714 Demnach hat er für syne bößen
62 1665 991 1772 mit gsollen und geklanen angeben
65 1723 1061 1833 Bendicht Herr handt genampt Hattler
70 1790 1074 1891 bentt und in dem karten spill der
61 1849 955 1959 Schallen tung, welicher sich alle
73 1909 1095 2022 wechen märit zu Golothurd ein wirth
55 1976 834 2094 luß zur silgen finden laßen,
63 2092 1089 2246 Item der zu Chunhingerich tatz kon
61 2194 477 2301 Hanß Büttler.
18 2292 1054 2418 Denne Jacob Krebs von Wylysauw
16 2370 1047 2475 und einen genampt Ulli sin zu namen
68 2435 1067 2560 Ime nit in wäßen, syent zu Luzern
86 2498 671 2629 hingerichtet worden.
