1216 3200
992 54 1119 124 185
56 159 1054 291 schrötysen ein spycher schloss uss ge¬
89 238 1061 340 wegen uss dem spycher 40 ellen lynig
79 291 1075 419 thuoch, 5 pfund rysten sampt etwas kirss¬
92 351 1102 462 muosses gestolen, das thuoch sampt
64 398 1125 537 dem kirssmuoss jm landt Äschi verkauft.
161 559 1082 689 So hat er auch berners alhie bekent
25 649 1045 765 das er jn läbzyten dess hingerichteten
65 704 1083 816 Jost Wäbers dess steinbrächers desselben
76 762 1040 871 ehefrouw geschwengeret und hiemit
68 819 859 939 ein ehebruch begangen habe.
25 916 1016 1057 Letstlichen ouch über diss sich sonst
90 993 1070 1104 noch mit 4 anderen wybspersohnen
68 1057 1096 1167 jedoch alles lediger wyss jn unluter¬
70 1116 786 1231 keit und hurey verdrabt.
15 1272 1061 1407 Uff solichen syn dess gedachten
16 1356 1079 1452 Bendicht Geris vilfaltige begangnen
75 1402 1114 1516 diebställ und bekente hoche grobe schwäre
33 1469 1067 1572 misshandlungen, habens hochgenant
81 1522 964 1612 myn gnädig herren unnd oberen
66 1572 1049 1662 schuldtheiss räth und burger diser
59 1623 1036 1728 loplichen statt Bern uf jren eydt
87 1675 915 1805 zuorecht erkent und gesprochen:
178 1798 1104 1956 Das man jnne dem nachrichter
17 1900 1056 1977 beuelchen, der jnne undenus *
84 1943 946 2044 uff gewonliche richtstatt
85 1990 1047 2093 füren und volgendts mit dem
76 2043 1036 2135 strangen vom läben zum todt
74 2090 1056 2178 nach keisserlichenn rechtenn
80 2142 456 2219 richten sölle.
50 2188 1058 2299 * mit zuorugk gebundenenn
73 2243 323 2324 henden
61 2303 967 2424 Dissere urtheill jst den 7. septembris 1630
96 2367 995 2495 an jme erstattet worden.
