1116 2901
28 52 106 131 74
143 79 1092 228 zu Päterkingen heige er allein mit einem
166 180 1118 324 krumen holtzenen schlüßell, nachtseien soschen
145 237 1070 340 uffgebrochen, darub by acht mälsen korns
176 294 1077 423 gestolet und selbige deß müller knicht zu
186 357 987 491 Solothurn umb fünff gelts verkaufft
146 495 1105 637 Zu Wtzistroff heign ein halben müt komn uff
170 578 1112 696 kanen spycher, so tags gsin, fünden den selben
171 651 1122 789 gestolen und vorgemeldtem müller zugetregen
175 717 1027 820 der jenne darumb ein eronen bezalt
180 835 1093 950 Weiters daselbsten er mit gedachtem sinem
183 905 1104 1020 kremen schlüßell (welchen tute sin gspan
168 966 1093 1088 Ulli Seiller gegeben zem zöycher uffge
153 1050 1095 1148 brochen darus zwey mas korn mit frömb
150 1092 1048 1207 det und solches abermahlen gedachtem
168 1158 1092 1272 Müller zugebracht, darfür imme funff
172 1216 865 1321 pfundtgelts bezalt worden
146 1306 1078 1449 Alber zu Utrstorfferselbs Hunszen
164 1401 1078 1512 steiner by tagr fünfpfundt wüllen vor
171 1455 1080 1568 dem huss genomen, unnd selbige allhie
170 1525 953 1630 Jedos fundt zu. 10 Bz verkaufft
157 1599 1105 1735 zu Estermündigen habe syn gspan gye
156 1701 1068 1809 sperger nachts ein käller uffgebrochen,
165 1764 1103 1861 darinn sy nur zween beleiben brodts und
162 1824 1014 1938 wenig milch funden, die sy gäsen
129 1909 1087 2050 zu hochsteten er ein käller uffgebrochen
140 2005 1009 2115 darus sy vier leiben brodes gestolen,
145 2095 1084 2218 Zu worb abermalen uß einem Käller
131 2190 1071 2301 zeigendt sy beidt zwo ballen ancken
145 2266 740 2371 genommen und getheylt
126 2355 1086 2503 n Häsli der Byrisperger nachts ein
141 2405 1107 2564 Beycher uffgebrochen, darinen sy yngesalhen
148 2522 1077 2634 selbgein fleisch gefunden, ein eer sythen
141 2572 1099 2717 speckgenomen, darvon imme ein steck vo
153 2657 1095 2781 daß uberig sinen gespanen Byrispergr
142 2724 374 2814 worden.
