1210 2754
40 21 168 103 94.
226 114 1091 260 Den 9. ectembris1630 sind Barbl.
173 210 1137 366 Schwende von Wangen und ae
243 298 1125 427 dar ihr tochter mit dem kic
219 374 1136 521 son i 9d Stetten vnd lande
205 469 883 587 verwißen worden,
399 587 1071 723 Cristern Galli¬
223 666 1118 812 uff glychem tag ist ouch vermolte
228 770 1092 888 Christyna Galli mit dem
226 848 1096 955 sydt von Stat, und Lanndt
233 925 842 1018 verwizen wordt.
304 1271 1106 1415 Pelter wistpyyes von
221 1364 994 1487 maut nit wyt vor Lansannen
222 1510 1136 1654 Diewen verschiner tagen vn gerampt
227 1591 1108 1714 ils d h landvogt von Schwartzen,
242 1661 1152 1781 burg vermog imme überschickten gewelchs
257 1717 1151 1860 vetter Christopnns von dont nit wylen
257 1785 1149 1889 von Lansanen pürtis, welch daselbsten
246 1842 1156 1976 zu Schwartzenburg as wirtsbes alt
247 1909 1153 2044 zir lißigende argwanige und ins
237 1966 1137 2098 landtsin und han ungiegende psohn,
245 2028 1126 2177 gefenklich angenomen worden, also
240 2088 1140 2234 geteneklich alhargeschickt, eo ist der
257 2149 1127 2292 selbige deßwegen ußhoch, vnd wol¬
259 2221 1148 2324 ermelt und gdi benselch vorgesteren
248 2265 1120 2409 tags durch die ehrenüeht  f
199 2323 1137 2465 Wolgeacht wyses Herrn sch Johans
229 2396 1155 2535 Wyßen, deß Kleenen Rats, h Abraham
211 2464 1102 2589 Spengler der Burgern und h
233 2529 1089 2660 Großweybel hrutig Is by ys
