1190 3043
104 103 229 168 100
58 2402 293 2519 genambsat
339 187 1148 340 Wie er zuvill esse, Alß habe er ime
314 253 1156 419 Bor ungefahr deyen wuchen fürgenommen
312 340 1153 485 hinwegg am 1o3 janen zu zuchen und einen
326 415 1144 534 Meister zusuchen, Alß er Sunn alhie zum
321 465 1154 607 Geütz yngesherdt habe er daselbsten
334 566 1163 694 en berürtten Hanß Wäber von Atißwyl
354 625 1152 747 ampt einem eegauwer meütli gefunden
354 682 1144 792 mit inen ein treunck gethan und einem
349 751 1142 867 gwüßen handtweides gsellen zwen batzen
352 826 1162 944 eben gott zu khauffen, welcher ime aber
353 891 1127 974 harnach weder das gelt, noch auch daß
333 961 1125 1058 zvar wider geben wellen, dartumb
351 1018 1135 1118 ee ime syn wehe genommen und es auch
348 1091 1147 1177 solgents ime wider zugestelt, goff
357 1149 1154 1256 glleches nun sye er sanpt obgenamte
334 1209 1130 1319 vaber und ergaüwer meitli mit
343 1270 1145 1381 welchem er sich nnemalen enkünschen wyß
340 1352 1126 1431 ß ergangen in den oberey ziegellhoff
343 1395 1156 1509 gegangen, daselbsten man inen anlaß ge
349 1487 1156 1565 geben sy zu dingen, welches aber anderst
339 1535 1144 1632 nit ernst gsin, weder daß er inen wyg
345 1604 1143 1690 sol er thnye, daß er dan auch gethan
343 1652 1134 1759 und hieneben in zytt der dryen wugen
321 1705 1128 1821 nütt geschoweniger der mahren theill
306 1784 1140 1899 aheimen gsyn etc. Waß dan die ime für
325 1852 1147 1959 gehaltnen schaf, wo namlich er dieselben
567 1909 768 1963 santritft
318 1905 1141 2031 voberkehomen, zeigt an, eß habe ime schin
313 1963 1119 2087 Batter, wyl er demselben ohne lohn
332 2018 1125 2169 genennet, etwans gelts geben, darumb
320 2092 1131 2211 ersolliche schaffgekhauffen und zwar die
307 2152 1130 2292 emnen bahr bezalt, die anderen aber sye
318 2176 1155 2340 er noch schuldig, hatt deßwegen die sant
318 2255 1147 2401 psonen von Dennen er daßere schaft
316 2335 1132 2480 aß Rannge von dem weibell zu
308 2366 1139 2559 Schweißzberg 2 bins uff Bgg bub
294 2481 1104 2622 uff Thürißberg, auch aber eins zu
265 2524 1120 2701 Scheißblrg von dem jungen falle
297 2577 1139 2751 4 von Petter liechti e von Rugs
317 2650 1139 2829 Glaußen zu Signau im ußeren
322 2724 1131 2886 Eu�, aber uff dem Schweißberg von
316 2805 1098 2947 einem genampf Jaggi drn, srei
