1200 2760
244 4 1117 116 Jhmen Maryg Wachter vor
260 71 1014 149 Affolteren, neicher gebiett
145 77 1131 224 N v. a betelich, Ist gesterigen tags durch
166 165 1145 283 die ehrentesten frommen, fürichtigen wolgeachten
154 220 1152 341 wyßen hr. Jahanns wyß deß sihats hr. bebastian
162 288 1129 405 Storter wrgeren und hr Großweybell
162 350 1141 480 frutig Anna Maria Wächter von Affolteren
165 411 1084 513 ein stunde von Zürich sein kriegsdermen
145 469 1098 586 unnd landtsschweffende wybs persohn sölliches
164 528 1069 659 Ires triden lab wäsens halber, alhie zu
172 598 1120 708 Marzili alles flyses und erstender theyls mit
170 662 1113 766 wordten, wie auch hernach mit ahngewendter
173 717 1143 834 marter befragt worden, daselbten sy bekent
148 816 1047 944 Alls man voretwas jahre in Pündten
176 897 1133 1018 zëchen wellen, habe domalen einer heist Hans
171 960 1107 1086 Jaggen ihro zu Zürichen die ehr zu gesagt,
191 1031 1114 1146 mit versprechung yn zu kilchen und stroßen
177 1086 1141 1210 zu fieren und zu bestättihung diser eheket
189 1151 1151 1264 sprecheng ihra albereit ein fingerrn werden
177 1214 1124 1329 laßen mit demselben nun sye sy in pundten
193 1283 1150 1408 gezogen und ein jahr lang na jmte ohne veraht
1124 1370 1146 1420 1
187 1351 1083 1457 stung deß Kilchgangs also dienes wys ge¬
168 1416 1124 1522 konet alß aber der selbige hernach erschossen
196 1476 1106 1576 worden, habe sye sich volgents zu kimen
188 1530 1150 1648 Weltschen rüther in Pürdten, auch diener
195 1610 1114 1719 wyß begeben und by dem selben m jahr
201 1673 1125 1792 lorg also verharret, wyl aber der Sprieg
206 1749 1120 1864 ein endtgeweneen syn sy anderumb nach
208 1828 1149 1947 hemmmet gezogen und diß mahls in diser
198 1884 976 2004 landtkomen, in welchem sy sonsten
202 1959 1130 2085 aungefehrlichen vor siben jahren ysin ihren
194 2008 1145 2140 bruder, 1o im oberlandt ein kram umbher
189 2082 1070 2216 tragt zu suchen auch allwegen sich mit
201 2163 1076 2308 nägen unnd allmussen heüschen begredt
202 2232 573 2344 fürzu bringen,
191 2330 1062 2496 Über diß hat sy mit unnd ohne manter
188 2440 1110 2554 acht ledige mans perkonen, welche aber
193 2499 1110 2658 nit in mg gebietpürtig, mit denen sy
199 2575 1116 2731 nch tippg unnd fleischlicher wys vergangen
203 2652 576 2731 genambter wee
