2448 3264
84 180 179 248 46
240 232 1074 368 Sunst habe er auch hieuor zu
280 308 1089 412 hauptman zlonrct für ein
287 375 1057 486 Eremen schlacher zukrieg
289 435 688 526 gedinget etc..
302 512 1114 656 Bidter vmb vorzychung,
302 636 1012 748 und ist auch einmal lar
315 707 1027 799 damach mit dem kleinen,
272 758 1036 842 vnd volgendts mir zweyen
305 809 1015 901 steinen vlzogen worden.
285 860 1088 965 such sinstraf hernach im 2 batt
257 1030 412 1138 M
406 1036 1062 1155 Herre lobrist vor
428 1120 1065 1190 Aubischwyl und Margrath
416 1164 1056 1240 steiner von Niderbipp she¬
429 1202 726 1260 mentschen
290 1267 1145 1380 Medn verschiner tage
338 1352 1057 1431 Hans Lobrist von Bubischwyl
304 1401 1052 1491 In der landtvogty Leitsburg
355 1444 1111 1524 im Landtschweiffende person,
378 1495 1086 1577 ampt sinem wys Wargreth
277 1543 1140 1625 Steiner von Niderzhixp im klmpt
340 1588 1115 1665 Erwangen, von gezigten Creve¬
308 1639 1114 1706 renterg diebstalen und anderer
307 1676 1133 1768 unthaten wegen, gfencklich ynzog
352 1716 1110 1813 worden, sindt diesehlben ufgester
334 1770 1150 1855 Den 19. nobris 1629 ufhochge
325 1810 1155 1897 nane r g benelch durch die eher
328 1864 1146 1944 müesten etc. h BeathRudwig Mihel
343 1930 1081 1995 dec rhorts und h Grozweibel
340 1957 1161 2056 frütig, alhie zu Marzili, die fromw
352 2018 1123 2109 zwar allein mit worten, der alan
358 2069 1116 2143 aber mit der warter, darüber
357 2121 779 2209 befragt worden.
267 2153 1110 2282 Da dann die frouw angezeigt
365 2199 1149 2315 sy habindt sich zewegen undt ar
358 2249 1159 2370 beiden, It man zwarmeerenthu
350 2296 1114 2402 nit korben, sy aber mit anderer
356 2350 1140 2463 eherlicher arbeit, wann dieselbe
342 2369 1150 2499 zu finden gsin, wo aber nit beides
339 2426 1132 2543 mir gonshen fürgebracht, allein
343 2468 1154 2590 möchte es ungefarlichen 10 wuch
362 2528 1136 2648 syn, das gedachter ir eheman
357 2578 1143 2719 sich boter gsellschafft angenomen
327 2631 1120 2772 Im wellicher zykh derselbige mit
340 2684 1117 2807 obgemeltem Salpeter sieder und
341 2716 1143 2852 desen sin 10 hugkäzli genomen.
339 2755 1162 2890 draron ime 3 und dem soapeter
371 2807 1135 2921 ijeder, wyl sin sim by imme gsin
349 2864 1094 3002 siben worden, von anderem
2215 98 2311 180 4
1326 165 2322 378 entfrömbdetem züg, habind sy zu iren
1339 209 2288 428 theill uberkomen 10ell lyniggs auch
1307 265 2318 487 Item etwas ancken, den sy hernach zu
1316 332 2263 542 thun umbend kronen verkoufft.
1318 389 2300 585 Verrners 2 lynlachen, ein gippen zwen
1330 469 2228 648 hugtmhin rock, deren einen iradlan
1312 510 2310 700 den jengen zweyen knaben, welche er
1328 560 2329 749 mit ime von Collickgofen in Zumnberg
1324 619 2258 828 gefnet, daselbsten sölliches zug, so er
1330 661 2297 845 alda verborgen ghan znreichen für
1328 741 2194 902 einen inen versprochnen guldi zu
1314 801 2259 965 lon geben, den anderen obgemelten
1308 846 2303 1038 zug habe Inen die frauw zur Hrun¬
1314 916 2307 1067 berg, sy deren sy bume anderen mal
1333 978 2278 1139 yngekener zu thun umb 2 guldi
1336 1046 2318 1189 verkoufft tc. Anders wüse sy gantz
1348 1177 1518 1238 nnttc.
1599 1167 2281 1255 grogschwanger gsin, allein
1545 1207 1575 1270 s
1321 1224 1542 1286 Ist wegen
1351 1199 2288 1305 mit dem undt von stat und gandt bewit
1349 1388 2293 1500 Iemar har verzächen, vor etwas
1355 1452 2262 1547 zyts habe inne ein Salpeter sieder
1318 1521 2246 1604 uberredt, das er mit demselben und
1379 1566 2279 1651 inen sun gan Brentzickhofann
1371 1629 2253 1710 gangen, alda er Salpetermacher
1359 1666 2330 1740 ein spycher geoffner durch was mitel
1353 1741 2196 1804 das wüte er nit dann er es nit
1362 1774 2311 1867 können seihen, und sy darus genomen,
1361 1834 2222 1922 ein mäskirgen, ein halb mas
1377 1878 2237 1968 hnitz, vnd vngefarlichen by den
1377 1924 2246 2030 fünfmahen korns, welches ime
1351 1995 2294 2109 alls er uff dem spycherschoos gestanden,
1339 2033 2237 2163 der sahpetermacher uf einem fägli
1336 2084 2255 2211 in sein sack geschneet, sye inen
1341 2142 2285 2269 aber alles wider abgezagt worden.
1352 2167 2294 2334 hieneben er wylers vermeldet, wann
1348 2224 2263 2377 sy uff und an gemeltem diebstal nit
1351 2279 2245 2436 werind eygenomen worden, so ver-
1327 2349 2321 2499 meine er, sy noch meir miteinanderen
1354 2374 2283 2548 zustälen gangen warindt, snnsthabe
1351 2425 2169 2591 er hienor auch zu h obersten romn
1349 2478 2261 2658 diesbach gedinget, vnd sich rhart deßen
1350 2516 2233 2707 jederzyth mit korben erneert unnd
1359 2572 2287 2778 fürgebracht, auch das er und sin f deste
1361 2651 2287 2835 genüger buezen habindt, sin trerhtvor
1348 2696 2207 2867 etwas zyke verkoufft etc. bidert
1319 2740 2313 2965 hochgenant und g umb genedige verzychung
1313 2785 2225 3033 Istouen ersten bar, deß anderen mals
1367 2856 2262 3087 mit dem klennen und deß deien ma
1367 2909 2209 3118 mit zweyen steinen uffzog worden.
1361 2954 2119 3160 auch sin straf hernach zu  blat
