1198 3031
1036 14 1143 94 205
173 125 1125 237 samlichen ware er alß ein junger knab
197 197 1110 289 von villgedachter goßen gallschafft
219 254 1122 365 so sich gan vill in syner muttter huß zu
208 314 1138 421 gezogen angewißen und verführert worldn.
199 363 1099 464 also daß er etliche miden mit ihnen zu
208 437 507 547 stellen gangen
149 521 1125 643 Alß zu Guschlumutt im Fryberger biedt,
197 604 1115 700 daselbsten sys ein spycher ufgebrochen
212 642 1117 755 und ime ein maß anshen und etwans
220 705 1132 820 müßen worden, welches er syner mutt
212 787 544 897 heimgebracht
221 848 1093 978 einnach der langenthaler Jocel zu Buchse
208 934 1132 1034 auch ein spycher ufgebrochen, allda er
216 990 1121 1093 mit einem khadtssöndli, welches deß
216 1049 1109 1146 langentiler Jaelis Syst aber vie nit
198 1109 1056 1218 w��e uede der selbig es ubersehing ge
215 1146 1122 1280 zunttet um sy ein dacbbeth, ein höltsche
221 1237 1122 1342 kiechen ein zum gießlaß ein leibbrott
217 1299 1106 1390 ein wy�brott ein krätten vollen
207 1357 784 1464 Opfell, vberkodmen
204 1458 1106 1558 Etem alß ein mall der langentholer Jörl
221 1523 1099 1621 ein hochtuttscher, vnd die Sattlen Elß
284 1571 352 1629 h
221 1579 1128 1691 In sgneit mutter huß uf der nacht zukhert
218 1644 1108 1751 habe ime ermeltete langenthaler
224 1696 1120 1811 Jorl hinder daß auß gefahret und wer
219 1760 1127 1862 meldet wan er ilen ein spycher jari
211 1823 1090 1921 etwans zugs sye, seige und sy dahin
208 1867 1058 1981 führe, welle er ime 5 h geben
154 1934 1078 2035 Weliche 5 tz er genommen inen Jacob
169 1998 1060 2094 Cramers spycher gezeigt, den
184 2049 1070 2152 sy hoffbrrochen und daruß 9 rock
207 2099 1109 2213 und wey gippen, auch etwas bynwafs
212 2174 1083 2269 entfr�mbdet, von wellichem eine
185 2209 1087 2325 Alß sy daselbig in Syner mutter huß
201 2285 1112 2392 Int sy syn syner sutter getheilt, zwen
202 2345 1116 2434 röck und ein bößes hyülaches zugetheilt
191 2398 1116 2489 worden und syn mutter empfangen
219 2470 1114 2565 o sye er auch einmol mit dem Sattzler
190 2548 1026 2645 Benzen gan Bümplitz gangen
192 2597 1099 2696 Billens etwals zustalen, habidt
189 2663 887 2767 aber rtzit geschaffen
