2448 3264
18 169 102 223 2
209 278 1119 436 räth und Burger diser loblichen statt Bern uff
219 336 1091 483 ihrer gethanen gydt zu recht erkent und
237 404 436 483 gesprochen.
173 466 1106 600 daß mahn, inne dem nachrichter benehlen
229 536 1106 658 der inne ebenuß uff gewarlich kichstatt füren,
235 590 1106 719 Inne allda uß gnad und Barmhartsgresis wegen
220 642 1094 753 das haupt abschlachen und inne also mit dem
220 704 1124 834 schwärt von läbenzum todt nach keyßer,
226 758 965 858 lichem Rechten Richten soile
-15 781 1020 922 digere urtheill ist an imme erstatet wordenn.
428 890 829 1012 Honac Arceo
515 981 721 1052 Examen
182 1062 1133 1181 Alls ie zu Martsili uß benelch untoß huff
239 1121 1124 1225 den 22. augusti 1629 durch die ehrenuesten .
242 1180 1114 1280 her simon würstenberg des raths und ihren
238 1242 1117 1332 Ulrich Küntzi der Burgeren gegen Ehomad
218 1298 1102 1398 Nocto synem aurgeben nach uß Franckrych
255 1348 782 1426 burtig, verrichtet
238 1402 1130 1525 gfragt ußwas ursachen, erschon hauer zu
263 1479 1111 1574 gneuw mit ruthen ußgeschmeitzt worden
248 1530 1135 1622 anshwarte, sye darumb geschechen, daß er domahlen
260 1597 1130 1682 den weybell geschlagen und im zig gsyn, er
265 1645 1147 1720 habe dru wyber geelichet, sye aber nit, das
273 1709 1116 1785 er keiner wybspersohn die ehe verpprochen.
236 1748 1125 1833 wederzweyen, dersersten vor 14 jahren
270 1798 1116 1886 byderem habe er, ein bind erzüget, sye aber
264 1849 1088 1942 In einem jahr darnach sampt dem kind
266 1911 1111 1980 gestorben, Der andersen habe er die
260 1961 1103 2037 ihr versprochen und sy gehelichet vorohngefahr
266 2011 1104 2098 zweyn jahren, dieselbe sye jetzundt zu
272 2055 1122 2153 neüwenburg by ihrer schwöster wohl,
270 2121 392 2201 hafft.
191 2152 1115 2269 Gefragt, wahrumb er zu Diglen einer
258 2211 1110 2328 wybs psohn vor einem huß, darinnen er
282 2251 1119 2379 ampt anderen gsyn, imme ein wyb zuner
275 2299 1134 2438 zürathen, alls dieselbe das allmußen ghöüwen
270 2346 1139 2499 getröüwt, wann sy nit schwygen und haner
276 2393 1135 2547 gahn welleertra sein mäßer inlyb stecken.
266 2441 1122 2579 darumb diejenigen so iin huß gsyn, alls sey
275 2525 810 2639 diß ghört hinweg gangen
265 2516 1135 2700 zetigt an, sy sye vor 6 jahren dirnenswyß
276 2585 1113 2757 by imme i wündten gsyn und habe imme eil
266 2656 1126 2791 kind zugeeignet daßelbege aber herner
269 2706 1120 2850 In Ihrem Todtbedt, einem anderen zuge¬
271 2745 1116 2904 eignet, dann er habe geforchtet sy habe.
262 2789 1121 2941 das kind by ihee und werde also die sach
253 2836 1146 3016 ußkahn und deßwegen sy heyßen hinweggkgahr
2177 72 2259 141 3.
1240 215 2287 402 Bethers gfragt, ob er nit den herren vogt zu Signeuw
1271 265 2248 470 habe eines schellmen dieben und landtsverräther
1273 354 2198 540 gehehßen und gheit, wann er sich nit an imme könnnen
1277 413 2280 591 rächet, wolle er das schloß in brandstecken, das imme
1269 484 2299 642 das für werde uber die ohrenuß gahn, item er welle
1274 560 2191 697 nach syn wehr er imme wüschen etc. anthwort.
1254 660 2225 781 Er habe inne zwar einem scholmen und dieben
1278 698 2238 848 geyßen landtsuerräther aber nit, auch nit
1299 764 2232 898 seit, das schloß in brandt zu stecken, item
1285 843 2226 980 allhie en einem käller gredt, der vogt von
1284 907 2242 1036 signonw habe mit ime gehandlet, wie ein
1287 966 2238 1110 anderer Schölt vnd dies, Verners Vßgoßen
1273 1052 2239 1183 der vogt zu Signauw, müße noch dresy gfing
1285 1107 2249 1241 mit ime thun ihm wehr und noch über das
1289 1211 2094 1300 er welle den j umbringen
1230 1287 2269 1417 Wythers gfragt, warumb er den muller im
1285 1379 2310 1493 Golgbach vor tagen allhie in der statt, so hinder
1313 1464 2255 1560 ruebs ghauwen, item imme und synem sohn
1309 1518 2277 1621 getr�üwt, eintweders müße imme der
1313 1602 2280 1662 ein, oder ander werden, oder erwellt
1296 1648 2267 1759 ihnen ein rothen haauen uff das huß setzen.
1307 1704 2263 1833 geantworthet sye darumb geschächen.
1304 1773 2289 1903 daß er der vatter kurtzdaruor zu Biglen
1314 1845 2294 1950 ein gantzen tischvoll mannen gastiert
1291 1909 2314 2016 wegen dieselben inne gehalten, alls der müller
1333 1955 2271 2091 inne geschlaggen. Item daß er synem sohn in
1333 2015 2310 2156 sunden vill gutts gethan und ein musgueten
1317 2082 2319 2249 verkauff, dannenhar sy imme wohl by der 4ag
1327 2148 2323 2302 schelbig mege imme aber nüteit werden.
1319 2199 2302 2377 Was aber anbelangt, daß er elle gredt
1324 2249 2290 2417 haben, Ihnen ein rothen herauefn vff das
1322 2307 2311 2510 huß zu setzen, daßelbige sye gantz nit sonst
1298 2382 2292 2584 habe er ihnen wfohl uff syb und läben ge
1327 2426 2301 2655 träüwe duch sich offt Cleyder) unküscher
1316 2485 1673 2606 wy vgangen.
1350 2604 2284 2801 vberliß, zeigter an er vermeine
1323 2651 2333 2924 es sye imne ein bösen bitzen züeßen geben worden.
1324 2729 2326 2956 dannenhar habe er gekeundt ein bebloden
1320 2793 2291 3038 und schwaches haupt, Bättindt deswegen
1329 2857 2302 3085 in gst herren wellent inne ir gnaden
1311 2908 1681 3036 bedrreben.
