1157 3264
68 109 179 184 74.
244 256 1147 440 In ein hütten geworffen und alsob
265 355 1136 489 aan wünsigen getragen, darunder dan
242 420 1136 559 Eetliche vedgieben, die labendigen aber
276 502 1127 619 er daselbst zu Unhnsigen der wirthin
274 566 1125 682 zum ochsen umb 20 fz verkhanfft, n
277 652 1133 758 alß hattuff obgesagter p rast, in
273 698 1135 843 gefangnen durch synen knecht nachte
279 789 1122 910 laßen und der selbige ine alhie er
258 858 1116 978 ghascheit, habe er die erlösten 20 tz.
273 918 1096 1048 Inste geih knechten zusampt einem
279 1005 1128 1119 zwilchenen Wamsell welches er¬
277 1072 1116 1180 auch genommen und syn deß knechten
275 1148 1120 1261 gsin, in syner behendigung alhie wider
287 1226 864 1335 zugestelt und geben
280 1376 1118 1501 donffen habe ei auch letstlichen under
271 1455 1106 1570 en hauptman mnhell ihme ein bosen
264 1517 1100 1633 spie�knecht gedienet, sye aber
210 1595 1131 1704 demselben ohne erlaupt uns ußgerihen
236 1662 985 1785 Sond von dem vendli gezogen.
204 1790 1109 1953 jedoch sich ußerdt obgeschribnem allen
276 1916 1075 2014 jeder zytt uffrecht, ehrlich
279 1962 1106 2069 und redlich mit dienen fürbracht
265 2034 1114 2114 wie er sich dann uff syner gehapfen
274 2072 1111 2205 h wech meisteren theills alhie zu
267 2163 1117 2272 der statt und weills auch ußerthalb
278 2233 1091 2355 jugnuß berüffe und hürohn
308 2300 1102 2425 ich wychers ehrlich und ed lich zur
276 2391 697 2488 halten begere
239 2496 1091 2613 Bittet z gg umb verzgchung
279 2577 812 2682 und entledigung.
269 2627 1104 2789 Ist i mol k�re und einmal mit
279 2678 1130 2846 dem kleinen stein und  dritt
281 2779 1078 2896 ain mol mit 2 steinen ufzogt
260 2884 548 2982 worden
