1179 2707
992 33 1117 131 169.
117 162 1084 311 siderumb heimeb khommen, hab er vernommen.
133 242 1120 391 daß ine der hingerichts Heinrich Baberel
171 308 1085 447 doch faltschlich) angeben, auch ime ange
174 375 1063 504 zeigt worden, oer h landtvogt zu
164 438 1052 586 Brachseltwand, welle ine auch gfangen
166 529 1057 626 nemen und übell mardteren laßen
145 588 1027 716 sye er ußforecht der movetter und
145 665 1065 781 denwysung ander küthen, ein zytt lang
1015 701 1047 744 E
171 733 1062 839 abtretten, zugryffens halben habe
173 785 1090 906 er anders nit genommen, wederehliche
165 867 952 987 wall synen eschopen vollen apße.
87 974 1079 1128 Im überigen halbe er sich syo wyb und
181 1076 1090 1193 seind jedergotten mit ehrlich arbent
145 1156 1043 1264 fürbracht und erhalten, wie june
153 1230 1087 1326 Das deßen syne nachpüren gutte zugnns
180 1283 1073 1384 geben wurdent, Gegere auch solches
136 1359 1077 1462 für thun die zytt synes läbens ze thun,
55 1461 1041 1597 Bitter bu gg gantz trungenlichen
170 1546 897 1653 umb gnad uo verzychung
88 1649 1038 1763 Is ein wall lar und einmall
173 1728 997 1846 mit dem kleinen stein uffzogen
126 1796 477 1908 word
