2448 3264
1220 167 1782 345 Ulich Elenberg
965 329 2068 517 Demnach mynen gnädigen herren und
1016 427 2043 577 Eberen von gwüßen orthen hart bricht zukommen,
1023 507 2065 648 was ungepürender maßen und wie so wyth leider
1028 535 2074 694 gegenwürtiger Ulrich Allenberg ein sager bügtig
1031 637 2059 755 von Steinen in der ampterung signouw sich vor
1029 700 2069 822 ongefahr 1 jahren vergäßen, daß er in die er
1045 759 2069 892 schreckenliche abschechlichet und meer dan tüfflische
1000 819 2063 973 Vnsimigreit, gerathen, daß er, wider alle Gött¬
1035 907 2013 1028 liche und mantschliche, natürliche, gristliche und
1036 983 2076 1086 weltliche bsatz und ordnung, die hahe und heiligen
1055 1047 2078 1156 maiestatt gottes unsers schöpfers und erlösers
1046 1107 2045 1223 dergstalten mit syner casterhaffen zungen
1058 1190 2062 1294 schandtlich verlesteret und gschmacht, daß es von
1046 1238 2083 1359 seiner stärblich tratur und sundthafften möütschen
1051 1306 2021 1412 mit nichten gn sin gnommen, vill weniges
1059 1385 2021 1479 ußgestragen und gredt werden sollendt
1055 1437 2018 1554 und deßwegen vor möntschlichn ohren, alls in
1075 1499 2045 1630 allweg zuheren unwirdig und abschuchlich,
1069 1571 1992 1675 beßer zuuerschwygen weder aber zu
1084 1618 2076 1735 ffenbarend Habendt hochgenamt Ihr
1081 1674 2078 1771 g uff sollich empfangnen bricht uß schuldig
1077 1729 2071 1854 und von Gott dem acemechtigihren anbe-
1060 1812 2072 1890 wolchner pflicht, keines wegs vnderlaßen können
1081 1844 2077 1956 söllen noch wöllen, diser grüwlich gottslesterung
1078 1898 2069 2041 seigentlicher nachzuforschen und den grandt
1077 1979 2069 2104 der warheitwohl und flyßig zuuernemmen tc.
1075 2044 2037 2166 Wylen dann haruff in gwüße erfarung
1075 2098 2066 2229 bracht worden und uß dreyer fredlicher
1087 2154 2030 2283 Vnuerworfner maus psohner gegebnen
1078 2197 2079 2365 kandtschafftsag sich heiter bekendt, daß sollche
1089 2281 2092 2432 grüwlichen und abschuchliche gottsletterangen
1087 2340 2077 2484 ußgemelts Ulli Ellenbergs kastermmncht eherner
1091 2408 2059 2553 gäßner wys ußgeschlagen und volgendts erhört
1085 2454 2065 2599 worden, vnd er hieaib deß einen vnd anderen
1089 2495 2077 2679 mit kundtschafft überwisen deßwegen er dann
1082 2558 2053 2731 verluth göttlich worths und aller wältlichen
1078 2640 2032 2779 rechten und satzungen, syn lyb und habe
1079 2698 2050 2831 verwarckte alls habendt hoch und wohl
1092 2764 2047 2916 ernant mahen und oberen schuldthelyß
