1237 3221
927 -32 1065 34 v
60 56 1047 338 zufen, auch vorgeschräben synen gsollen
169 160 316 229 wi
62 154 1060 396 uff dem fraw brünnen peldt kommen, da
75 216 1044 428 selbten er feen uß einer schwartzen
869 339 1047 414 zgecht
72 295 1060 510 shußlen synes4 bedunckles, Rothan
66 368 1087 561 wein zu strikhen geben und sy alsamen
6 418 1083 666 n dem bößen fildt vsprochen alles boßes
65 517 1062 716 bestes ires vermogals zu verbringen
40 665 1101 894 Blicher wys und entlichen sye der boße
79 766 1025 948 hildt auch an der glutsch fnen er
72 822 1084 1008 shinen und sy aber mahlen vemannet allei
72 905 576 1074 ses azu fahed,
47 1084 935 1251 Bittet gott und dan auch Ewen
65 1117 1074 1308 umb verzuhung und umb eine mikte
55 1269 259 1380 Vrthal,
53 1381 1084 1542 Iast ein mal lär, zum anderen mahl
81 1465 1001 1554 mit dem kleynen stein und zum
60 1513 1071 1652 drytten mahl mit zwegen keinen uf
84 1581 1078 1714 gezogen, wie auch ime zum schreckle
53 1654 1057 1780 Der dryte stein zu gebunden worden
200 1801 501 1923 uff solliche
96 1874 1072 1993 sinden genanten Veter Lonwenbergers
89 1964 1095 2041 abente hoche, schwäre und abschuchliche
76 2034 1046 2095 unghandlunten habend hochgenang
77 2062 1054 2141 nun gh schudtheig Rhät und zurg
76 2109 1057 2168 dieer loblichen stat 2zarn uff iren
65 2157 1009 2248 sydt zu recht erkent und gespuhl,
76 2198 990 2336 Daß man Ihne dem Nachrichter bevelchen,
77 2275 964 2371 der inne, vff ein laden gebunden, alß ein
72 2332 994 2424 worder und sonst fr alweg ubeltthättige
77 2384 1041 2501 person oben uß uffgewohnliche richtstabt
88 2433 999 2540 schleirksen, syne glider mit einen raad
63 2494 1043 2608 perstoßen, ihne uß sonderen gnaden den
84 2561 1000 2667 gsellen stes geben, dem nach den todtnen
71 2634 1062 2721 Jörgel zu daß Rad flechten, In ein bren¬
75 2668 1046 2770 ind funbe wershen zu palfer und aschen
82 2725 1067 2823 verbrunnen und in also einem woluerdienen
99 2773 1094 2886 nach vom laben zung todt nach keyserlichen
100 2826 656 2921 rechten richten sölle.
60 2886 1066 2956 tere urtheil ist dem 27. julii 1639 anob
48 2936 1069 3016 viermettem lönzwenberger erstotet worden,
