1146 2987
611 32 1054 137 1a d 6 p8e
238 107 1002 247 Sarbell Bryehanen ✳
121 268 1073 451 r a. durch ein Ersanr Chor
132 346 315 412 ermech es
126 342 1063 501 gericht alhie überreichten schrifft,
69 378 1085 557 lichen Furtrag Betreffendt warbel
64 440 1055 607 Wyßgane, wylind Caspar Wyßha
71 452 1078 638 nens, sy leben wolgenmt vn g dienegs
70 525 1065 685 daß weibels s nach todt gelahne unner
70 568 1021 722 ehelichete Dochter, In wellchem ver¬
67 622 1016 767 gmmeldet wirt, das dieselbe utert dem
82 664 1054 816 das sy sich mit Johannes von Turen
83 702 1034 859 in unfüschheit vertrabt auch andere
685 797 809 831 were
86 753 1009 887 gantz angwönige rppigkeiten men
85 794 1050 934 verzächen wollen darumb sy dann
76 824 1079 973 verschiner tagen un der gefangenschafft
180 881 1036 1007 rachs, in die gefangenschaffte der
85 928 1073 1055 keli heruffgefurt und derzwegenn
70 946 172 1019 des
86 974 1081 1111 krafft hochgenant u g uff gester dem
97 1033 1077 1139 18. huius, durch deine genedige Herren
95 1081 1069 1177 Johans Halles und 3 Wilhelm Hirtze
87 1109 1073 1233 beid des keinen shats, item h. Nielans
93 1162 1011 1280 oningarter der zürgeren iun
103 1212 1080 1316 bywesen s Grosweibells frütigs sampt
98 1251 1049 1350 etlighen weiblen wolgemelt un as die
81 1272 1086 1396 neren, de der keti alhie gantz worteenst
89 1340 1062 1455 hafttig, auch mit sptrenger betröniung
106 1396 1058 1472 der marter vber das ein, vnd aier
118 1425 1016 1524 so in dem angezognen sürtrag se
93 1470 1078 1558 griffen, wie auch vberigen Ires lebwra¬
81 1515 1014 1615 sens halber befragt und exammert
121 1561 1057 1653 worden, Hat aber dißmalen über den
126 1607 1063 1686 schen hieuor vor Corgericht bekentenn
119 1653 1079 1746 fäler, anders nit bekennen wollenn
85 1699 1079 1778 werer das zwar vill hiesiger zürge
94 1740 1024 1832 eon dra der Vnkuschhaudt angemutet
109 1793 1083 1861 abe doch solliche gantz meinalen efect
74 1836 1080 1904 ii habendt, Alls aber vorgemeltte
101 1875 1056 1953 mine hocheherende, genedige Herren
96 1939 1043 1986 Examinatores hinwegg gan wollen
76 1970 1043 2030 und sy abermalen alles yshers unnn
105 2014 1020 2084 ernstes vermant, es noch fuy were
105 2067 1027 2116 die tracheit zubebenen, damit sy also
104 2097 1044 2172 nit zn die handt dey verschmechtem
109 2138 987 2208 dieners, wollches dann oue eine
121 2180 1031 2265 sölliche zekandtung one falen geschen
90 2219 950 2288 wurde, komen vnd geratten thuge
105 2278 1061 2342 Hat sy haruff wylers bekent, das sy sich
117 2325 1074 2393 auch mit einem Saltz herren, wolther
108 2363 1018 2422 Fra zwo silber brouen geben, zum
120 2393 1018 2448 anderen mol und mir demandell
109 2444 1033 2497 kribolet, der jra ein haler geben, ein
109 2467 1017 2536 mal in unküschheit fleischlichen ver
106 2512 1057 2587 mischet, Anderen vnd Veerneretnig
92 2560 1037 2624 keiten aber zu keinen wegen itt
120 2603 1062 2686 gestendig syn wollen mie vermeldung
131 2636 1024 2715 sy irer seelen und conscrentz dee orts
122 2679 923 2766 groblichen vnracht thun wurde,
98 2733 1054 2827 sillet also hoch und wolgenant vg
1034 2743 1066 2794 pr
111 2769 1025 2860 umb sölliche ire bgangene fäler
120 2810 1058 2920 gantzerung und fauhenlich umb genad
115 2845 612 2936 und verzychung
