1176 2906
91 57 235 140 44.
537 145 1120 285 Rudolph Fulck Bon
513 243 1141 352 ulm hwobgemelter Margrite
517 290 1107 419 Fälman Ehman vergichtt
343 429 1141 571 Alß er zu Biberisch Jureß Müller
349 513 1155 632 einem buren gemagt, sye uf dem aben
341 578 1150 681 der sattler Bentz auch dahin von jaselbt
321 628 1151 756 Bbernacht gelegen und habe morndleist
342 705 1148 816 ein halbentag mit imme gemeyt, stach dßen
338 747 1142 858 Sattler Bentz zu ime gseit, wan er
329 824 1150 919 ime einen gmüttell so er zu Bürgdorff
349 887 1140 980 habe gan krayen tragen welle, er ime
336 952 1140 1049 gütten lohn geben und ime also vier hen und
340 1025 1143 1122 ein leib grott versprochen. Ja dan alßsa
325 1084 1139 1172 der sattler Bentz dem Buren darß Miller
325 1163 1140 1247 welchem sy gemeyt zwey maß noggen zu gestell
314 1198 1141 1311 umb welche der gun imme ihwer brott gegeben
332 1274 1141 1366 deren eins der sattler Bentz ime gesanmen
332 1326 1143 1429 angentz werden laßen und sy beid alsomit
319 1385 1135 1488 ein anderen gan ich nigdorfft gangen, alde
305 1451 1128 1541 ime der santler bentz den gmittell zage
316 1516 1136 1600 schelb, wellichen er ime auch biß daß man
294 1560 1130 1648 imen denselben abgenommen getragen
294 1606 1132 1712 daß er aber irgende hienor dißen sattler Bet
298 1674 1129 1780 gesechen, nach in syner gsellschafft gsein oder so
314 1737 1125 1839 aineine boße gsellschafft ghag, daß sye nit
298 1783 1099 1917 sonders hale sich jewegen eß sye allie ander
292 1858 1123 1963 Schantz oder anderswo mit sampt syn wyb
299 1927 1115 2048 und schinden ait arbeitten wo erselbiges
301 1967 1128 2108 funden, wonit mit brott höüschen fürgebrachtn
300 2042 1126 2147 zwar sye es daß er vor ungefahr einen
292 2105 1121 2228 jahr, auch alhie gfangen gsin, were aber
286 2159 1107 2272 allein von etwas wenigen opseswegen
296 2221 1116 2346 so ein zu Ruppelswird uß einem offnen kellt
285 2292 1102 2410 genomen und sonst von sheinen anderen
277 2351 1103 2474 Brsach wegen geschechen. Darumb der zur wol
271 2404 1096 2547 zufragen sye, Vitter also vol
278 2486 1040 2614 ummb vrzychung mit vermelden sich iub
268 2533 1079 2662 krünfftig weythers erlichen fürt zu bricgen.
240 2608 1090 2768 Ist einmal lar, daß andermal mit dem
254 2658 1096 2814 kleinen und zum drittenmall mit zwyl
255 2759 830 2881 steinen ufzogen worden .
