1195 3059
959 -2 1100 91 177
761 128 910 243 sonst
241 156 680 319 Bendicht Geri
85 198 783 389 genant Satler Bentz
45 457 988 614 Diewyl (gegenwärtiger) Bendicht
70 537 1060 699 Geri sonst genant Satler Bentz von Ran¬
81 600 1016 738 flü der kilchöri Rüdersswyl vor etwas
44 660 1012 801 2 wuchen als ein im gantzen landt ver¬
93 712 1009 828 schruwner verdächtiger böser gsellbuob in
91 762 993 888 der amptheynus Thun g'fencklich an¬
98 818 1050 934 gonommen worden, hat es haruf ir gn. ge¬
70 880 1030 1001 fallen, denselbigen alhar bringen z'lassen
9 945 1052 1060 unnd demnach zuo befelchen, er über söliches
108 1001 1028 1112 syn gantz argwöniges lebwesen, zuo
42 1061 1032 1177 Marzili gefeckt und examiniert werden
103 1113 1005 1211 sölle; allso ist derowegen selbiger jr gdn
95 1168 1083 1256 befelch uff montag den 23. augusti diss 1830
94 1218 1042 1316 jars jn anhören und gegenwürtigkeit der
7 1283 1051 1403 ehrenuesten frommen fürnemmen fürsichtigen
44 1340 1013 1430 wolgeachten wysen herren herrn Simon
97 1394 1087 1490 Wurstenbergers unnd herren Johans Hallers
74 1450 1058 1552 beid dess kleinen rats, herren Adrian Knächts
92 1506 1014 1602 der burgeren, hr Petter Fruotigs gross¬
87 1563 1043 1670 weybels unnd etlicher weyblen hochge¬
106 1621 1055 1709 nant jr. das den dienern gepürender massen
88 1674 1079 1796 erstattet worden, alda er Geri harnach¬
85 1732 993 1841 volgende, schwäre misshandlunngen an
88 1786 1031 1895 der marter bekent, verjächen unnd
105 1845 323 1942 erhalten.
107 1923 1006 2053 Erstlichen als er vor ungefahr fünf
103 1999 1060 2115 jaren by Wylundt jr. Caspars von Graffen¬
46 2055 995 2165 riedt seligen, gewäsnen lächenmahn ge¬
95 2101 1025 2236 dienet, habe er sich by demselben nit an¬
93 2176 1018 2271 derist verhalten, weder das wolgemelter
74 2207 1071 2360 jr. von graffenried selig verursachet worden,
71 2262 991 2376 jnne hochgenant jr gdn gefenklich zuo¬
39 2318 1080 2454 überschicken, uss welicher jr gdn befelch das,
58 2365 1005 2512 were er damalen alhie zuo Marzili
95 2430 1027 2573 mit der marter befragt worden, da¬
100 2488 895 2636 selbsten er bekent und verjächen,
