1144 3131
101 2142 132 2204 1
96 2322 141 2403 1
953 67 1070 146 107.
78 118 1075 253 Non jungen Moßean, im soderen mait graben
129 193 1080 310 eins hend von dem jungen wagner zuffignomb
129 244 1059 365 auch eins c. Soon welchen schafen deren
132 300 1031 437 synem fürgeben nach allein 1 syy sollendt
133 367 1060 505 Petzundt aber sich alhie an der zall 16 behindent
133 428 1074 569 er auch schon albereith einem metzger
139 505 994 620 alhie 3 eins allwegen umb ein beronen
119 561 1084 691 oerkhaupft und daß gelt darumb empfangenetc.
126 622 1067 750 Die anderen aber laße ime syn vatter by den
139 712 1024 830 synnigen zu weid touffen etc. im überigen
141 767 1035 886 hatt er auch beklendt, ei glaube nit anders.
105 827 1008 947 weder der vermelte Hanß Waber habe ims
140 892 1066 1019 zu erben geben, Daß ei satt von ime laßen
129 969 1048 1102 gehännen, dann daß gedachte ergauwer Reütli
138 1026 1058 1170 habe ime gseidt, eie draber khanne einen
138 1109 1058 1234 zu esben geben, daß er schummerlich kehönne uf
102 1175 1107 1306 haren st�len, Item er abe auch ein schwangeret
647 1247 805 1309 harra
122 1280 1065 1375 frauw, wan er dieselbe ubergweltigen
137 1345 840 1437 konnen uff schnyden wellen tc.
125 1418 1055 1540 Dißers alles hatt er Ull Berger ohne
118 1491 1046 1612 martter bekhendt und ist hiemit hauß
149 1558 655 1654 geführet worden,
100 1739 987 1850 Demnach haltt obgeschribner Hanß Stäber
109 1810 936 1907 vesachen, er habt sach je und allwegen
128 1855 1047 1972 ehrlich und wolgehalten und mit arbeitten
127 1939 1046 2045 fürgtaracht, dann er habe stättig by synem
133 1987 1062 2102 vatter gewonedt und mit demselben gewerchet
131 2058 1039 2150 auch sic synes vatters abferben, ist ver
138 2108 1044 2225 schynen weyens zwey jahr gsyö, Meisteres
124 2153 1024 2286 gedienet, wie ime deß orths syo letst
126 2240 1070 2353 gewaßner m Hanß Bergmah von Jetzick
144 2300 1037 2400 offen, alß welcher ime auch zum rechsten
137 2362 1054 2457 as synem lohn etwans gelts bezalt, Nie
142 2422 1033 2534 auch er siderhar bald hie bald anders pro
126 2495 1011 2600 etwans ein hen gewunnen, dardurch er sich
112 2565 954 2657 fürgebracht, erliche zugsame geben
107 2626 1007 2715 werde, zudem habe er auch hienor zu
122 2690 1043 2796 Herren vaupfman Morloth in wriegge
111 2733 1051 2868 anget, und sye diemalen dann jez by
