1227 3232
94 103 216 165 128
404 83 1019 200 Anna Kößer
310 250 1199 404 errerog B. G. Geneecks Ist die
312 364 1210 477 droben verhaffte Anna Käßer von Dieß
314 432 1196 529 wulen der ampthyang schrnetzenberg des
332 485 1215 589 20 may durch den ehremneschen etc. wysen
355 547 1184 654 terto ht Richans Jaghelhoffer, deß
338 593 1228 720 kleinen nathzs und h Großweibell hau
333 682 1204 786 tigs, in by syn etlicher weiblen, z ge
328 734 1229 851 dieneren wegen etlicher durch sy begang
304 795 1108 899 ner diebstalen alie zu Mattzil
1125 837 1228 917 drnst
326 863 1146 966 worttig exgmmidrt worden
374 967 1229 1095 soltte sy beschrent, daß sy in Rudolph Wyl
335 1036 1194 1155 deß wabers huß, alß er ihro nacht
301 1130 1199 1210 berberig vergünstiget, (wylen sy dem
338 1171 1199 1290 bettell nach gezogen sechs synlachen
340 1244 1207 1352 entzucket, und dieselben in die sieholt
326 1317 1194 1427 uen, dae sy ein schwager habt getragen,
299 1386 1199 1492 Welliche Eynlachen aber, gedachtem Wyler
337 1466 1139 1566 glych hernach widerumb zugestelt
316 1542 650 1632 worden syen.
312 1639 1221 1781 Denne habt sy auch ir m Dabis hußglie
337 1736 1180 1837 alß sy H. Doctor danusen Suhich
349 1802 1183 1892 selligen verloßnen frauwen gehopffen
336 1850 1172 1963 zu hu�zuches ein küßnechli und
333 1921 1170 2028 zwey ehrschlachen genomen, solliches
338 1995 1206 2092 aber, ihra auch widerumb geben
1207 2188 1233 2223 1
360 2108 1207 2267 So habt sy ebenmaßig, alß sy h maßl
337 2208 1228 2330 selligen vlaßner mitfrawen, ehwas
328 2293 1154 2402 zügs arholffen in ihr huß tragen
313 2325 1135 2456 daselbsten uß einem guffet, so nit
325 2423 1149 2537 beschloßen gsyn 15 l jurmen
301 2466 1189 2613 setkeli genomen und daß gelt hin und
294 2565 871 2680 wider also verbracht,
297 2648 1187 2767 Htt sonst vehrnnere unthatten begangen
329 2722 1192 2840 zu laben nit bekhennen wollen, gittet also
338 2776 1175 2890 Hochgenampt wrgen gantz föchenlich umb
333 2846 1185 2944 gaad, das sy sich ums khünfftig beßeren
338 2886 1146 3007 und mit erlicher hand arbent durch
341 2976 718 3069 bringen welle
315 2980 1174 3114 Ist mit dem jumpsen geherkt worden
1176 3066 1201 3096 b
323 3059 1204 3188 und uf ein gute kehur zrhennt geweßn
