1282 2898
170 99 295 177 184.
315 210 1225 412 Weliche syn fünfte g'fangenschafft
366 325 1235 466 er abermalen nit anderst jmme zur
340 370 1237 518 besserung dienen lassen, weder das
357 427 1254 579 er sich nochmalen mit diebstälen ver¬
351 485 1223 639 griffen, die er dan zum nächsten zuo
345 538 1244 709 thun bekent und ouch sowol daselbsten
279 598 1200 759 als ouch hir an der marter erhalten.
334 675 1207 857 Namlichen das er vor ungefahr 9
359 765 1205 908 oder 12 wuchen zuo Kriegstetten
330 834 1189 948 solothurner gepiets mit einem
335 882 1258 1017 by sich gehapten schrötysen zur schirele
320 940 1238 1086 hin yn jn ein gaden gebrochen, daruss
323 1007 1239 1152 by fünf mass anken, 4 oder 5 brot
248 1063 1232 1204 wie zuoglych zur selben zeit unfehr von danen
358 1115 1197 1243 uss einem gaden jn welches er ge¬
333 1181 1048 1295 brochen drü brot entzukt.
237 1291 1232 1425 Glycher wyss zuo Biberisch uss einem
342 1374 1190 1483 gaden drü brott als auch zuo Lohn
775 1435 898 1478 brodt
321 1439 1194 1547 uss einem gaden 4 neben dem das er
312 1492 1180 1587 hin und wider solothurner ge¬
317 1547 1216 1641 piets deren orthen nammen jmme nit
284 1597 1022 1700 jn wüssen, brot genommen.
170 1696 1155 1866 In der herrschafft Spietz habe er
345 1788 1201 1893 uss einem spycher, dessen thüren er
342 1849 1188 1943 mit einem torninen knebel ge¬
341 1905 1166 1991 öffnet, 2 wyber rök, ein kleine
326 1965 1151 2061 tischzwächelen sampt einem käss
338 2013 721 2116 endtfrömbdet.
331 2098 1203 2235 Zuo Thannen im Ämmenthal habe er
311 2177 1159 2283 ein spychers thüren mit einem
297 2231 1188 2359 der obgemelten kneblen g'eöffnet,
328 2282 1180 2385 daruss ein wyber rok, 2 brot und
336 2352 1158 2458 ein halb mass wyssmäl ver¬
334 2411 701 2513 unthrüwet.
270 2492 1168 2620 Dannethin vor Bern fahr einem
276 2575 1132 2688 jar by Worlouffen mit einem
