1185 2822
70 49 149 130 92
208 52 1149 214 Wäter uß disem grempel kammerl ein
268 158 1160 275 ander mahl entwendt, etwas bleits und
268 227 1163 354 achs halsintend außs dem Fleisch zus v
267 287 1141 427 orchete kallfäl ein barschuch ein
269 354 1098 459 halben bachen fleisch und ein hamen
826 434 892 481 d
254 428 1162 576 welliches alles er in einen mit nochzwe
260 492 1143 609 mahsen opfflen linden aber an einem
265 561 1131 684 seyll gelaßsen und in am sch�rlen ver
264 628 1135 741 borgen, man habe soliches alles wider
269 698 1147 833 gefunden und wohl gemeltem jun
220 763 708 884 keren zugestelt,
282 875 1135 1016 annetlin obgedachtem schloßer zu
191 964 1130 1081 Thun zugebracht ein darvbedt vnnd
238 1028 1111 1122 ein kih mit vermelden soliches imme
247 1078 1111 1207 syne elteren gegeben, habe es aber
252 1155 1119 1271 gedachtem junckeren zu Hungen
248 1225 1119 1335 ab synem Esterich, da hin er über die
242 1293 1135 1419 lauben uffengestigte entzuckt welicher
232 1366 1140 1469 Schloßer Ime darumb vierthalbe erane
242 1428 1123 1549 send 10 latzen zugeben versprochen,
168 1500 1107 1649 zu thumer gefangene einer wit
196 1591 1094 1714 wen bÿ deren er zu herberig gehyn,
239 1658 1102 1772 von lungers wegen zwey brodtget
229 1730 480 1824 trombdet,
180 1810 1114 1962 bermahlen zu Tchun der Spoteggern
198 1912 1110 2024 In deren husar, uß dem huß da er zu
998 1980 1051 2010 en
227 1972 1112 2092 herberig gsin, gestigen by den 28. ellen
184 2052 1092 2153 wellin thuch genommen den einen theyl
216 2109 1117 2217 verkaufft und auss dem anderen thei
194 2171 1110 2291 ime lossen und strumpff machen laßen.
206 2238 1098 2363 weliche strumpff jra der 3 poteggere
212 2325 738 2411 aber wider worden,
205 2403 1101 2534 Mehr uss dem newen hass zu Be
213 2499 1056 2608 geb zwnvierlig falte entwerdt,
178 2560 1111 2648 wie auch dem Punckeren daselbst
205 2620 1085 2722 us dem Bachofen ein leybbrodt
210 2677 529 2771 entfrombdet
