1218 3078
1006 44 1159 129 173
101 210 1064 445 Bff Benschmen Fruttag, den. 27
140 306 1139 502 auousti biß 1630 jahrs. ist vorgelelte
160 385 1140 554 hauß Jacob von Wuniß nochmillen alhie
146 453 1147 615 In der schatt pfengelich zezogen und uffgvolgen
150 535 1077 677 sambstag den 223. dißmonats und fahres
135 610 1120 741 Nß J G. beuelch, durcg die Ehrenuesten
139 691 1079 822 frkommen fürnemmen, füresichtigen. Wysen
137 775 1057 889 seieren h H Rudolph Steiger e
145 817 1090 965 kleinen raths, e Abrahann guttl
129 916 1124 1046 und h großweibell früttig, alhie
150 966 1091 1108 zu Marzili gantz erenstworttig und
153 1046 1118 1176 nit anwendung hienach gemelter mact
131 1128 1085 1244 Ober syn jetige gfangschafft, wie auch
399 1203 491 1259 leb
135 1199 1102 1329 oberich syn weßen und begangschafft
140 1276 1080 1417 examniert und befragt worden
163 1408 1102 1541 dahelbsten hatt er uber hienoe bekhendte
120 1497 1052 1603 Diebstall nit mehr begangen zu haben
132 1567 1081 1659 versachen wellen weden daß er mit
141 1620 1016 1743 holff eines anderen, so sich hetter
139 1692 1025 1797 bächler namse im Gnggisperg
136 1757 1059 1859 Uff einen Alp läßen uß einem
137 1831 1096 1941 gaden genommen, den einen mit einanderen
126 1890 978 2011 gnoßen den anderen aber umb 1g
130 1965 336 2077 khanfft
79 2055 1045 2213 Istem mit hilff obstatt daselbst im
48 2178 706 2283 aggesperg ein thun
79 2294 1065 2459 Behruner und zum Letsten habe er
140 2392 1078 2511 h Rasten, wirdt zum löwen zu Tau
113 2446 1087 2569 y welchem er hienor gedienet letst
117 2531 1070 2639 verschinen wuchen 11 stuck an läbendigen
103 2592 1002 2698 hunderen und capunen uß einem
99 2648 1041 2766 stall genommenwelche er zusamen
