1195 3022
1018 39 1108 124 179.
135 118 1121 254 Dißers erlößte gelt, habind imme zwo gwüße
131 209 1099 323 menspersonen, welche er nitt kenne und
161 272 1068 386 Inne zu söllichem beredt, wie auch daß
145 307 1106 455 Bberich obstende zug gestollen, widerumb
161 420 407 535 genommen
110 528 1065 687 Achtem bekhendte er daß ungefahr von
174 610 1090 744 einem halben jahr er zu Buren wegen
185 664 1083 803 er einem schumacher daselbsten ein par
196 742 1108 879 thu uß einem golden auch ein leib brott
188 814 1115 946 entzueket von dem h. schuldtheißen gfencklichen
172 886 1118 1022 ynzogen und aber glych daruff miteite
179 954 1090 1080 gutten cansar ledig glaßen worden
177 1093 1068 1214 Mehr habe er unfahr von Baden ein
174 1175 744 1266 leib brott entfrombdet.
155 1284 1097 1416 Aber sittwyth von Baden ein lynlachen
188 1365 829 1475 ab einem bett entzuckt,
179 1479 1079 1618 zu Loupingen uß einer anderen stuben ein
106 1578 1080 1684 mans hembt entragen und aber daß synig
196 1641 562 1745 anstatt gelaßen,
146 1726 1065 1858 u Riggisperg habe er ein leib brott
118 1799 1057 1938 sampt kenem wierttell ka� genommen.
135 1887 1041 2019 zu versibach ein leib brott entragen
38 2017 1090 2149 Aber zu Greuchen ein alspar schu entzuckt
82 2104 1076 2239 Wyther zu Nactenbach ein halbe Ballen
159 2189 1021 2323 Ancken genommen und die verbrucht
142 2282 1029 2463 zu rieden ein hembtentragen
143 2388 838 2539 und daru� den hrren erloßt
155 2527 1074 2659 Item hatt er vers�hen, alß er mit der
176 2625 1081 2742 obgemelten grünen gppen und par schu
174 2685 1079 2825 zu dem pfister im schachen ß also ge
828 2792 1083 2900 nampt
