1224 2955
118 76 302 165 204
191 213 1225 359 und 3 gippen, welches sy Jacob Krattig ihrem
287 286 1216 447 geweßnen vogt uuß einem spycher rechtlich
253 339 1229 498 Wyl genommen, ihn ihr huß gebracht, un daß
282 414 1229 580 selbige alda getheilt Röck um enschleh
293 476 1227 628 lyülachen, so ihrem buben zugetheilt werden.
299 575 1230 703 zu sich genommen und empfangen, daß sy aber
281 605 1227 782 Bot ihrem anschlag dißen spycher ufzubrechet
284 676 1224 836 und dißes züg haruß zustelen gewißt wye
286 743 532 855 ganttznit.
264 846 1228 984 Erem habe auch einmall von Bermettem ihrem
276 902 1227 1014 buben ein maß anehren und etwas uißen
301 975 1205 1099 10 jme zu Gbschlimutt, allß sy daselbsten
301 1038 1198 1172 seiner wirtwen ihren spycher ufgebrochen.
289 1094 1221 1215 snd sachen daruß genommen, zu theil worden
288 1159 592 1275 empfangen.
208 1259 1207 1374 Hoehrnners bekhendt sy, das denlangest der
264 1319 1181 1435 langenthaler Jorli einein müllen
286 1400 1192 1501 ei gutten theill wals auch rechtlich
273 1444 1228 1549 Wyl uß der aml gestolen und inselbig sy
280 1502 1220 1612 ihr lu� gebracht, der müller were abe
280 1576 1181 1681 deß morgens Jahn khon, solliches mall
288 1638 889 1742 Inen wider genommen
292 1730 1206 1842 so habe auch ihr ander bub dem Chaspar
285 1798 1171 1907 Baßer by der lendtschur ihren
272 1864 1169 1961 frenndt ein roß entfrömbdet, sye
281 1926 1181 2039 Ime aber wider zugestelt worden.
234 2030 1187 2176 Bittet umb dißers alles gantz pahlichen
271 2117 928 2240 Bo gd umb verzychung
401 2274 1143 2418 Hauß Schmidt Geob¬
348 2372 1107 2470 anzogner Pfister sin ein
493 2442 900 2533 junger senhab
265 2518 1199 2644 hatt glychen tags, auch in by syn proban
275 2552 1193 2709 zogner myner hochehrenden herren
286 2599 1228 2763 hienach volgende unthatten bekendt
266 2718 807 2826 n vnd verzechen
