2448 3264
121 356 1065 543 Iiornd pacrol von Wetz uß Lotringen
197 459 1097 621 ein krämer, welcher mit wüllmen strmpfen
189 546 1041 664 zwarbe etc. man sterbe in syner heimet
187 605 1098 709 sehr starcke der pestlentz, darumb man die statt
191 656 1093 769 beschloßen halte und niemandt der veren da
193 704 1096 851 gnnen laße und wyl ime ein gwüßen schonf
194 793 1119 894 herr, der auch uff dißen Maridt alhar schomen wugge
203 839 1123 965 Wolf kronen schuldig gsyn, habe er die ynzuchen.
185 898 1107 1006 und darumb zu Geuff waaren ynkehonechen
188 964 1119 1074 wellen und also synen bruder, der syn gemeinte
191 1025 1034 1138 In dißem gwärb zu Pasell gelaßen
188 1163 1106 1317 eß klein B St jmmersthull, wie das er
209 1259 1067 1370 hievor allwegen meischegen gedienet und
215 1334 1114 1440 sich durch diß mittell gekleidt und fürgebracht
208 1382 1121 1499 Alß ine aber hagnach daß kaldtwehe angegriffen
203 1456 1126 1559 habe er bißhar dem allmußen nach zuchen müßen
130 1718 1139 1834 Dielans Aregger von Wilisauw, habe ein zettlang
219 1797 1141 1901 In italien yn besatzungen gediennet und har
221 1851 1152 1958 nach sich deß gerarbens, der schwantzen steineng
224 1921 1127 2003 tafftlen angenommen, wie er dann auch der
244 1969 1125 2082 selben, diß märnts alhar getragen, dieselben
235 2036 577 2142 zuverschauffen
234 2186 1151 2348 Hanß Haaß von Lureren, habe zu Montfcrrat einem
237 2253 1138 2400 hauptmas gedienet, aldo ime syn Lingge hand,
244 2316 1159 2467 abgeschoßen worden, sonst sye er synes hand
214 2383 1132 2510 werttes ein schnyder, mit welchem er sich
246 2449 1150 2596 hienor allwegen fürgebracht, jetzund lußt
240 2502 1162 2636 er woll dem allmußen nachzuchen, sonst thätte
243 2620 491 2706 ers nit
1158 324 2180 529 Adam Hamer vos seben, dornacher vogty, er sye
1233 391 2206 579 vor jahren gar hardt verbrondt worden,
1191 442 2153 653 derogeshalten, daß er an den einen aug gar mit
1250 525 2170 715 mehr an dem anderen aber gantz wenig meh
1253 563 2183 793 seche, also daß er syn soßen schricker handwerck
1248 653 2185 848 nit mehr tryben kh�nne, sonstpflege er ze tumt
1252 739 2172 940 apostolium zu graben, vnd also sich beste muglich
1267 822 2176 1009 zu erneren, Wyle aber dißers nit gnugsam
1265 917 2079 1055 inne fürzubringen, theye er deßwegen, den
1269 1031 1659 1121 allmußen nach ziechen,
1329 1217 2234 1348 astian Niecolet ein khuffer hinder Buwrenburg
1276 1293 2207 1406 gesëgt, habe vor etwas jahren zn kündten
1256 1359 2195 1452 sonder dem Bernerischen aegtmendtge
1292 1425 2218 1514 nienet und volgents daheimen sich allwegen mit
1295 1476 2187 1585 arbeitten fürgebracht, sonst sye er jetzund
1300 1533 2265 1648 alhar khomen zu suchen, wo er etwas zu arbeiten
1265 1590 2198 1706 b� sye zu Troschen oder aber andere arbent
1295 1672 1574 1762 finden khönne
1267 1805 2194 1936 Dcillaume Nincoler deß obgemelten Bochian
1277 1883 2263 2011 Niecolets bruder, habe dißen sumer durch uß
1277 1936 2237 2050 daß kaldtwee ghan, als daß er nit arbeitten
1287 2000 2273 2122 wegen sonst habe er bißwylen, auch ein blinden
1292 2053 2244 2185 knaben unbenanderen geführdt und sich allso
1255 2122 2033 2247 durch diß mittell fürgebracht .
1239 2251 2270 2437 Sober diß zeigendt sy alsomen ao sy habent
1306 2337 2186 2483 sycze und allwegen wolgehalten und
1300 2399 2214 2551 wellendt sollices auch in daßküüfftig noch
1300 2454 1676 2544 wythers thun etc.
2192 167 2233 221 3
