1224 3095
84 82 208 149 202
335 77 1202 213 Aiclans Wung von
585 169 1007 287 olligschaffen
305 285 1227 411 Diewyl Elßbeth Sattler, von Langnoms
304 394 1227 478 Bendict Ob erigs sonst genampt sattln
338 435 1226 552 Bentz, ehliche hußfrzen ihrer sanalen
348 496 1225 611 abgeleßnen vergiht ohne uund mit der mat
343 569 1228 696 betthandt, as siielauß Lung von Zolligkhes
320 632 1206 762 ihra die ehe versprochen, sy beide auch
345 708 1194 827 alß gemenkechh etliche mahl, die nacht
320 768 1198 874 durch by einanderen gelegen, und also
358 818 1228 945 sich fleischlichen und in zury vershieffn Al¬
341 896 1205 1020 Ist derowegen derselbige Nß v gdh beneli
339 974 1227 1083 dißertagen gfengstlich zuzogen und durch
328 1046 1200 1149 die ehrennesten fromen fürnemmen für
353 1110 1178 1204 ichtige Wolgeachts wysen herren, h.
345 1169 1174 1265 Daciee von Werdt auch h Wilhelm
334 1238 1186 1342 hartzen bei deßklemen raths und e
343 1303 1206 1402 Großweibell frittig gesterigen tags
332 1367 1215 1451 worett eiensthafftig und mit allem pffer
333 1426 1205 1524 darüber befragt worden, welcher
333 1489 1210 1592 zwar vor dißen mynen hochehrenden
337 1553 1179 1659 herren nützit, aber hernach in
338 1610 1168 1721 by syn, z Großweibell früttigs
344 1679 1204 1772 bachendt, war syn das urschinen sumers
349 1743 1200 1840 ei ihra die ehe zugesagt und vesprochen
338 1795 1203 1914 syen zu kilchen und straßen zu jahren
310 1853 1193 1947 Sonder end mit dem vortbhalt aber
289 1918 1182 2026 Wann sy ein man palbe, deßenthalb
343 1978 1192 2091 ime ein ordenliches scheid brieff
329 2036 1207 2140 fürwysen werde und sonsten nit
340 2086 1206 2205 Item das sy beide auch etlich recht dur
347 2157 1207 2267 Al� gemantsche by einanderen gelegen
325 2184 1200 2317 Hnd sich also unschänscher wyß mit einanderen
332 2275 1204 2384 vergangen, Er habe aber gantz nit gewüssen.
339 2314 1211 2449 daß sy ein solliche persan sye, welliche
360 2396 1210 2508 sich henor erzelter maßen mit diebstoden
325 2454 1193 2571 und anderen ungebürren ugriffen
328 2516 1207 2616 So bald er aber deßen berichtet, wor den
341 2578 1197 2688 habe er sich ihro gentzlichen gemüßiget
334 2613 1191 2749 und sittwytters angeammen,
