1247 2829
1121 29 1215 93 81
214 55 1176 184 umb verzychung und ist zwey
225 148 1194 233 mallar zum druee mit dem
220 191 1178 310 kleinen stein uffgezogen und zum
218 252 1154 356 verdten iro der ander stein ouch
218 326 1106 427 herzu gehunden und sy big zu
210 381 1211 470 ufflüffung der ssteinen widerumb
204 443 848 554 uffgezogen worden.
177 545 1188 667 Ewelen aber hochgenampt u3 g
230 612 1128 715 an disere ir der gefungene vergicht nit
234 668 1204 791 kommen können, sonders getrawet ir hertz
226 750 1148 843 unthatenhalbne noch nit volkommen gerumpt
212 809 1207 920 habe wurde, deßwegen bewolchen, sy wernert
224 880 1095 993 mit nichtwendiger Marther darüber
214 947 1055 1057 zu befragen, alls ist sollher u gl
627 1016 749 1068 tag
210 1014 1195 1133 bevelch uffgesterigen durch wolgenamten
208 1095 1159 1199 num hochehrende hr daniel von werdt
194 1157 1131 1265 deß kleinen rohts er unwantzen dieb her.
199 1217 1114 1337 Broßweybell frutig sampt etlichen
194 1290 1113 1411 Wieblen N g dieneri zu Marzil
191 1362 1166 1491 erstattet und aber durch sy unangesechen
190 1441 1148 1553 aller angewendter vermanung, die
185 1508 1056 1592 warkeit zu bekenne, weiters nit
185 1566 1169 1683 bekend woreder, daß sy auch vor etwaß
184 1642 1136 1766 zyts zu verhigen, als doselbsten ein wösch
173 1718 1124 1844 gehalten worden, ab einer stangen vor
170 1786 1169 1912 dem huß einwyber hempt entfrandet
181 1848 324 1949 habet
154 1970 1146 2072 giotet abermalen hochgenaner.
134 1997 1094 2123 flechenlich umb verdzychung,
139 2044 1087 2171 mit vermelden vber das obge¬
122 2094 1138 2206 meltte wuge sy nit wyters zube¬
110 2148 142 2192 1
144 2152 1009 2273 kennen doßes begangen zusaben
147 2221 1132 2352 und ist zumersten lar zum anderen
144 2293 1109 2405 mir den kleinen stein, zum driren
138 2329 1070 2457 mit zweyen steinen uffzogen, wie
134 2382 1102 2496 auch zum viertinmal der driden
125 2420 1046 2556 stein herzu gebunden und sy sey zu
133 2477 1109 2600 vfflupffung aller deyer steinen wider
121 2508 631 2631 uffgezogen worden.
18 2552 1048 2695 Ist wräder s uff den rüggen gebrönt und sy
38 2597 1011 2717 volgendts mit rüchen uggeschmeist, auch mit
29 2628 1075 2780 dem eyndt von stat und kandt verüg worden.
