1667 2443
1428 25 1579 145 25
132 80 1561 260 Demit bekhende er, daß er sich mit motlysen
122 197 1564 345 Deß Bapgrers frouw anderb wüßeer
180 274 1590 435 sich nit zu eriuneren, ir synem oberen Bad.
147 362 1569 513 Nachdem er die thüre deßelben beschloßen
147 487 1564 615 Fleishlichen vemischet, vnde auch die Jungen
156 545 1539 706 2 schnekl ain in luchs, welche hinder ime
167 634 1520 812 hunden worden, in m düffelbeißen haß
158 741 1559 896 deß uüllers, also er daselbsten gewerchet
181 852 478 989 gesholen.
156 975 1511 1168 Baß die anderen artickell ande
179 1086 1585 1250 langet, by dero sechermöligen bekhanden
165 1203 1265 1352 laße er eis gentzlichen berüwen
125 1334 1589 1491 und bittet über dißere syne beganget
149 1458 1564 1591 ne haler, gott den wiretn uund eine
167 1549 1466 1703 gnädige oberscheide gantz flachenlich
164 1642 810 1777 b umb verzychung
153 1813 1518 1996 Ist zum 2 mall lär ufszogen worden
629 2024 1030 2167 Nota bene
206 2136 1104 2341 hatt wy ther beschendt
