2448 3264
24 232 84 339 1
320 291 834 408 Hans Dappen
443 378 802 477 Bekhandtuns
158 422 1140 647 Aß benelch zer adi ist durch diebher
229 536 1135 683 lierten etc. Herr Bath Ludwig mey deß
200 585 1112 728 Kleinen raths und h Großweibell
220 672 1130 823 frenttig so Hanß Dappen von Bürgen
233 735 1099 868 stein ein jangling, alhie zu Marzilli
203 787 1151 934 mett gantz ernsthafften wortten behrlgen
231 869 1123 964 uend durch ine beevaa bekhendt worden.
237 960 1136 1099 amlichen wie daß er vor etwas zytts
246 1058 1126 1152 einer gwüßen, nun mehr endtlauffnen
230 1104 1111 1217 wybs person die ehe versprochen, selbige
251 1149 1122 1268 auch her gebur nach zu kilchen und straß
246 1249 1133 1341 führen wellen. Alß aber selbige kurtz
246 1303 1116 1397 harnach nit anders verhalten weder daß
254 1372 1101 1467 sy von jr 2b gefangenschafft gelegt
240 1439 1115 1510 und zwar harnach widerumb ledig gelaße
251 1498 1114 1592 worden, hatte er danalen den eosten
257 1549 1131 1651 ihrer gefangenschafft bezalt und sonst mit
255 1609 1120 1699 derselben sys gältl anderer gstalten
275 1652 1128 1754 zu köllem verbrucht, also daß ime necher
268 1720 1059 1810 malen, wie er alhar khommen, in sin
265 1782 1089 1885 kchomen, etliche schaf zu enwenden
265 1842 1113 1944 und hiemit ein pfenning widerumb
267 1905 1155 1999 In die hend zu bringen, wie er dan auch
274 1963 1173 2070 albereith verschinen tagen, siman Bachman
274 2019 1144 2131 zu Niderblacken, drü schafteß syner
274 2100 1151 2196 eid genommen dieselben biß uanfher
265 2137 1155 2248 vos Wäberen getriben, ervolgendts
281 2213 1127 2316 In die statt gegangen, zmen Metzger
277 2269 1168 2394 alhie, namlich m Niclaus Mathys, dahin
280 2335 1148 2459 geführet und solliche schaff demselben
266 2392 1169 2502 umb sechs pfund pf ver khauffen, weliches
260 2455 1173 2573 ime aber treffenlichen leid, dan sßer
249 2501 1179 2630 laßen, habe er sich jederzett, ehrlich redlic
272 2561 1155 2687 und frambkelich gehalten und getragen und
275 2632 1159 2755 sich mit dienen fürgebracht, deßen ime
249 2686 1168 2810 Der aman zu Schönegg, wie auch Petter
256 2747 1119 2882 Otz by jedem er ein jahr und hauß
257 2773 1189 2962 däppen syn verwandter bywellichen er seih
272 2836 1164 3033 Johr gedienet zugnns geben wurdent, uin
248 2896 1180 3082 welle sich in das küüfftig, auch ehrlicher wyß, mit der
260 2988 1103 3160 hilff gottes fürbringen und erhalten
2172 175 2255 258 11.
1250 449 2251 632 Dhabendt Bermon ihr gnaden ge
1292 529 2154 695 welchs mihne hoch und wolerende heiren
1271 587 2243 750 d Brath lindwig mey, h Barckhnrdt Fischer
1285 652 2202 803 beid des kleinen raths, wie auch h groß
1284 689 2230 868 weibell hautig, in byweßen zweyer hiesic
1293 787 2169 945 personen, gesterigen tags, alhie zu Magzili
1304 862 2247 1010 hienach geschribne mans personen, ihres sanßg
1297 927 2079 1076 gangs und angwongem uem einanderen
1293 993 2135 1137 strychens halben, gandtz ernsthafftig mit
1299 1079 2252 1186 vortten, wie ach thröüwung den mattter
1301 1153 2245 1265 exeaminiert und befragt, alda dieselben
1296 1234 1756 1346 bekehendt wie volget
1263 1431 2265 1538 Alß erstlich Christophell Sigot ein jung
1323 1506 2304 1606 Jaab uf Lotringl, Eß habe inne syn mutter
1316 1582 2293 1671 hinwegg geschickt synen bruder Anthani sigot
1331 1624 2247 1751 zu Gruff seßhaffen zu besuchen und in
1343 1702 2269 1797 für syn zerung werden laßen acht francken
1329 1776 2251 1861 und wyl man inne, alß der noch niemalen
1319 1839 2260 1934 In dißen landen gsyn uff der straß letz ge
1331 1895 2085 2000 wißeen, sye er also uff Sollothur
1346 1942 2025 2053 zus und nachwerds alhar khomen
1335 2144 2295 2305 Demnach Georg Pfrund von Haieben Züeich ge
1349 2228 2196 2354 pretts, wie daß inne gott der herrn
1359 2281 2261 2418 zu Schafußen, solda er geherpstet, mit dem
1354 2337 2154 2498 eranckheidt der pestelentz heimgesicht
1371 2417 2278 2560 annenhar er keinem meister mehr wie
1377 2471 2303 2640 eie aber zunom gethan, anbeitten khannen
1362 2532 2236 2687 und zu syner underhaltung gewint
1365 2596 2212 2763 sonders gezwungen worden, biß har dem
1365 2672 1954 2801 Almußen nach ze zachen
