2448 3264
100 70 210 142 210
731 163 777 237 e
397 177 1013 360 Asbets 1005 r R
410 273 1005 394 uß Wyttenbach Im
475 324 825 446 Amenthal
321 467 1202 634 erschiner tagen einer, Ist Elßbete
265 519 1221 721 Erhsart von Wytenbach ins acfenthal
356 602 1211 749 ein dienstmagt durch die pronos
354 647 1170 789 vor deß obern spitals schnrseer
340 705 1163 854 runker, ligent funden und des
358 770 1162 920 wegen als ein ergwänge prfahn
353 822 1188 964 gefenklich alhar gefurt worrden,
341 899 1198 1057 welche dan vß hohgedacht v. g
353 967 1226 1109 beuelch, gestersgen tags, solichesgars
368 1057 1175 1156 ehr wonigen leberesens halben
341 1109 1221 1217 durch die Ehrenurstl f. e Pwalzen
383 1169 1216 1271 yßn herrs h damd satuan deß
356 1226 1199 1325 Kleinen rate h Andreß Gothies
321 1269 1189 1393 der Burgers und h. Grossweibel
340 1335 1174 1435 Lrütig alles ernstes, wie aūch
346 1397 1172 1480 m anwendmnt der Marter
365 1443 1191 1564 gerxaminert worden, welche
351 1495 864 1608 harüber bekent,
295 1609 1233 1757 Es habe zra dres vatters Schwöster
328 1686 1248 1806 vrschaiden zibstags, etlichs buch Zerer
376 1748 1215 1869 allhie zunerkauffen zugstelt, In
373 1797 1200 1908 dem syaumnach verkauffnng
354 1862 1252 1985 Dißeps tuchs die satt hinnszangen,
370 1927 1194 2055 hasbnit wa zwgen ehrliche Panz¬
369 1986 1239 2096 manner, so sy wol keinnit und
357 2035 1230 2156 In einem kheller drunken, fra ge¬
380 2100 1200 2217 wunken, vnd zu Inen zukomen,
367 2172 1210 2308 welches s gethan, vnd nach dem
393 2218 1213 2374 y ein Tyflang alsa gedeunken
379 2302 1249 2423 vnd die Zwey Lantenauen Enweg,
389 2331 1236 2524 ye Ira der wy, als die desen nit
373 2397 1247 2606 ggewannet angentz starken kopff
375 2486 1214 2664 gestigen, gstalten, das sy sich by dieg
330 2529 1216 2700 schüren zu Schlaffen andergelegt
362 2620 1198 2781 und morndrist Irey veranger in
2242 41 2339 130 21.
1338 412 2348 580 die Evnd gan dießbach suchen wollen
1341 489 2278 665 Im vbrigen habe sy sich jederzeit
1350 567 2312 720 ehrlich und redlich gehalten und alle
1354 621 2316 769 giet nit gedienet, wie sy dan söliches
1362 684 2283 826 das daß kunfftis noch wylersthun
1335 743 2311 865 welle, allein das sy von diswillet s
1347 787 2315 944 Kriegstag sich mit einem der jra
1340 841 2332 989 die Eheversprachen, vnd solches Ira auch
1360 927 2318 1044 hals er sein kome thalten welle.
1336 984 2268 1109 ditit gantzhöchlich un zren umb verzich
1358 1052 2303 1170 Istem mal kährufzogen worden,
1335 1232 2185 1363 Balthasar Pöton Lanr.
1588 1325 1860 1428 hachlet,
1330 1409 2283 1541 Vß 1 gd. beuelch ist gesterigen tags
1367 1496 2303 1597 durch die Erengesl f. E. E. wolte
1361 1550 2310 1668 Wysen h h Johans Wy de so kleine
1362 1623 2317 1734 Rats, h. Zierammin Zuber, der burgr
1376 1670 2257 1784 Iei auch Großweibel feuttig
1403 1749 2291 1832 emtetliches Weyblen hochgenant
1387 1784 2327 1913 g dienern, der droben in der glangen
1395 1832 2307 1962 schafft enthaltene uneheliche galt
1394 1890 2273 2021 Casar Pytog ein hachter, alhie zu
1337 1944 2318 2073 Marzie mit seer ufferig unnd
1398 2017 2332 2179 ernthaffen worten, vberhienach
1382 2061 2292 2210 gemelte artiekel, befragt vnd
1391 2143 1991 2243 eacuniert worden
1388 2248 2355 2414 eß ersten vßern vrsachen er, von dem
1391 2323 2321 2464 hauptmaß Muhelt zudem, er In
1384 2387 2164 2537 Khrag geditiget, ußgerißen
1567 2448 1880 2572 Zeigt an.
1339 2502 2332 2718 Nit gustem willen er Ime h haup
1402 2582 2320 2767 man, gesalten hette, Es gezunee
2036 2649 2070 2707 s
1393 2630 1998 2777 aber als bald tharnf
2018 2733 2385 2825 das Kaltwe
