1135 1998
46 66 176 142 148
292 178 1119 337 h Gabereel Güntshweger ger Gund
310 266 1129 417 snd g groß Greibell freuttig, alhi
313 346 1113 467 zu Marzili kruscfworttig und an
313 406 1129 536 anwendenkg zimlich mautter befragen,
311 469 1127 612 vud examnert worden, aber in kheinen
278 551 1117 660 wegn nit gestendig syn wellen, sonder
270 611 1105 724 vermeldet, Flückingr ime diß orthsun
272 682 1117 811 güttlich, solches uß nyd und haß und
324 764 1113 875 soß forcht er alie syne vppigen sach
300 826 1112 935 so serdortt im beieg hegange, offen
316 910 1099 1008 bahren thuge, daß er aber von ime
322 965 1099 1083 hoßgrißen Sie Sie Vrsach, wylen
325 1034 1094 1148 ei ime syn versorachnen lohn und
317 1108 1104 1223 ihein rahrung hab geben wellen
314 1163 1101 1279 Vol sye er zu Frachselwald von
314 1235 1068 1349 ungfahr 3 fahren gfangen gsin uß
291 1318 1096 1414 Zrsach ir dem Christen herttig ge
315 1381 1090 1481 efawt syn eaß zu verbronen, auch
282 1442 1094 1542 Wegen etlicher uß goßnen schwuren
294 1501 1084 1607 sye aber von den alten zanggen
287 1575 1095 1683 mit 50 d auß glediget worden etc.
298 1695 1050 1834 Ist in lär uffzogen worden.
