1169 2930
25 44 170 116 100
289 79 991 182 Andnes Wagner ein
465 157 985 255 gipser und Burger alhie,
267 256 1110 388 Diewyl und andre� wagner der guser
241 333 1112 452 und Bünger alhie vor ungefahr einem haben
283 398 1107 497 jahr von humen und sidergar in Tütschand
811 459 902 498 der
917 464 964 503 han
277 459 1122 579 den kniegen nach gezogen, sontags aber vershinten,
121 528 276 599 snntags
304 522 1116 639 hwüyen morgens in deß ablaßens sß all
307 594 1111 685 verdachtlicher wy� sich begeben, alß ist er
311 659 1124 751 Bon deßentwegen gefencelich angenommen
295 717 1126 824 und uff gesterigen tag uß ug benelh
284 792 1120 874 durch die ehremmesten etc. Heiren dandt
298 829 1128 910 Aman deß kleinen raths und herren groß
290 896 1121 1004 weibell früttig in der kefin allie uber daß
312 963 1127 1063 ein und ander, wie auch über den in pünken
309 1020 1122 1126 geschehnen todtschlag, alles ernstes befragt
311 1082 1022 1170 worden, daselbsten erangezeigt,
248 1206 1142 1310 lß by sengefahr einem halben jahr, syn ir srever
305 1259 1143 1353 Bor wolgenampt und gd zemelden) mit der frantz
316 1331 1122 1419 ösischen sucht oder vranekheit behafftet, syeer
313 1383 1129 1472 by mengeklichen in abschühen gsin, gestalten, das
313 1441 1140 1523 Niemandt ime weder zu arbeitten, dardunh
431 1484 512 1516 aber
330 1492 1144 1570 sie sich erneren müße, geben, noch auch sich syns
316 1539 1127 1629 annemmen und beloden wellen, habe denwegen
291 1584 1131 1675 ime fürgenommen, in niderland den wriegen
306 1667 1129 1736 nach, biß es alhie beßer werde zu zuchen und
306 1718 1141 1797 alß er da nitt sich ab zu einem paß khomen
307 1756 1153 1859 habe man ine, aß ein vermennten ueß gewißnen
316 1805 1140 1912 gfencklich angenommen, in ysen angefeßlet
303 1878 1129 1958 Bnd also beß für colmar hin ab, auch hornach
258 1928 1143 2021 wider gan dobnur gefhüneet, daselbsten er um
317 1987 1136 2084 einem theißeriches weidli für ein gefryten
315 2042 1147 2141 Soldaten angestelt worden und also bisher
311 2113 1134 2194 gedenet, wyln aber er noch etwas wleider
321 2160 1136 2255 alhie hatt, so habe er by synem hauptman
329 2194 1154 2293 umb ein paßportten angehalten und geworte
303 2266 1143 2358 Welcher ime dann selbige, jedoch allem uff
282 2331 1143 2425 sechs tag lang welden laßen, mit welchem
320 2379 1155 2483 eit nun verschinen sontags morgens umbi
276 2446 1144 2522 knne alhar in deß ablaßers enß khomen
308 2487 1170 2582 solleche syne keleider alhie zu reichten dei a
275 2544 1150 2627 nach frag zu haben, wie sich syn frauw biß
302 2579 1170 2696 hereo verhalten und grad am montag wider
275 2648 1127 2748 verreißen und by synem hauptman in stellen
273 2713 525 2783 wellen
