2448 3264
169 196 264 268 84
170 1007 284 1055 aber
491 233 1191 412 Jchan chenallet von
424 311 1105 448 Kūlls, Hievorgemeldt,
265 398 1170 553 Diewyl Jchay Chmallck purtig
270 460 1153 591 Won mulls in der landtschafft
320 504 1217 640 Wardt von einem zu wog hingericht,
325 565 1200 672 etwa Jchay Francoge Conrtel genant
356 594 1178 712 mürtig von Gönhsiger unneer von
348 643 1186 764 Josanew in siner gethanen vergiht
352 718 1218 825 mit ime etlich mordtthaten begangen
346 736 1196 850 zuhaben angeben und volgendts auch
335 796 1216 904 daruff gestorben allls ist derowegen
355 846 1168 948 er Ghmallck vor etwas verschiner
352 905 1147 990 zykg verluth ud g bmelchs alhie
362 952 1222 1072 gefencklich yuzogen und uff gesterig
337 1025 365 1073 1.
373 1004 1171 1105 ein tag den 20. huris durch die
335 1056 1171 1140 Eherenuesten, fromen, furnendenn
353 1110 1173 1196 fürsichtigen, wolgeachten, wysen s
360 1161 1159 1248 Burckhart Fischern, deß rbats
371 1216 1179 1293 H Marti Fels der Gürgerene.
362 1259 1166 1332 und h Peter frutig, Grogweibel,
398 1317 1210 1379 ampt etlichen weiblen un g diene
344 1354 1213 1438 re, alhie zu Marzili alles yffers,
376 1400 1216 1486 ernstes und flyßes zwar aberman
333 1449 1180 1534 len erstlich mit worten volgendts
371 1503 1218 1566 aber auch mit der der warter ver
344 1547 1182 1635 mant und gefeckt worden, gode
358 1593 1157 1673 im zimmel die eher zugebenn,
353 1646 1167 1719 und hochgenant ung uber dieere
362 1683 1209 1768 accusation die warheit zubekenen
352 1736 1209 1832 damit er also sin hertzrechtgschaffner
362 1787 1138 1879 wyßs gerümpt von vn g dasto ehe
376 1829 1164 1916 mlterung der straf erlangen
374 1884 1197 1976 möge, daselbsten nun er hienachge
353 1933 1194 2012 schribne un und wordtthatem
361 1976 1220 2069 beknnt, s uch mit der marter erhalten
302 2031 1198 2163 Namlichen allsvor ungefar einem
365 2097 1188 2195 jac ein gwuger mlann Abraham
374 2150 1214 2256 Peter genant, in der landtvogty Moren
341 2179 1231 2293 see wonhafft zu imme kommen, habe der
341 2215 1216 2342 selbige inne angesprochen, siner dochter
381 2271 1188 2396 mit gebürlichem fral und rhat
367 2314 1219 2438 vorzustan und zuuersechen, dezwegen
356 2357 1236 2497 Ime ein gewegen Schuldtbrieff, vmb
381 2395 1214 2537 500 f uff einen in franekrychwy
360 2472 1198 2601 yngehendiget, wellchen er also ein¬
351 2490 1231 2657 pfangen und sich hernach ungeachter
397 2531 1224 2680 chon mit siner frouwen ein hochzyter
395 2604 1218 2751 ysin mittgesagter wybspersonn.
399 2658 1202 2790 e in sinem hug, wie auch zu wan
373 2700 1191 2841 Item zu Solotharn, daselbsten sy be
374 2752 1195 2880 die nacht durch by einanderen gelegen
365 2816 1155 2931 und zu Gümmenen zum offteren
348 2861 1189 3003 In unküschheit und hury vorgang
2222 104 2300 182 83.
1350 179 2272 441 Abermalen alhie in der statt sich
1371 250 2291 476 mit einer anderen wybspersonne,
1360 320 2216 533 und dienstmagedt, fleischlichen
1314 487 1600 617 gisen
1353 495 2257 695 Steiffendt die durch ernenten
1351 555 2311 740 catot einer mlagdt alhie gethane
1331 600 2306 814 eheuersprechung, sye er darby g'sin
1356 687 2267 858 und zu derselbigen geholffen, aber
1354 744 2257 934 nit gewüst, das er wurtel schone
1357 809 2287 981 end froüwen ghan, sonder sölliches
1354 871 2299 1046 erst hernach zu Rosanen verdnomen
1320 1001 2253 1187 Demnach bekent er das er vor
1363 1087 2319 1207 etwas zyts in ein fag mit wyn
1333 1163 2325 1288 wegen der wyn uffgan wollenn.
1346 1238 2083 1325 dey mas wager geschneret,
1341 1326 2298 1437 weyters das er vor ungefar fünff,
1370 1410 2168 1496 oder sachs jaren anethalb dem
1358 1463 2170 1535 hochgericht zu rosanen by dem
1364 1515 2325 1598 wager Gambderer ein klansper
1352 1563 2292 1627 sonselbs und allein ermürdet und
1368 1608 2319 1725 denselben alda in das gestnd gezig
1345 1680 2293 1798 Verners abermalen selbs und allein
1354 1761 2305 1849 zwen kramer, wellche Saphöyer und
1343 1811 2249 1915 irekramliden zu Fryburg unn
1337 1882 2206 1969 mirten habindt, heitendt Jacquire
1362 1919 2273 2015 Vechhonnar vnd Ichay Nise, den einen
1352 1975 2218 2083 zu Comtihrig als sy gan Fryburg
1345 2031 2210 2128 gan wollen, mit sinem weher zu
1343 2078 2278 2186 tod gehoüwen, sy welchem er sy den
1355 2129 2250 2239 icht floryyner und sachs dobloue in
1351 2161 2276 2313 funder, den anderen aber zu wyde
1339 2214 2271 2362 swüschen Wilden und fryburg mit
1355 2261 2340 2424 einem dagen gfeg, hinderwarts an dem
1357 2300 2323 2479 kopff zu todt geschlagen, by welchem
1343 2376 2264 2528 er ungefarlichen zachen kronanvber-
1330 2394 2255 2577 kommen, welche zwen aber verluch
1354 2472 2322 2636 einer kramerin und jros snns, so alher
1349 2500 2298 2688 by dem kauffhuß frill habendt gegebnen
1350 2557 2238 2745 berichts noch in laben sin söllenndt,
1305 2597 2334 2862 Dannethun sy orch gegegenwertig gsei
1357 2702 2349 2919 alls der hingerichtete courtet zu Carthill
1360 2757 2338 2966 ne wyth von Rosanan ein frouw, welche
1352 2796 2349 3040 er in das gestüd gezognen, Itam ime Jenw
1330 2839 2151 3030 by dem closter S Patharyna E
1343 2892 2075 3116 e hel esh
