1338 3197
35 11 112 55 60
266 103 1315 239 erstatet und in das werckgesetzt
236 174 1280 288 weder das er glych hernach, ells
247 262 1243 324 Den 27. apetiis 1629 jari
260 306 1277 370 zu Soltthurr glychergstaltenn
259 353 1298 440 von gezigten reuerenterd dies
259 408 1293 521 stalen wegen gefencklich ynzogen
236 467 1305 565 wie auch wolgents mit der warter
251 524 1215 626 darüber befragt wordenn.
247 599 1216 683 verluth un gg überschicktenn
254 643 1240 734 extracts des thurn und vergicht
233 692 1299 796 rodels angezogner stat solothern
202 757 1298 856 wellcher dann von wort zudwort
243 809 862 903 luchet wie volget,
209 871 1300 1008 Alls vor etwas zybs er gefangene
265 950 1284 1063 Hans Ulrich Meyer im wuechen
228 1012 1277 1124 holtz zu zweyen sinen gespanen
242 1075 1294 1184 urs und Ull Seilferen gebruderen
240 1106 1240 1214 von Gaumwarten, komen, habe
244 1177 1260 1275 er sich zu inen nidergesetzt und
238 1230 1253 1316 nir inen verglichen, daß sy uff
231 1281 1209 1380 die nacht gan Löüpigen gann
246 1338 1275 1438 und suchen wellendt, wo sy etwas
255 1387 1220 1483 Zuen vberkomen mochtennt
253 1445 1262 1542 sygendt also uff die nacht dorthin
247 1499 1197 1598 gangen, und oben im dorff er
242 1552 1199 1632 mit sinem krummen schlütel ein
243 1610 1280 1685 Spycher vffgebrochen, die anderen
233 1664 1223 1765 zween aber die wacht gehalten
201 1744 1227 1812 und wyl sy darmnen kein btott
231 1801 1225 1861 funden, habindt sy zween seck
239 1830 1260 1935 mit korn gefeilt, selbige gestolen
223 1891 1169 1990 und für die aculi uff einem
209 1942 1191 2055 Esel zimerkouffen getragen
238 1995 1258 2111 sygendt aber darob bygedachter
198 2066 1188 2163 wil erdagt und er sonderlich
219 2119 1239 2233 in gefangenschafft gelagt worden,
234 2259 1222 2361 Dachstrer ihmmer fornacht herre
216 2322 1211 2435 der hingerichte steinhouwer zu
220 2381 1225 2484 Bern, auch siner gespanen einer
227 2432 1141 2539 In einem stummerhug, nechst by
206 2501 1254 2599 Gerid einen keller uffgebrochen.
200 2552 1273 2649 danos sy zween mit hilff eines ander
209 2583 1261 2712 eren Byrisperger genant, 30 pfudt
210 2650 1191 2771 ancken entfrömbdet, daruon
199 2701 1245 2829 ime gefangene fünfpfundt worden.
212 2780 1267 2890 die er vns 10 l. verkaufft
267 2850 1238 2972 Heren Früling zu Anhlingen,
243 2923 1201 3022 er und sin gesgan Ull seiller
238 2964 1237 3079 dem jgen penger ein spycher
215 3034 1195 3139 vffgebrochen, vnd darus by
188 3045 1249 3178 vattlen dorns entragen, wellches
