1105 3264
12 2211 69 2319 9.
8 66 99 132 162
195 125 1069 352 Mahr die dey zu Bigoff hingens
225 234 450 322 Mörder
221 362 1090 521 Item Bendicht Sterckhe arnemet
223 441 1075 589 Bummer bfitz habe zu Clützel
214 510 1086 650 pfluch schul gehalten ein lauhe ge
235 566 1055 717 mit seinem kalbenbart soloß
222 636 1045 777 schwartz hoßen antragen, zücht
202 706 1090 855 deß zu Bantzburg hingerichten
215 779 1049 918 meüßen hanßen verloßnen ein
215 842 1089 986 bücher und lieder kram tragende
210 908 1050 1040 Im landt umb hier, Solfastlalle
221 976 1083 1097 tag zu Biell am wechen wäri
218 1045 1087 1161 teil haben, auch mitte hinscheeet
206 1111 1077 1265 und etliche mahl grün bekleit h
189 1254 1049 1395 Item Jacob Schmidt von wegen
157 1347 1080 1485 wanden der, sye ime nit fü wüßen
147 1434 306 1516 und
202 1508 1073 1644 unnd noch einen heist Hanß Koller
194 1598 1072 1705 von Underwalden hat ein schwar
169 1666 1049 1771 Bärtli grunhoßen und ein kädee
190 1724 1080 1838 wansel sol syn zu zug zu Churk
174 1784 1074 1907 ochsen haben und mir ein steckhentrg
188 1938 1020 2075 Wyters bekent er, das er in dem
164 2026 1068 2147 karten spill daß schallen dryger
164 2088 539 2200 namset werde.
178 2191 1070 2328 einnach hat er auch verfächen, daße
159 2280 1041 2388 mit hilffob anzogners solle
154 2342 1035 2463 syner gesellen, Sättler und römmer
110 2404 1051 2512 Bentzen, wie auch deß zu Thur hin
152 2470 1005 2584 gorichteden bütlers vor ungegabe
110 2531 1002 2668 zwegen fahren ein wybsp ersohn
145 2604 1000 2757 genampt Margereth Steiner bi
138 2662 1048 2801 Ruders wyll am Blindenbach gea
144 2720 1041 2857 lichen ermördt und söliche doselbst
119 2798 844 2976 In daß woßer geworffen,
