1259 3047
1034 33 1138 106 101
97 201 1130 400 Bychers zeigt er an wyl man da und es nit für
126 279 1123 459 sonehrlich halte, wan schon die juden geblünderet
131 350 1115 520 verdint, alßhab er und zwen ander syner mit
158 445 1063 605 soldaten vor etwas zetts zwen jnden, welche
156 506 1107 657 sy underwagen angetroffen geblinderet und
152 577 1092 716 byden 30. gulden By Inen funden, welches sy
153 659 1062 793 getzeilt und jeder von synen teil ihwen
143 737 1097 856 fürgesetzten drey gulden geben und zuspellen müße.
126 798 1107 930 Wonn dem überigen synem theill habe er syn an
149 877 1107 984 habendes kleid machen laßen, sonsten habe er
136 951 1111 1061 Bberdt dißem niemandt khem reythers zage
157 1014 1116 1104 fügt, dan wann ein soldat etwas enthrambden.
170 1099 201 1142 11
136 1074 1102 1189 wurde derselbig alß bald ohn alle gnand und
149 1145 777 1264 ertheill ebhencket werden.
86 1241 1130 1382 I aß dann anbelanget den in fündten umbgebracht
152 1341 1107 1443 ei Edelman, sye er zwar Jomalen in dem e.
135 1435 1096 1519 selben haß gsyn, uber weder darzu gholffen
137 1478 1067 1592 Noch auch denselben sdellman jemalen gesechtn.
143 1552 1102 1641 jedoch aber mitt dessoweniger von dem
134 1598 1106 1736 aegemendt mit dem eid verwißen worden sollen,
130 1668 1072 1798 Luthden dertheil in pündeen harüber gegeben,
118 1763 1066 1873 In dem allhar geschickten grnhtlichen procehs
127 1814 879 1924 begriffen, welche also luthet etc.
73 1849 1100 2026 Stlomoet den wachtmeister Wagner, ist luth syner
128 1941 1070 2090 bekhandtnus, da er aber nit dem comando deß
122 2016 1065 2153 Lützenampts volgen sonders wylhers fragen.
110 2074 1035 2195 und hiemit nit auch mit syner presens die
103 2151 1053 2257 Soldaten stercken sollen gesprochen, daß er
114 2213 1036 2327 mit dem eid vom regemeindt, jedoch uff gnad hun
97 2247 1061 2381 vwißen werden sölle, welcher urtheill aber
111 2314 1076 2459 er nit erwarket, sonders were daruar fort
115 2356 618 2474 und Hinwegg gewichen
106 2410 1080 2556 dittet hochgenampt vn gden gantz zochlich umb vezechung
110 2483 1078 2609 mit vehrerem semelden, so bald eß hie krieg geben
103 2541 1070 2666 hette, daruor eß gott behotten welle, hatte er
113 2612 1066 2732 sich alßbald widerumb alhar begeben und sich zu
103 2665 465 2766 stellen wellen
102 2698 1056 2891 ist den 4. martii 630 mit dem bide von ihr gden
82 2792 1001 2929 stetten und lander jedoch uff Schynbahren
77 2860 886 2997 beßerung ihm verwißen warde.
