1277 3246
161 46 280 115 120
427 120 1285 335 wnrdt, khamen umb herbrig anhaten
423 215 1281 399 und der sich der selbige sollicht wwar g
452 299 1248 439 zu gesagt, hienäben aber gethrinret
425 387 1237 509 wegen synes boßen ynzuges söllicher
434 439 1232 580 diebstall, wellichen er pfister imme
455 517 1253 672 gehaugnen abkhauffen wellen silicher
447 588 1250 719 In derselben nacht in synem huß er
456 670 1236 801 bhundiget werden möchte, so habe
480 750 1234 856 er Pfister, ime gefangnen denselben
439 796 1223 932 In ein mottten getragen und imn
457 878 1214 1022 gefangnen darmite hinwagen gan
450 978 689 1063 laßen.
436 1084 1237 1214 ber diß zeigt er an vortengefahr
462 1154 1241 1276 2. jahren, sye ime ein hader holtz a
444 1217 1218 1332 er im landtsknechten land einem
395 1286 1230 1402 N gedienet uff syn bein gefallen,
415 1379 1229 1490 und daßelbig zwey mall gebrochen
369 1454 1220 1551 Wie dan sölliches wegen der trüme
399 1517 1229 1631 deß beins gantz augenschynlich gestalte
438 1602 1221 1708 er bißhare kheinen anderen meister
415 1669 1144 1773 hinden können, sye deßwegen
414 1745 1217 1852 Gelangest gan Sollothurn gereißet
397 1808 1216 1931 daselbsten sich in krieg schryben zlaßen
418 1884 1224 1986 Al� er aber alda mit underkhomen
424 1965 1213 2086 k�nnen er alhar gereißet willen
399 2035 1173 2153 mit einem hauptman in kriegn
425 2135 720 2230 zuzaghen,
364 2215 1192 2338 Dgittet deümtlig wolermelt
425 2277 1205 2409 z gd umb gnad und verzychung mit
430 2341 1210 2472 anzeigung sich in das künfftig mit ehr
417 2422 1200 2546 lichem die nen fürzubringen und bißes
398 2508 976 2621 woßens zu uberheben,
359 2539 1212 2715 Ist 2 mall lär und harnach einmal
419 2622 1198 2747 mit dem kleinen stein doch nit vol
414 2710 1059 2821 schomen uffzogen worden.
391 2757 1198 2925 ust den 13. ap 1630 mit ruth
400 2819 1189 2981 Eußgeschmeitz und volgendes mit
386 2879 1169 3037 dem endt von ihr gden statt und
393 2941 1179 3105 landn verwißen worden. wie
415 2992 1129 3145 ouch mit dem G. bebeuheset
