1254 3264
17 32 121 117 26
293 25 1026 192 anß Rattlers Goß
361 133 987 272 Dem sschangnomp
113 227 1217 398 Bester acht tag spatt deß abendts, als
199 343 1213 464 er von see zu Läßen alhone khamen
201 407 1225 541 habe er den obgeschribnen antzan flöen
180 499 1203 619 Hon somen, den er zuvor kiemollen
205 569 1214 682 keendt uff der Biengg alhie angetroff
172 638 1215 763 Welcher zu ime gheide eß sye ime auh
210 698 1233 838 hatt etwas wunderbarlichs widerfahren
204 778 1222 916 daen eß sye ein meideli zu ime khomen.
182 866 1198 997 snd habe vrmeliet zwey Weltsche
191 925 1229 1073 mannen hab mit syner frauwen sechs
202 1016 1223 1160 k�ßen zu khauffen angetragen, welche
201 1082 1221 1240 syh gestolen, dieselben habindt sy dißen
196 1186 1208 1327 zweyen Weltschen monen benomen
185 1229 1212 1378 sond in ein schuren getragen, morn
212 1313 1221 1461 oriffen zu verkchauffen, ime aber in
203 1389 1215 1528 scheinen weig dieselbe schuren vermeldet
206 1479 1242 1610 die der sach duch daß er in deß oberen
205 1545 1213 1683 sontals schuren ubernacht gelegen,
163 1634 1209 1761 sye daß er nit gelt ghag, in ein
136 1715 1237 1852 Mnrdts haß zu scheren und habe morn
178 1783 1207 1931 driff zu h hauptman Binder gan
161 1828 1259 2004 Wellen, zu dem er in krwg gedinget
185 1947 1177 2095 zufragen vom man hordt zuchen
184 1999 1258 2149 werde, fahls aber antzit daruß wur
216 2105 1237 2235 hatte er gestraches gan Rorswyl
197 2168 1258 2324 daselbsten Zū droschen Verweißen wellen
207 2252 1259 2381 auch sich den tagsynes läbens eheliche
209 2325 1218 2454 und redlich gehalten und jeder
220 2359 1259 2556 gytt mit gebürlich syner handt
208 2479 1230 2630 arkeidt fürgebracht, ie er
198 2555 1169 2720 dan Mythers zu Ain Willes
209 2642 1208 2831 sye, anders wüße er rütt
217 2743 757 2895 zu bekhennen.
171 2856 1199 2974 Ist uff ein gute consur und vermanng
220 2917 1221 3002 zur arbeit uen und ledig gelaßen worden
189 2976 1234 3069 Aller glych hernach zu them alls ein worde
211 3015 1261 3129 und anderer uffthäter mit dem shätgerichtet,
