1206 2984
17 1428 84 1511 18
29 864 80 955 17
1067 15 1163 105 63.
37 94 1178 257 Zu Hochstetten linge abermall sein sespen
40 172 1100 297 ein sptycher uff gebrachen, da auß se
99 253 1096 391 zeen sampt dem hingerichten stein
78 322 1162 441 hawer nachts 6 cassen gestolen, selbiger
96 391 1164 530 seigen jeden e worden auß synigen leige
102 452 1117 584 er  vgelöst ermeltte yne Bespanen
93 525 1085 661 heigen sonsten auch g leib broth und ein
104 592 1081 741 fander cläßigestolen, seige hme aber
106 681 857 813 n�tzet darnonn ztheyl worden.
111 803 1161 971 zu Thann im Lumenthaal heyne Gynis
63 901 1153 1046 Sperger aber mahl ein spycher uffgebrochen
105 971 1151 1109 mit falchen schlüßlen, da selbsten zeigen
119 1044 1175 1206 sy drey gesponen ein seiten sperkh gestolen
121 1127 1178 1254 selbigen noch und noch mit ein anderer verbrucht
123 1200 1145 1343 sonstan heige dem Hogricsperger nachein
115 1282 510 1399 huet worden.
118 1398 1174 1554 Hu Ballendingen heige ein anderer sein
100 1480 1122 1609 Pespan, die rote naßen genamt einen
112 1547 1168 1697 dpycher nachts uffgebrochen, seige der
115 1629 1166 1773 Wäber Grörgi zu Harmißwyll auch
130 1696 1117 1840 darby gesen, daruß jeder 5 mäs
132 1779 1183 1936 Korn der wäber Beorgin aber 4möß
129 1846 1039 1990 haber und in maß hirss gestolen.
24 1981 1172 2144 ag zu zergen in der mihli, so syn erspan
97 2087 1128 2213 rote noßen uffgebrachen, heigen sy 3
100 2150 1089 2283 lestgenamte jeder 8 mäß korn.
110 2238 1072 2373 sambteie läsgestolen verkaufft
105 2312 1136 2452 seigen jedem 5 pfundt gelt worden.
112 2390 910 2537 actum jahr und tag verstodt.
260 2482 867 2623 Hans Ullrich Meger
142 2575 1132 2714 Deserer schelm Hans Ullrich Meyer
93 2669 1093 2796 istall sie sig gewessner befangen
84 2735 1121 2874 schafft gantz un wurdetlich ußgebrochen,
125 2810 598 2952 unnd entliheetc.
