<?xml version="1.0" encoding="UTF-8" standalone="yes"?>
<PcGts xmlns="http://schema.primaresearch.org/PAGE/gts/pagecontent/2013-07-15" xmlns:xsi="http://www.w3.org/2001/XMLSchema-instance" xsi:schemaLocation="http://schema.primaresearch.org/PAGE/gts/pagecontent/2013-07-15 http://schema.primaresearch.org/PAGE/gts/pagecontent/2013-07-15/pagecontent.xsd">
    <Metadata>
        <Creator>prov=University of Rostock/Institute of Mathematics/CITlab|PLANET AI GmbH/Gundram Leifert/gundram.leifert@planet-ai.de:name=German_Kurrent_XVI-XVIII_M1(htr_id=19584)::::v=2.6.7
prov=University of Rostock/Institute of Mathematics/CITlab|PLANET AI GmbH/Tobias Gruening/tobias.gruening@planet-ai.de:name=de.uros.citlab.module.baseline2polygon.B2PSeamMultiOriented:v=2.6.7
prov=University of Rostock/Institute of Mathematics/CITlab|PLANET AI GmbH/Gundram Leifert/gundram.leifert@planet-ai.de:name=German_Kurrent_XVI-XVIII_M1(htr_id=19584)::::v=2.6.7
prov=University of Rostock/Institute of Mathematics/CITlab|PLANET AI GmbH/Tobias Gruening/tobias.gruening@planet-ai.de:name=de.uros.citlab.module.baseline2polygon.B2PSeamMultiOriented:v=2.6.7
prov=University of Rostock/Institute of Mathematics/CITlab|PLANET AI GmbH/Tobias Gruening/tobias.gruening@planet-ai.de:name=/net_tf/LA73_249_0mod360.pb:de.uros.citlab.segmentation.CITlab_LA_ML:v=2.6.6
Transkribus</Creator>
        <Created>2020-10-05T21:44:57.179+02:00</Created>
        <LastChange>2022-09-09T15:49:26.568+02:00</LastChange>
        <TranskribusMetadata docId="1334815" pageId="52359234" pageNr="9" tsid="114640951" status="IN_PROGRESS" userId="9570" imgUrl="https://files.transkribus.eu/Get?id=SGCRWRMTSTOZHJKFODXQHATB&amp;fileType=view" xmlUrl="https://files.transkribus.eu/Get?id=ULXZCTYOPTXPTTZFJTUEMCZM" imageId="16091551"/>
    </Metadata>
    <Page imageFilename="IMG_8829.jpg" imageWidth="2448" imageHeight="3264">
        <ReadingOrder>
            <OrderedGroup id="ro_1687513787526" caption="Regions reading order">
                <RegionRefIndexed index="0" regionRef="r1"/>
                <RegionRefIndexed index="1" regionRef="r2"/>
                <RegionRefIndexed index="2" regionRef="r3"/>
                <RegionRefIndexed index="3" regionRef="r4"/>
                <RegionRefIndexed index="4" regionRef="r5"/>
            </OrderedGroup>
        </ReadingOrder>
        <TextRegion orientation="0.0" id="r1" custom="readingOrder {index:0;}">
            <Coords points="51,74 51,230 107,230 107,74"/>
            <TextLine id="r1l1" custom="readingOrder {index:0;}">
                <Coords points="42,199 57,196 65,200 83,190 93,199 106,193 113,194 122,107 93,104 87,99 77,103 52,102"/>
                <Baseline points="51,174 79,174 107,180"/>
                <TextEquiv>
                    <Unicode>1</Unicode>
                </TextEquiv>
            </TextLine>
            <TextEquiv>
                <Unicode>1</Unicode>
            </TextEquiv>
        </TextRegion>
        <TextRegion orientation="0.0" id="r2" custom="readingOrder {index:1;}">
            <Coords points="176,200 176,3051 1185,3051 1185,200"/>
            <TextLine id="r2l1" custom="readingOrder {index:0;}">
                <Coords points="430,272 471,297 509,271 616,299 754,291 857,333 924,314 998,337 1003,280 761,254 682,216 595,246 440,169"/>
                <Baseline points="438,266 465,268 493,269 521,272 549,273 576,275 604,277 632,279 660,281 687,282 715,285 743,287 771,290 798,293 826,296 854,299 882,304 909,306 937,311 965,316 993,320"/>
                <TextEquiv>
                    <Unicode>Sollenich Borngeiter</Unicode>
                </TextEquiv>
            </TextLine>
            <TextLine id="r2l2" custom="readingOrder {index:1;}">
                <Coords points="427,352 498,391 533,363 601,357 635,376 867,376 956,410 995,392 999,344 925,318 851,336 823,308 770,333 698,309 637,323 608,297 570,316 512,295 430,311"/>
                <Baseline points="435,338 462,338 490,338 518,339 545,339 573,341 601,341 628,342 656,344 684,345 712,347 739,350 767,352 795,355 822,357 850,360 878,364 905,367 933,372 961,376 989,381"/>
                <TextEquiv>
                    <Unicode>Deß wider thanffers cag</Unicode>
                </TextEquiv>
            </TextLine>
            <TextLine id="r2l3" custom="readingOrder {index:2;}">
                <Coords points="509,427 520,428 537,416 554,429 581,423 593,427 606,420 618,435 633,438 639,372 627,371 617,363 579,365 575,369 570,364 550,367 537,362 515,366"/>
                <Baseline points="519,389 546,390 574,394 602,397 630,398"/>
                <TextEquiv>
                    <Unicode>men</Unicode>
                </TextEquiv>
            </TextLine>
            <TextLine id="r2l4" custom="readingOrder {index:3;}">
                <Coords points="165,504 300,572 438,539 746,586 805,632 873,597 971,637 1151,636 1155,603 1042,549 757,555 577,501 419,517 319,466 170,464"/>
                <Baseline points="171,507 219,513 268,518 317,524 365,529 414,535 463,540 511,547 560,553 609,558 658,564 706,569 755,575 804,582 852,589 901,595 950,601 998,608 1047,616 1096,622 1145,630"/>
                <TextEquiv>
                    <Unicode>Alß dan vor etwas verschmer wuchen, vr ihn</Unicode>
                </TextEquiv>
            </TextLine>
            <TextLine id="r2l5" custom="readingOrder {index:4;}">
                <Coords points="170,590 179,589 182,592 185,589 189,593 193,590 201,597 211,597 211,564 203,564 195,569 192,566 182,567 177,562 170,562"/>
                <Baseline points="177,578 204,578"/>
                <TextEquiv>
                    <Unicode></Unicode>
                </TextEquiv>
            </TextLine>
            <TextLine id="r2l6" custom="readingOrder {index:5;} place {offset:38; length:8;}">
                <Coords points="211,588 433,595 509,645 611,617 952,700 1065,685 1106,730 1166,713 1151,658 828,607 804,576 749,604 558,564 298,565 219,531"/>
                <Baseline points="219,575 266,579 313,584 360,589 407,594 454,598 501,603 548,609 595,614 642,620 689,626 736,632 783,639 830,645 877,653 924,659 971,667 1018,675 1065,684 1112,692 1160,702"/>
                <TextEquiv>
                    <Unicode>durch dero amptsman, den landtvogt zu Brachtel</Unicode>
                </TextEquiv>
            </TextLine>
            <TextLine id="r2l7" custom="readingOrder {index:6;} person {offset:5; length:20;} place {offset:30; length:9;}">
                <Coords points="208,639 611,684 644,724 789,703 1164,767 1168,735 1106,730 1066,686 876,694 765,657 608,662 556,624 483,647 212,608"/>
                <Baseline points="216,632 263,638 310,645 357,651 404,658 451,663 498,669 545,674 592,679 639,684 687,690 734,696 781,701 828,707 875,713 922,719 969,726 1016,733 1063,741 1110,749 1158,758"/>
                <TextEquiv>
                    <Unicode>Wald Ullerich Baumgartter von Tierswird in</Unicode>
                </TextEquiv>
            </TextLine>
            <TextLine id="r2l8" custom="readingOrder {index:7;} place {offset:4; length:19;}">
                <Coords points="190,699 308,694 443,758 566,738 621,770 1152,824 1157,781 1031,777 955,731 854,755 386,684 352,650 298,676 196,652"/>
                <Baseline points="198,686 245,692 292,698 340,704 387,711 435,717 482,724 529,730 577,736 624,743 672,748 719,755 766,761 814,767 861,773 909,781 956,787 1003,792 1051,799 1098,804 1146,809"/>
                <TextEquiv>
                    <Unicode>der Hehilchorn langnouw einer der jringen</Unicode>
                </TextEquiv>
            </TextLine>
            <TextLine id="r2l9" custom="readingOrder {index:8;}">
                <Coords points="206,760 365,815 421,787 470,832 564,798 769,859 816,835 1169,900 1176,829 1054,799 742,803 493,736 410,760 374,714 269,737 212,711"/>
                <Baseline points="213,758 260,763 308,768 355,773 403,778 450,783 498,788 545,794 593,799 640,805 688,811 736,818 783,824 831,830 878,836 926,843 973,850 1021,856 1068,863 1116,870 1164,876"/>
                <TextEquiv>
                    <Unicode>Ber führischen wider haufferischen sect zuge</Unicode>
                </TextEquiv>
            </TextLine>
            <TextLine id="r2l10" custom="readingOrder {index:9;}">
                <Coords points="214,864 327,837 562,906 643,876 691,910 839,893 1170,947 1178,901 223,787"/>
                <Baseline points="225,821 272,827 319,833 366,838 413,843 460,848 507,854 554,860 601,865 648,870 696,874 743,880 790,885 837,891 884,896 931,902 978,907 1025,913 1072,920 1119,925 1167,932"/>
                <TextEquiv>
                    <Unicode>thander syn ampts anghöriger wegen syn selbs</Unicode>
                </TextEquiv>
            </TextLine>
            <TextLine id="r2l11" custom="readingOrder {index:10;}">
                <Coords points="204,919 250,902 306,939 394,913 546,953 613,932 702,986 801,965 841,998 983,966 1157,997 1163,937 1047,920 1010,948 941,917 536,909 482,871 426,897 209,859"/>
                <Baseline points="213,899 262,903 311,906 361,911 410,914 460,919 509,923 558,927 608,932 657,935 707,940 756,944 806,948 855,952 904,957 954,962 1003,967 1053,972 1102,977 1152,981"/>
                <TextEquiv>
                    <Unicode>Bßschließung von der christenlichen gmeindt und</Unicode>
                </TextEquiv>
            </TextLine>
            <TextLine id="r2l12" custom="readingOrder {index:11;}">
                <Coords points="211,970 318,1024 454,982 627,1005 701,1049 812,1014 866,1054 1139,1060 1143,1009 1105,988 701,986 594,936 354,962 215,918"/>
                <Baseline points="218,972 263,974 309,976 355,978 401,980 447,983 492,986 538,990 584,992 630,997 676,1000 721,1004 767,1007 813,1011 859,1015 905,1020 950,1024 996,1028 1042,1033 1088,1037 1134,1040"/>
                <TextEquiv>
                    <Unicode>besuchung der wider haufferischen versamlung</Unicode>
                </TextEquiv>
            </TextLine>
            <TextLine id="r2l13" custom="readingOrder {index:12;}">
                <Coords points="219,1053 351,1085 481,1048 687,1091 739,1069 1179,1112 1181,1068 1144,1054 929,1060 845,1029 703,1051 427,991 318,1024 223,986"/>
                <Baseline points="227,1041 274,1043 321,1044 368,1046 416,1047 463,1050 510,1053 558,1055 605,1059 652,1061 700,1064 747,1067 794,1070 841,1074 889,1078 936,1082 983,1085 1031,1089 1078,1093 1125,1097 1173,1101"/>
                <TextEquiv>
                    <Unicode>uberschickt worden, hatt damalen ir ihngehabetn</Unicode>
                </TextEquiv>
            </TextLine>
            <TextLine id="r2l14" custom="readingOrder {index:13;} place {offset:39; length:11;}">
                <Coords points="230,1122 362,1105 420,1137 743,1135 790,1173 844,1143 1151,1181 1176,1126 234,1065"/>
                <Baseline points="239,1098 285,1100 331,1103 378,1106 424,1108 471,1112 517,1115 563,1118 610,1121 656,1124 703,1128 749,1132 795,1135 842,1139 888,1141 935,1145 981,1147 1027,1151 1074,1153 1120,1155 1167,1158"/>
                <TextEquiv>
                    <Unicode>zu bewelchen, man denselben alhie in v dl spittall</Unicode>
                </TextEquiv>
            </TextLine>
            <TextLine id="r2l15" custom="readingOrder {index:14;}">
                <Coords points="190,1191 270,1182 352,1228 434,1187 502,1224 615,1200 774,1242 927,1213 1173,1253 1176,1195 1070,1158 857,1184 724,1178 659,1127 557,1167 502,1133 450,1158 193,1136"/>
                <Baseline points="198,1173 246,1175 294,1176 343,1178 391,1180 440,1183 488,1186 537,1188 585,1191 634,1194 682,1197 730,1200 779,1204 827,1206 876,1209 924,1212 973,1215 1021,1218 1070,1221 1118,1223 1167,1224"/>
                <TextEquiv>
                    <Unicode>der insull gefengetlich enthalten solle, lutz derselbe</Unicode>
                </TextEquiv>
            </TextLine>
            <TextLine id="r2l16" custom="readingOrder {index:15;}">
                <Coords points="189,1272 589,1264 1057,1318 1170,1303 1172,1269 1031,1261 925,1213 793,1249 617,1201 536,1237 192,1214"/>
                <Baseline points="198,1241 246,1244 294,1247 342,1250 391,1254 439,1256 487,1259 536,1262 584,1264 632,1268 681,1270 729,1272 777,1275 825,1277 874,1280 922,1281 970,1283 1019,1285 1067,1286 1115,1287 1164,1289"/>
                <TextEquiv>
                    <Unicode>Alda durch einen ze rathsglideren, dißer</Unicode>
                </TextEquiv>
            </TextLine>
            <TextLine id="r2l17" custom="readingOrder {index:16;}">
                <Coords points="190,1328 1142,1383 1175,1319 999,1324 895,1288 860,1314 816,1285 524,1312 192,1272"/>
                <Baseline points="198,1310 246,1312 294,1316 343,1318 391,1321 440,1323 488,1325 536,1328 585,1331 633,1332 682,1334 730,1336 778,1338 827,1340 875,1341 924,1343 972,1344 1020,1347 1069,1347 1117,1350 1166,1352"/>
                <TextEquiv>
                    <Unicode>signer frrigen angenomnen, widerthauffewischen</Unicode>
                </TextEquiv>
            </TextLine>
            <TextLine id="r2l18" custom="readingOrder {index:17;}">
                <Coords points="171,1405 677,1396 996,1419 1032,1451 1175,1396 1121,1367 906,1388 718,1345 509,1368 317,1332 172,1368"/>
                <Baseline points="179,1397 228,1394 277,1392 327,1392 376,1392 426,1392 475,1392 524,1394 574,1395 623,1395 673,1398 722,1400 771,1401 821,1404 870,1406 920,1407 969,1410 1018,1412 1068,1412 1117,1413 1167,1413"/>
                <TextEquiv>
                    <Unicode>ect Examiniert, vnd durch die Geistlichen</Unicode>
                </TextEquiv>
            </TextLine>
            <TextLine id="r2l19" custom="readingOrder {index:18;}">
                <Coords points="217,1472 370,1460 465,1501 519,1465 595,1493 664,1466 701,1499 807,1468 913,1515 963,1473 1174,1490 1159,1426 1032,1451 701,1407 219,1416"/>
                <Baseline points="225,1457 272,1455 319,1454 366,1454 413,1454 460,1454 507,1454 554,1455 601,1457 648,1458 696,1460 743,1462 790,1464 837,1466 884,1467 931,1469 978,1470 1025,1472 1072,1472 1119,1472 1167,1472"/>
                <TextEquiv>
                    <Unicode>herren im händell synes peills, beßer underrichtet</Unicode>
                </TextEquiv>
            </TextLine>
            <TextLine id="r2l20" custom="readingOrder {index:19;}">
                <Coords points="200,1537 814,1525 943,1569 1170,1538 1166,1494 910,1511 839,1475 707,1500 518,1476 465,1502 308,1466 254,1499 201,1465"/>
                <Baseline points="207,1521 254,1520 302,1517 350,1517 398,1515 446,1515 493,1515 541,1517 589,1518 637,1518 685,1520 732,1521 780,1523 828,1524 876,1526 924,1527 971,1529 1019,1530 1067,1530 1115,1530 1163,1530"/>
                <TextEquiv>
                    <Unicode>undwomüglich, den angetrettnen ihrweg uff</Unicode>
                </TextEquiv>
            </TextLine>
            <TextLine id="r2l21" custom="readingOrder {index:20;}">
                <Coords points="190,1596 287,1583 370,1613 487,1584 662,1612 738,1582 875,1608 1125,1593 1126,1568 1033,1547 945,1570 835,1535 790,1565 754,1536 527,1563 450,1527 415,1552 190,1546"/>
                <Baseline points="197,1584 243,1583 289,1581 335,1581 381,1580 427,1580 473,1580 519,1580 565,1581 611,1581 658,1583 704,1583 750,1583 796,1584 842,1584 888,1584 934,1586 980,1586 1026,1586 1072,1584 1119,1584"/>
                <TextEquiv>
                    <Unicode>die rechte ban gebracht wurde, wie dan</Unicode>
                </TextEquiv>
            </TextLine>
            <TextLine id="r2l22" custom="readingOrder {index:21;}">
                <Coords points="172,1663 291,1650 327,1677 403,1640 495,1686 561,1648 637,1681 854,1646 1016,1683 1139,1648 1139,1615 755,1584 677,1623 481,1586 432,1619 338,1594 172,1627"/>
                <Baseline points="179,1649 226,1646 274,1646 322,1644 369,1644 417,1643 465,1643 512,1643 560,1643 608,1643 656,1643 703,1643 751,1643 799,1643 846,1643 894,1643 942,1643 989,1643 1037,1643 1085,1643 1133,1643"/>
                <TextEquiv>
                    <Unicode>die ehrennescten, ehrwürdigen wolgelehrten</Unicode>
                </TextEquiv>
            </TextLine>
            <TextLine id="r2l23" custom="readingOrder {index:22;}">
                <Coords points="202,1739 287,1705 687,1704 1111,1738 1161,1719 1162,1659 1053,1657 1011,1689 908,1657 842,1688 636,1682 563,1647 497,1684 390,1649 203,1668"/>
                <Baseline points="209,1707 256,1707 303,1706 350,1706 398,1706 445,1706 492,1704 540,1704 587,1704 634,1706 682,1706 729,1706 776,1706 823,1706 871,1707 918,1707 965,1707 1013,1709 1060,1709 1107,1709 1155,1709"/>
                <TextEquiv>
                    <Unicode>Heiren s damit aman deß kleinen rathis</Unicode>
                </TextEquiv>
            </TextLine>
            <TextLine id="r2l24" custom="readingOrder {index:23;} person {offset:10; length:14;} person {offset:38; length:5; continued:true;}">
                <Coords points="191,1810 544,1765 652,1766 705,1811 793,1766 833,1796 970,1767 1042,1796 1155,1777 1174,1730 917,1745 838,1715 763,1741 635,1714 190,1747"/>
                <Baseline points="198,1775 246,1773 294,1772 343,1770 391,1769 440,1769 488,1767 537,1767 585,1767 634,1766 682,1766 730,1766 779,1766 827,1766 876,1766 924,1766 973,1766 1021,1766 1070,1767 1118,1767 1167,1767"/>
                <TextEquiv>
                    <Unicode>Etem herr Geärg Langhauß Predicant dr Jacob</Unicode>
                </TextEquiv>
            </TextLine>
            <TextLine id="r2l25" custom="readingOrder {index:24;} person {offset:0; length:6; continued:true;} person {offset:35; length:13;}">
                <Coords points="190,1855 288,1846 369,1883 489,1842 683,1868 893,1835 944,1876 982,1843 1046,1875 1118,1831 1169,1852 1168,1803 1025,1788 391,1791 190,1823"/>
                <Baseline points="197,1847 245,1845 293,1844 341,1842 389,1841 438,1840 486,1839 534,1838 582,1838 630,1836 679,1835 727,1835 775,1834 823,1833 871,1833 920,1832 968,1832 1016,1830 1064,1830 1112,1829 1161,1829"/>
                <TextEquiv>
                    <Unicode>renner helffer beid alhie und Herr Jacob Zimberg</Unicode>
                </TextEquiv>
            </TextLine>
            <TextLine id="r2l26" custom="readingOrder {index:25;}">
                <Coords points="159,1940 355,1910 507,1946 618,1905 666,1936 823,1893 925,1933 959,1899 1180,1904 1178,1846 1045,1873 982,1843 945,1874 887,1840 842,1867 571,1850 370,1894 305,1859 156,1866"/>
                <Baseline points="164,1916 214,1916 264,1914 315,1913 365,1912 416,1910 466,1908 517,1906 567,1904 618,1902 668,1901 718,1898 769,1897 819,1895 870,1893 920,1891 971,1889 1021,1889 1072,1887 1122,1887 1173,1886"/>
                <TextEquiv>
                    <Unicode>der Bürgeren, Hoff solliches end hin verordnet</Unicode>
                </TextEquiv>
            </TextLine>
            <TextLine id="r2l27" custom="readingOrder {index:26;}">
                <Coords points="180,2002 1167,1957 1165,1908 1018,1895 904,1935 710,1906 630,1941 316,1926 179,1961"/>
                <Baseline points="186,1983 234,1982 283,1980 332,1979 380,1977 429,1976 478,1974 526,1971 575,1968 624,1966 673,1964 721,1962 770,1959 819,1956 867,1955 916,1952 965,1950 1013,1949 1062,1947 1111,1944 1160,1943"/>
                <TextEquiv>
                    <Unicode>worden, welche uff sambstag den 10. wyn</Unicode>
                </TextEquiv>
            </TextLine>
            <TextLine id="r2l28" custom="readingOrder {index:27;} date {offset:0; length:19; continued:true;} person {offset:38; length:10;}">
                <Coords points="206,2059 390,2042 562,2078 678,2037 844,2065 917,2022 1171,2030 1168,1962 1035,1955 858,1990 341,1985 292,2027 205,2030"/>
                <Baseline points="212,2051 259,2048 307,2046 354,2043 402,2040 450,2039 497,2036 545,2034 592,2032 640,2031 688,2028 735,2026 783,2024 830,2023 878,2021 926,2019 973,2017 1021,2015 1068,2012 1116,2011 1164,2009"/>
                <TextEquiv>
                    <Unicode>monats 1629 jahres, sich alhie in die Insua seng</Unicode>
                </TextEquiv>
            </TextLine>
            <TextLine id="r2l29" custom="readingOrder {index:28;}">
                <Coords points="419,2084 432,2084 433,2082 436,2084 447,2084 447,2045 440,2045 434,2050 433,2048 419,2047"/>
                <Baseline points="426,2078 440,2078"/>
                <TextEquiv>
                    <Unicode>1</Unicode>
                </TextEquiv>
            </TextLine>
            <TextLine id="r2l30" custom="readingOrder {index:29;} person {offset:10; length:8;}">
                <Coords points="196,2164 328,2117 406,2155 616,2102 661,2137 699,2104 756,2134 823,2084 1012,2085 1067,2118 1166,2090 1164,2048 902,2030 841,2068 669,2030 612,2079 348,2090 307,2056 192,2086"/>
                <Baseline points="200,2120 247,2115 295,2114 343,2111 391,2108 439,2105 487,2102 535,2100 583,2098 631,2096 679,2093 726,2091 774,2088 822,2087 870,2084 918,2082 966,2080 1014,2078 1062,2075 1110,2072 1158,2070"/>
                <TextEquiv>
                    <Unicode>gedachten thauffer fur sich geforderet, vnd Nach ge¬</Unicode>
                </TextEquiv>
            </TextLine>
            <TextLine id="r2l31" custom="readingOrder {index:30;}">
                <Coords points="197,2195 291,2185 349,2226 572,2154 753,2192 808,2145 879,2170 1054,2133 1159,2151 1177,2095 907,2117 837,2092 755,2131 507,2117 196,2168"/>
                <Baseline points="204,2187 252,2181 300,2175 349,2171 397,2168 446,2163 494,2160 542,2156 591,2154 639,2151 688,2149 736,2147 784,2145 833,2143 881,2141 930,2139 978,2137 1026,2135 1075,2133 1123,2130 1172,2129"/>
                <TextEquiv>
                    <Unicode>bürlichem chreistenlichen ungang, in vermeldung ihr</Unicode>
                </TextEquiv>
            </TextLine>
            <TextLine id="r2l32" custom="readingOrder {index:31;} person {offset:39; length:4;}">
                <Coords points="201,2282 353,2246 421,2280 573,2217 1165,2201 1161,2148 1058,2140 817,2193 556,2165 364,2227 197,2227"/>
                <Baseline points="207,2264 254,2255 302,2249 349,2243 397,2237 444,2233 492,2228 539,2225 587,2220 634,2217 682,2214 729,2211 777,2208 824,2205 872,2203 919,2201 967,2198 1014,2195 1062,2192 1109,2190 1157,2186"/>
                <TextEquiv>
                    <Unicode>gden bentlchs und anrüffung deß namens gott,</Unicode>
                </TextEquiv>
            </TextLine>
            <TextLine id="r2l33" custom="readingOrder {index:32;}">
                <Coords points="195,2329 585,2290 666,2330 735,2280 1064,2303 1177,2263 1175,2220 837,2240 785,2209 708,2261 523,2237 429,2280 276,2258 192,2288"/>
                <Baseline points="201,2324 249,2317 297,2312 346,2307 394,2302 443,2298 491,2294 540,2289 588,2286 637,2283 685,2280 733,2277 782,2273 830,2271 879,2268 927,2264 976,2261 1024,2258 1073,2253 1121,2249 1170,2244"/>
                <TextEquiv>
                    <Unicode>sie zu der handlung synen kreffigen segen geben</Unicode>
                </TextEquiv>
            </TextLine>
            <TextLine id="r2l34" custom="readingOrder {index:33;}">
                <Coords points="178,2407 625,2348 710,2397 799,2336 1019,2318 1121,2346 1162,2321 1150,2271 887,2315 780,2286 664,2328 590,2293 527,2335 454,2317 175,2366"/>
                <Baseline points="183,2391 231,2385 280,2380 328,2374 377,2368 426,2364 474,2359 523,2356 571,2351 620,2348 669,2345 717,2341 766,2338 814,2335 863,2333 912,2329 960,2326 1009,2322 1057,2319 1106,2315 1155,2313"/>
                <TextEquiv>
                    <Unicode>w�lle an inne langen laßen, ob er der ge</Unicode>
                </TextEquiv>
            </TextLine>
            <TextLine id="r2l35" custom="readingOrder {index:34;}">
                <Coords points="197,2491 269,2447 378,2473 544,2424 610,2461 685,2405 868,2424 1064,2386 1146,2418 1155,2335 1077,2323 963,2374 798,2337 715,2389 572,2369 537,2405 363,2380 191,2416"/>
                <Baseline points="201,2454 248,2450 296,2444 343,2440 391,2436 438,2432 486,2427 533,2424 581,2420 628,2416 676,2413 724,2409 771,2406 819,2403 866,2399 914,2395 961,2391 1009,2388 1056,2384 1104,2379 1152,2376"/>
                <TextEquiv>
                    <Unicode>hausammen demitt syn welle, daß wo er uß</Unicode>
                </TextEquiv>
            </TextLine>
            <TextLine id="r2l36" custom="readingOrder {index:35;}">
                <Coords points="194,2567 475,2548 674,2484 725,2521 788,2477 957,2465 1026,2497 1164,2462 1160,2410 1102,2385 939,2443 845,2419 529,2472 473,2446 412,2486 267,2452 188,2496"/>
                <Baseline points="197,2522 244,2518 292,2514 340,2510 388,2505 436,2501 484,2498 532,2493 580,2490 628,2487 676,2482 723,2479 771,2474 819,2471 867,2466 915,2462 963,2459 1011,2454 1059,2449 1107,2445 1155,2439"/>
                <TextEquiv>
                    <Unicode>heilliger gschrifft irrhumbs überwißen weien</Unicode>
                </TextEquiv>
            </TextLine>
            <TextLine id="r2l37" custom="readingOrder {index:36;}">
                <Coords points="192,2599 705,2550 847,2582 930,2529 1109,2546 1162,2510 1158,2469 779,2518 602,2507 190,2580"/>
                <Baseline points="198,2594 245,2588 293,2582 341,2577 389,2572 437,2568 485,2564 532,2560 580,2556 628,2552 676,2547 724,2543 772,2540 820,2535 867,2532 915,2527 963,2523 1011,2519 1059,2514 1107,2508 1155,2504"/>
                <TextEquiv>
                    <Unicode>er daruon zu Stan, wyl sonst alles vergeben</Unicode>
                </TextEquiv>
            </TextLine>
            <TextLine id="r2l38" custom="readingOrder {index:37;}">
                <Coords points="212,2685 387,2641 582,2667 636,2622 917,2600 993,2636 1166,2572 1162,2528 966,2570 892,2538 847,2585 586,2573 505,2613 400,2580 207,2633"/>
                <Baseline points="216,2660 263,2654 310,2649 357,2643 404,2639 451,2634 498,2629 545,2627 592,2622 639,2619 687,2615 734,2612 781,2607 828,2603 875,2600 922,2594 969,2590 1016,2583 1063,2578 1110,2571 1158,2562"/>
                <TextEquiv>
                    <Unicode>yn wurde gesumet, hieruff er sich zwar</Unicode>
                </TextEquiv>
            </TextLine>
            <TextLine id="r2l39" custom="readingOrder {index:38;}">
                <Coords points="201,2735 461,2708 583,2730 660,2686 912,2663 1007,2693 1152,2653 1146,2593 723,2660 657,2633 540,2676 467,2655 390,2689 277,2665 198,2705"/>
                <Baseline points="207,2724 253,2720 300,2716 347,2711 394,2707 441,2703 487,2699 534,2694 581,2690 628,2687 675,2682 721,2677 768,2673 815,2669 862,2664 909,2659 955,2654 1002,2649 1049,2643 1096,2637 1143,2631"/>
                <TextEquiv>
                    <Unicode>mit wortten heitter ererlartt, pernach</Unicode>
                </TextEquiv>
            </TextLine>
            <TextLine id="r2l40" custom="readingOrder {index:39;}">
                <Coords points="205,2798 396,2772 483,2798 915,2727 986,2764 1142,2670 201,2762"/>
                <Baseline points="210,2787 256,2784 302,2779 349,2775 395,2771 441,2767 488,2765 534,2761 580,2758 627,2754 673,2751 719,2746 766,2742 812,2736 858,2732 905,2726 951,2721 997,2714 1044,2705 1090,2697 1137,2688"/>
                <TextEquiv>
                    <Unicode>aber nit erstattet, alß nun die landlung</Unicode>
                </TextEquiv>
            </TextLine>
            <TextLine id="r2l41" custom="readingOrder {index:40;}">
                <Coords points="195,2862 308,2901 367,2846 430,2882 487,2837 643,2815 879,2832 1159,2752 1156,2724 1067,2715 984,2765 931,2733 855,2778 663,2759 619,2793 520,2775 369,2813 292,2785 191,2820"/>
                <Baseline points="201,2855 248,2849 296,2845 343,2841 391,2837 438,2834 486,2829 533,2826 581,2822 628,2819 676,2814 724,2811 771,2807 819,2801 866,2796 914,2790 961,2784 1009,2778 1056,2769 1104,2760 1152,2751"/>
                <TextEquiv>
                    <Unicode>an ihren selbs antretten. ist von ime</Unicode>
                </TextEquiv>
            </TextLine>
            <TextLine id="r2l42" custom="readingOrder {index:41;}">
                <Coords points="176,2958 262,2916 483,2945 603,2882 696,2913 776,2862 866,2903 922,2858 1163,2825 1159,2780 584,2861 432,2829 355,2883 305,2855 227,2904 169,2892"/>
                <Baseline points="180,2931 228,2924 277,2917 326,2911 375,2907 423,2902 472,2896 521,2892 570,2888 618,2883 667,2879 716,2875 765,2870 813,2865 862,2859 911,2854 960,2847 1008,2840 1057,2831 1106,2823 1155,2813"/>
                <TextEquiv>
                    <Unicode>die zer sauh syner bißhero gethanen abhünden</Unicode>
                </TextEquiv>
            </TextLine>
            <TextLine id="r2l43" custom="readingOrder {index:42;}">
                <Coords points="168,3018 480,2966 548,3007 593,2956 671,2945 753,2980 830,2935 1151,2889 1146,2848 976,2888 933,2859 868,2909 797,2877 700,2924 160,2954"/>
                <Baseline points="174,3009 222,3000 270,2991 319,2983 367,2976 416,2969 464,2964 513,2960 561,2955 610,2951 658,2946 706,2942 755,2939 803,2934 852,2929 900,2923 949,2916 997,2910 1046,2901 1094,2892 1143,2882"/>
                <TextEquiv>
                    <Unicode>Bon unßer chrisfenlichen gmeindt sein</Unicode>
                </TextEquiv>
            </TextLine>
            <TextLine id="r2l44" custom="readingOrder {index:43;}">
                <Coords points="173,3099 637,3022 729,3055 808,2998 919,3012 1039,2969 1094,2993 1169,2943 1164,2905 993,2909 874,2965 640,2997 581,2972 548,3007 382,2970 166,3046"/>
                <Baseline points="177,3075 226,3069 275,3061 324,3055 373,3049 423,3043 472,3036 521,3032 570,3025 619,3020 669,3014 718,3008 767,3001 816,2995 865,2989 915,2981 964,2974 1013,2966 1062,2957 1111,2948 1161,2939"/>
                <TextEquiv>
                    <Unicode>gottsdienst, in anhorung offendtlich von</Unicode>
                </TextEquiv>
            </TextLine>
            <TextEquiv>
                <Unicode>Sollenich Borngeiter
Deß wider thanffers cag
men
Alß dan vor etwas verschmer wuchen, vr ihn

durch dero amptsman, den landtvogt zu Brachtel
Wald Ullerich Baumgartter von Tierswird in
der Hehilchorn langnouw einer der jringen
Ber führischen wider haufferischen sect zuge
thander syn ampts anghöriger wegen syn selbs
Bßschließung von der christenlichen gmeindt und
besuchung der wider haufferischen versamlung
uberschickt worden, hatt damalen ir ihngehabetn
zu bewelchen, man denselben alhie in v dl spittall
der insull gefengetlich enthalten solle, lutz derselbe
Alda durch einen ze rathsglideren, dißer
signer frrigen angenomnen, widerthauffewischen
ect Examiniert, vnd durch die Geistlichen
herren im händell synes peills, beßer underrichtet
undwomüglich, den angetrettnen ihrweg uff
die rechte ban gebracht wurde, wie dan
die ehrennescten, ehrwürdigen wolgelehrten
Heiren s damit aman deß kleinen rathis
Etem herr Geärg Langhauß Predicant dr Jacob
renner helffer beid alhie und Herr Jacob Zimberg
der Bürgeren, Hoff solliches end hin verordnet
worden, welche uff sambstag den 10. wyn
monats 1629 jahres, sich alhie in die Insua seng
1
gedachten thauffer fur sich geforderet, vnd Nach ge¬
bürlichem chreistenlichen ungang, in vermeldung ihr
gden bentlchs und anrüffung deß namens gott,
sie zu der handlung synen kreffigen segen geben
w�lle an inne langen laßen, ob er der ge
hausammen demitt syn welle, daß wo er uß
heilliger gschrifft irrhumbs überwißen weien
er daruon zu Stan, wyl sonst alles vergeben
yn wurde gesumet, hieruff er sich zwar
mit wortten heitter ererlartt, pernach
aber nit erstattet, alß nun die landlung
an ihren selbs antretten. ist von ime
die zer sauh syner bißhero gethanen abhünden
Bon unßer chrisfenlichen gmeindt sein
gottsdienst, in anhorung offendtlich von</Unicode>
            </TextEquiv>
        </TextRegion>
        <TextRegion orientation="0.0" id="r3" custom="readingOrder {index:2;}">
            <Coords points="1278,1697 1278,1847 1293,1847 1293,1697"/>
            <TextLine id="r3l1" custom="readingOrder {index:0;}">
                <Coords points="1271,1810 1278,1810 1281,1807 1288,1806 1289,1804 1293,1807 1300,1807 1300,1747 1282,1748 1280,1751 1278,1749 1271,1749"/>
                <Baseline points="1278,1797 1293,1797"/>
                <TextEquiv>
                    <Unicode></Unicode>
                </TextEquiv>
            </TextLine>
            <TextEquiv>
                <Unicode></Unicode>
            </TextEquiv>
        </TextRegion>
        <TextRegion orientation="0.0" id="r4" custom="readingOrder {index:3;}">
            <Coords points="1290,991 1290,1141 1305,1141 1305,991"/>
            <TextLine id="r4l1" custom="readingOrder {index:0;}">
                <Coords points="1284,1126 1293,1126 1303,1136 1312,1134 1312,1063 1306,1063 1302,1060 1284,1062"/>
                <Baseline points="1290,1091 1305,1091"/>
                <TextEquiv>
                    <Unicode></Unicode>
                </TextEquiv>
            </TextLine>
            <TextEquiv>
                <Unicode></Unicode>
            </TextEquiv>
        </TextRegion>
        <TextRegion orientation="0.0" id="r5" custom="readingOrder {index:4;}">
            <Coords points="1269,165 1269,3075 2394,3075 2394,165"/>
            <TextLine id="r5l1" custom="readingOrder {index:0;}">
                <Coords points="2281,249 2302,246 2316,238 2323,240 2335,229 2350,237 2376,235 2365,164 2357,165 2334,154 2322,166 2304,163 2288,184 2271,187"/>
                <Baseline points="2282,209 2309,204 2336,199 2363,197"/>
                <TextEquiv>
                    <Unicode>15</Unicode>
                </TextEquiv>
            </TextLine>
            <TextLine id="r5l2" custom="readingOrder {index:1;}">
                <Coords points="1266,521 1384,458 2295,366 2365,320 2066,345 1967,304 1688,363 1529,352 1444,422 1257,447"/>
                <Baseline points="1269,489 1323,475 1378,461 1432,450 1487,440 1541,429 1596,421 1650,413 1705,405 1759,398 1814,392 1869,386 1923,380 1978,376 2032,371 2087,366 2141,362 2196,357 2250,352 2305,348 2360,342"/>
                <TextEquiv>
                    <Unicode>den darzu ordenlicher Wyß berufften dieneren</Unicode>
                </TextEquiv>
            </TextLine>
            <TextLine id="r5l3" custom="readingOrder {index:2;} person {offset:33; length:6;}">
                <Coords points="1321,584 1608,483 2378,409 2370,348 2144,368 2096,408 1733,409 1650,456 1576,426 1313,520"/>
                <Baseline points="1323,546 1375,531 1427,517 1479,506 1532,495 1584,484 1636,476 1689,468 1741,460 1793,454 1846,447 1898,442 1950,437 2002,431 2055,427 2107,423 2159,419 2212,414 2264,409 2316,403 2369,398"/>
                <TextEquiv>
                    <Unicode>gepredigeten wordt gottes und in gottes</Unicode>
                </TextEquiv>
            </TextLine>
            <TextLine id="r5l4" custom="readingOrder {index:3;}">
                <Coords points="1318,628 1507,568 1576,602 1631,544 1660,564 1865,501 2007,526 2031,500 2253,486 2188,432 2142,468 1996,486 1932,453 1852,493 1719,470 1313,584"/>
                <Baseline points="1323,615 1369,600 1415,587 1461,576 1507,564 1553,556 1599,547 1646,539 1692,533 1738,526 1784,520 1830,515 1876,511 1922,507 1969,503 2015,499 2061,495 2107,491 2153,488 2199,483 2246,479"/>
                <TextEquiv>
                    <Unicode>wortt wol gegründere h sacramenter</Unicode>
                </TextEquiv>
            </TextLine>
            <TextLine id="r5l5" custom="readingOrder {index:4;}">
                <Coords points="1295,699 1724,599 2376,549 2395,488 2072,498 1991,547 1910,519 1718,584 1629,549 1575,603 1286,631"/>
                <Baseline points="1299,678 1353,666 1408,653 1463,642 1518,632 1572,621 1627,612 1682,604 1737,597 1791,589 1846,583 1901,576 1956,570 2010,564 2065,560 2120,556 2175,551 2229,546 2284,543 2339,539 2394,536"/>
                <TextEquiv>
                    <Unicode>Vunder abtritts zu der verrestken  sectiesinten</Unicode>
                </TextEquiv>
            </TextLine>
            <TextLine id="r5l6" custom="readingOrder {index:5;}">
                <Coords points="1326,754 1409,766 1502,704 1556,724 1715,673 1864,696 2146,618 2349,622 2354,569 1992,585 1878,628 1732,600 1574,672 1316,677"/>
                <Baseline points="1331,734 1382,724 1433,715 1484,707 1535,698 1586,690 1637,683 1688,676 1739,668 1790,661 1841,654 1892,648 1943,642 1994,637 2045,631 2096,625 2147,621 2198,616 2249,612 2300,608 2351,603"/>
                <TextEquiv>
                    <Unicode>oersamlung der widerthauffferen mit ernst-</Unicode>
                </TextEquiv>
            </TextLine>
            <TextLine id="r5l7" custom="readingOrder {index:6;}">
                <Coords points="1337,851 1430,794 1610,767 1698,791 1794,726 1861,770 1935,716 1998,747 2056,698 2252,676 2260,643 2080,672 2042,650 2003,684 1804,708 1683,679 1594,728 1502,704 1457,760 1326,773"/>
                <Baseline points="1338,803 1383,793 1429,785 1475,776 1521,769 1567,762 1613,755 1659,748 1705,742 1751,736 1797,730 1842,725 1888,719 1934,714 1980,708 2026,701 2072,695 2118,689 2164,683 2210,676 2256,669"/>
                <TextEquiv>
                    <Unicode>haffter freundtligkheidt erhauschet worden.</Unicode>
                </TextEquiv>
            </TextLine>
            <TextLine id="r5l8" custom="readingOrder {index:7;}">
                <Coords points="1338,902 1458,862 1562,881 1618,837 1857,795 1998,820 2143,760 2370,786 2368,696 2164,733 2110,710 2020,751 1966,723 1704,796 1611,767 1569,806 1331,848"/>
                <Baseline points="1340,867 1391,859 1442,851 1493,844 1545,836 1596,828 1647,821 1699,814 1750,808 1801,801 1853,794 1904,788 1955,782 2006,776 2058,770 2109,764 2160,759 2212,754 2263,748 2314,743 2366,738"/>
                <TextEquiv>
                    <Unicode>sampt angehenckter vermanung hierüber eigentliche</Unicode>
                </TextEquiv>
            </TextLine>
            <TextLine id="r5l9" custom="readingOrder {index:8;}">
                <Coords points="1320,952 1404,974 1438,935 1481,963 1673,902 2169,889 2221,845 2255,869 2364,832 2321,778 2132,788 1920,846 1762,818 1693,863 1613,843 1559,885 1313,899"/>
                <Baseline points="1325,941 1376,934 1428,928 1479,920 1531,914 1582,906 1634,900 1685,892 1737,885 1788,878 1840,871 1891,865 1943,859 1994,853 2046,847 2097,841 2149,836 2200,831 2252,827 2303,824 2355,819"/>
                <TextEquiv>
                    <Unicode>kechenschafft und gründtlichen bericht zu geben etc.</Unicode>
                </TextEquiv>
            </TextLine>
            <TextLine id="r5l10" custom="readingOrder {index:9;}">
                <Coords points="1313,1031 1502,990 1653,1017 1696,979 1886,954 1960,985 2127,926 2233,968 2363,913 2360,883 2275,867 2046,916 1825,898 1681,958 1622,922 1410,988 1306,961"/>
                <Baseline points="1319,1019 1370,1011 1422,1005 1474,998 1526,992 1578,986 1629,979 1681,974 1733,968 1785,962 1837,957 1888,952 1940,947 1992,942 2044,937 2096,932 2147,927 2199,922 2251,917 2303,912 2355,906"/>
                <TextEquiv>
                    <Unicode>Harüber er bekhendt, die ursach syn, daß er sich zu</Unicode>
                </TextEquiv>
            </TextLine>
            <TextLine id="r5l11" custom="readingOrder {index:10;}">
                <Coords points="1323,1093 1514,1059 1574,1094 1747,1037 2098,1063 2160,1015 2293,1003 2343,1032 2382,1016 2376,952 2133,953 2103,989 1968,999 1886,956 1726,1023 1621,992 1319,1055"/>
                <Baseline points="1328,1080 1380,1073 1432,1068 1484,1061 1536,1056 1589,1051 1641,1046 1693,1043 1745,1038 1797,1035 1850,1031 1902,1028 1954,1023 2006,1019 2058,1016 2111,1012 2163,1007 2215,1002 2267,996 2319,989 2372,983"/>
                <TextEquiv>
                    <Unicode>den wider täufferischen sect geschlagen, wyl man</Unicode>
                </TextEquiv>
            </TextLine>
            <TextLine id="r5l12" custom="readingOrder {index:11;}">
                <Coords points="1335,1172 1408,1128 1501,1167 1644,1117 2369,1085 2364,1026 2278,1009 2101,1063 1744,1038 1652,1084 1465,1073 1331,1109"/>
                <Baseline points="1340,1137 1391,1133 1442,1128 1493,1123 1544,1119 1595,1116 1646,1112 1697,1108 1748,1104 1799,1101 1850,1098 1901,1094 1952,1090 2003,1086 2054,1082 2105,1079 2156,1076 2207,1071 2258,1067 2309,1062 2360,1056"/>
                <TextEquiv>
                    <Unicode>zwar in unßerer khilchen starcke mit lehren</Unicode>
                </TextEquiv>
            </TextLine>
            <TextLine id="r5l13" custom="readingOrder {index:12;}">
                <Coords points="1327,1218 1935,1165 2066,1189 2106,1156 2261,1190 2330,1156 2327,1111 2244,1089 2039,1135 1627,1121 1498,1168 1423,1129 1325,1182"/>
                <Baseline points="1334,1205 1383,1200 1432,1196 1482,1192 1531,1188 1580,1185 1630,1181 1679,1178 1728,1175 1778,1172 1827,1169 1876,1166 1926,1163 1975,1160 2024,1157 2074,1152 2123,1149 2172,1146 2222,1142 2271,1137 2321,1133"/>
                <TextEquiv>
                    <Unicode>anhalte, sich von sünden und lasteren abzethan</Unicode>
                </TextEquiv>
            </TextLine>
            <TextLine id="r5l14" custom="readingOrder {index:13;}">
                <Coords points="1312,1288 1520,1266 1563,1294 1645,1241 1735,1280 1778,1243 1830,1274 2001,1226 2286,1223 2338,1212 2335,1163 2253,1194 2148,1160 1613,1219 1535,1190 1307,1207"/>
                <Baseline points="1317,1272 1367,1267 1418,1261 1468,1257 1519,1253 1570,1250 1620,1246 1671,1242 1722,1239 1772,1237 1823,1235 1874,1232 1924,1229 1975,1226 2026,1223 2076,1221 2127,1217 2178,1214 2228,1211 2279,1207 2330,1202"/>
                <TextEquiv>
                    <Unicode>snd zu bekheren, solliches aber nit anderst</Unicode>
                </TextEquiv>
            </TextLine>
            <TextLine id="r5l15" custom="readingOrder {index:14;}">
                <Coords points="1335,1370 1434,1332 1558,1367 1718,1310 2394,1276 2392,1245 2167,1267 2046,1234 1743,1288 1605,1249 1564,1295 1459,1266 1331,1303"/>
                <Baseline points="1340,1334 1392,1329 1444,1326 1497,1322 1549,1319 1601,1315 1654,1312 1706,1309 1758,1306 1811,1302 1863,1299 1915,1296 1968,1293 2020,1290 2072,1287 2125,1284 2177,1280 2229,1277 2282,1274 2334,1269 2387,1265"/>
                <TextEquiv>
                    <Unicode>gehalten behertziget noch in obacht genommen</Unicode>
                </TextEquiv>
            </TextLine>
            <TextLine id="r5l16" custom="readingOrder {index:15;}">
                <Coords points="1332,1422 2141,1349 2278,1394 2384,1379 2378,1280 2085,1339 1963,1303 1805,1356 1329,1367"/>
                <Baseline points="1338,1401 1389,1398 1441,1397 1493,1394 1545,1391 1597,1389 1649,1386 1700,1382 1752,1379 1804,1375 1856,1371 1908,1368 1960,1365 2012,1361 2063,1358 2115,1354 2167,1350 2219,1347 2271,1343 2323,1340 2375,1337"/>
                <TextEquiv>
                    <Unicode>werde, weder daß man stättig unangesecht</Unicode>
                </TextEquiv>
            </TextLine>
            <TextLine id="r5l17" custom="readingOrder {index:16;}">
                <Coords points="1340,1487 1424,1512 1485,1463 1720,1457 1765,1488 1820,1445 1929,1489 2107,1456 2138,1481 2207,1430 2320,1471 2360,1406 2184,1376 2115,1408 2009,1381 1961,1415 1337,1420"/>
                <Baseline points="1346,1466 1396,1464 1446,1462 1497,1460 1547,1458 1598,1456 1648,1454 1698,1451 1749,1449 1799,1447 1850,1445 1900,1442 1950,1440 2001,1437 2051,1435 2102,1433 2152,1431 2202,1430 2253,1428 2303,1426 2354,1425"/>
                <TextEquiv>
                    <Unicode>sölliches abmanens in sollichem uphigen waßen</Unicode>
                </TextEquiv>
            </TextLine>
            <TextLine id="r5l18" custom="readingOrder {index:17;}">
                <Coords points="1345,1538 1593,1525 1710,1560 1841,1519 1932,1554 1982,1522 2301,1514 2340,1477 2209,1450 2003,1496 1887,1473 1661,1501 1488,1464 1425,1510 1344,1489"/>
                <Baseline points="1352,1527 1401,1526 1450,1526 1499,1524 1548,1524 1597,1523 1646,1521 1695,1521 1744,1520 1793,1518 1842,1517 1891,1515 1940,1514 1989,1512 2038,1511 2087,1509 2136,1508 2185,1506 2234,1504 2283,1503 2333,1500"/>
                <TextEquiv>
                    <Unicode>�nden und tohteren horttfahre, darumb ein</Unicode>
                </TextEquiv>
            </TextLine>
            <TextLine id="r5l19" custom="readingOrder {index:18;}">
                <Coords points="1337,1612 1442,1598 1500,1634 1613,1591 1696,1634 1936,1585 2206,1582 2282,1624 2385,1600 2384,1530 2236,1552 2160,1514 1932,1554 1548,1531 1457,1570 1336,1532"/>
                <Baseline points="1343,1590 1394,1590 1446,1590 1498,1589 1550,1589 1601,1587 1653,1587 1705,1586 1757,1585 1808,1584 1860,1583 1912,1583 1964,1581 2015,1581 2067,1580 2119,1580 2171,1579 2222,1578 2274,1578 2326,1578 2378,1578"/>
                <TextEquiv>
                    <Unicode>anlaß gnommen, sich zu dem volck der widerthöuff</Unicode>
                </TextEquiv>
            </TextLine>
            <TextLine id="r5l20" custom="readingOrder {index:19;}">
                <Coords points="1343,1696 1407,1664 1655,1692 1689,1659 1757,1690 1800,1657 2320,1659 2319,1622 2005,1632 1958,1597 1911,1631 1671,1637 1615,1597 1484,1644 1342,1637"/>
                <Baseline points="1349,1662 1397,1662 1445,1661 1493,1661 1541,1660 1589,1659 1637,1659 1686,1658 1734,1658 1782,1656 1830,1656 1878,1655 1926,1655 1974,1653 2023,1653 2071,1653 2119,1652 2167,1652 2215,1652 2263,1652 2312,1652"/>
                <TextEquiv>
                    <Unicode>erischen seet zubegeben, alda zuneümen</Unicode>
                </TextEquiv>
            </TextLine>
            <TextLine id="r5l21" custom="readingOrder {index:20;}">
                <Coords points="1336,1748 1508,1730 1558,1760 1860,1766 2006,1728 2102,1755 2326,1733 2326,1681 2097,1710 2007,1658 1934,1683 1883,1659 1823,1704 1642,1685 1597,1714 1497,1669 1448,1708 1336,1710"/>
                <Baseline points="1343,1725 1391,1727 1440,1727 1489,1727 1538,1728 1587,1728 1635,1728 1684,1728 1733,1728 1782,1728 1831,1728 1879,1728 1928,1728 1977,1728 2026,1728 2075,1727 2123,1727 2172,1725 2221,1725 2270,1722 2319,1722"/>
                <TextEquiv>
                    <Unicode>was und wie dieselbigen lehrnit, auch was</Unicode>
                </TextEquiv>
            </TextLine>
            <TextLine id="r5l22" custom="readingOrder {index:21;}">
                <Coords points="1330,1836 1592,1793 1665,1837 1864,1807 2335,1838 2336,1768 2221,1786 2181,1755 1904,1746 1791,1785 1712,1746 1676,1778 1604,1749 1562,1771 1514,1732 1459,1777 1401,1744 1332,1773"/>
                <Baseline points="1338,1791 1387,1791 1437,1793 1486,1794 1536,1795 1585,1797 1635,1797 1684,1799 1734,1800 1783,1802 1833,1803 1882,1804 1932,1805 1981,1806 2031,1808 2080,1808 2130,1809 2179,1809 2229,1811 2278,1811 2328,1811"/>
                <TextEquiv>
                    <Unicode>y gloubindt villicht ime ihre wyß und glauben</Unicode>
                </TextEquiv>
            </TextLine>
            <TextLine id="r5l23" custom="readingOrder {index:22;}">
                <Coords points="1333,1894 1548,1899 1603,1859 1867,1911 1959,1884 2015,1922 2281,1889 2314,1925 2352,1917 2355,1850 2279,1859 2219,1818 2057,1854 1996,1814 1843,1857 1656,1839 1592,1792 1527,1831 1335,1832"/>
                <Baseline points="1341,1850 1391,1851 1441,1853 1491,1854 1542,1857 1592,1859 1642,1860 1692,1862 1743,1865 1793,1867 1843,1869 1893,1871 1944,1873 1994,1875 2044,1877 2094,1878 2145,1880 2195,1881 2245,1883 2295,1884 2346,1884"/>
                <TextEquiv>
                    <Unicode>gefallen wurde, daß er sich volkhomen zu iney</Unicode>
                </TextEquiv>
            </TextLine>
            <TextLine id="r5l24" custom="readingOrder {index:23;}">
                <Coords points="1337,1938 1589,1971 1718,1938 2007,1952 2067,1986 2158,1947 2342,1968 2375,1933 2281,1906 1856,1922 1764,1877 1715,1911 1639,1875 1338,1898"/>
                <Baseline points="1344,1919 1395,1919 1446,1920 1497,1921 1548,1923 1599,1925 1650,1928 1702,1929 1753,1932 1804,1935 1855,1938 1906,1941 1957,1943 2008,1946 2060,1947 2111,1949 2162,1950 2213,1950 2264,1950 2315,1950 2367,1949"/>
                <TextEquiv>
                    <Unicode>schlachen möchte, und alß er sun ein zytt lang und</Unicode>
                </TextEquiv>
            </TextLine>
            <TextLine id="r5l25" custom="readingOrder {index:24;}">
                <Coords points="1333,1998 1541,2032 1668,2012 1713,2049 1775,2014 1949,2046 2145,2023 2249,2065 2290,2033 2377,2075 2354,1972 2154,2004 2108,1965 2067,1998 1629,1949 1335,1963"/>
                <Baseline points="1340,1985 1391,1988 1443,1990 1494,1992 1546,1995 1598,1998 1649,2000 1701,2003 1753,2006 1804,2007 1856,2010 1908,2013 1959,2015 2011,2018 2063,2019 2114,2021 2166,2022 2218,2024 2269,2025 2321,2025 2373,2027"/>
                <TextEquiv>
                    <Unicode>enen, in ihren versamlungen gewonet, daselbsten</Unicode>
                </TextEquiv>
            </TextLine>
            <TextLine id="r5l26" custom="readingOrder {index:25;}">
                <Coords points="1320,2064 1737,2107 1956,2080 2020,2123 2111,2085 2179,2114 2338,2100 2340,2055 2196,2073 2143,2022 1865,2061 1322,2022"/>
                <Baseline points="1328,2043 1378,2048 1428,2051 1478,2055 1528,2060 1578,2063 1628,2065 1679,2069 1729,2071 1779,2073 1829,2075 1879,2078 1929,2079 1979,2081 2030,2084 2080,2085 2130,2087 2180,2090 2230,2091 2280,2093 2331,2096"/>
                <TextEquiv>
                    <Unicode>gelehrt worden, hatte er by sich gefunden, daß</Unicode>
                </TextEquiv>
            </TextLine>
            <TextLine id="r5l27" custom="readingOrder {index:26;}">
                <Coords points="1320,2142 2356,2165 2358,2113 2311,2096 2241,2134 2061,2095 2020,2123 1962,2081 1738,2112 1540,2063 1323,2070"/>
                <Baseline points="1329,2111 1380,2113 1431,2116 1482,2118 1533,2121 1584,2124 1635,2126 1686,2129 1737,2130 1788,2133 1839,2135 1890,2138 1941,2139 1992,2141 2043,2144 2094,2145 2145,2147 2196,2148 2247,2150 2298,2151 2349,2153"/>
                <TextEquiv>
                    <Unicode>ihre lehr und glaubens beschandtnus mit</Unicode>
                </TextEquiv>
            </TextLine>
            <TextLine id="r5l28" custom="readingOrder {index:27;} person {offset:0; length:6;}">
                <Coords points="1307,2179 2379,2247 2362,2169 2251,2198 2071,2155 1958,2194 1847,2155 1309,2146"/>
                <Baseline points="1314,2171 1369,2176 1425,2179 1481,2183 1536,2187 1592,2191 1648,2193 1704,2197 1759,2199 1815,2202 1871,2204 1927,2207 1982,2210 2038,2212 2094,2214 2150,2217 2205,2220 2261,2223 2317,2226 2373,2231"/>
                <TextEquiv>
                    <Unicode>gottes wortt ubereinstnme, sind sich deßwegen</Unicode>
                </TextEquiv>
            </TextLine>
            <TextLine id="r5l29" custom="readingOrder {index:28;}">
                <Coords points="1287,2270 1642,2271 1793,2316 1857,2283 2216,2318 2334,2291 2215,2219 2055,2256 2017,2225 1513,2231 1421,2186 1292,2184"/>
                <Baseline points="1295,2237 1346,2238 1398,2240 1449,2243 1501,2246 1553,2250 1604,2252 1656,2256 1708,2260 1759,2264 1811,2268 1863,2271 1914,2275 1966,2277 2018,2280 2069,2282 2121,2285 2173,2286 2224,2286 2276,2288 2328,2286"/>
                <TextEquiv>
                    <Unicode>Holkhomen zu inen geschlagen und also ihren</Unicode>
                </TextEquiv>
            </TextLine>
            <TextLine id="r5l30" custom="readingOrder {index:29;}">
                <Coords points="1313,2313 1462,2307 1635,2357 1713,2329 1994,2349 2070,2392 2113,2356 2391,2375 2394,2319 2311,2293 1788,2315 1317,2253"/>
                <Baseline points="1320,2301 1373,2304 1426,2306 1479,2309 1533,2313 1586,2316 1639,2320 1692,2324 1746,2328 1799,2332 1852,2336 1905,2340 1959,2344 2012,2348 2065,2351 2118,2355 2172,2357 2225,2358 2278,2361 2331,2361 2385,2363"/>
                <TextEquiv>
                    <Unicode>glonken angenommen, da dann funfft artierl</Unicode>
                </TextEquiv>
            </TextLine>
            <TextLine id="r5l31" custom="readingOrder {index:30;}">
                <Coords points="1326,2391 1455,2416 1514,2367 1722,2413 2369,2451 2396,2415 2331,2374 2235,2408 1720,2331 1666,2366 1331,2324"/>
                <Baseline points="1335,2358 1387,2362 1440,2366 1492,2369 1545,2373 1598,2376 1650,2381 1703,2385 1756,2390 1808,2394 1861,2398 1914,2403 1966,2407 2019,2412 2072,2417 2124,2421 2177,2424 2230,2428 2282,2432 2335,2434 2388,2436"/>
                <TextEquiv>
                    <Unicode>bekhendt werdent, Namlich da 2 die teeg</Unicode>
                </TextEquiv>
            </TextLine>
            <TextLine id="r5l32" custom="readingOrder {index:31;}">
                <Coords points="1302,2452 1997,2478 2126,2523 2327,2526 2331,2482 2032,2436 1970,2460 1819,2416 1682,2435 1630,2393 1552,2422 1307,2397"/>
                <Baseline points="1311,2430 1361,2433 1412,2435 1462,2439 1513,2442 1563,2445 1614,2448 1664,2453 1715,2457 1765,2461 1816,2465 1867,2469 1917,2474 1968,2478 2018,2481 2069,2486 2119,2490 2170,2494 2220,2498 2271,2502 2322,2504"/>
                <TextEquiv>
                    <Unicode>Der 2 der glaub den 3. der stoaff der</Unicode>
                </TextEquiv>
            </TextLine>
            <TextLine id="r5l33" custom="readingOrder {index:32;}">
                <Coords points="1317,2521 1558,2513 1829,2557 1946,2538 2081,2592 2258,2585 2262,2540 1322,2456"/>
                <Baseline points="1325,2498 1371,2499 1417,2501 1464,2504 1510,2506 1557,2509 1603,2512 1649,2516 1696,2520 1742,2523 1789,2529 1835,2532 1881,2537 1928,2540 1974,2545 2021,2549 2067,2552 2113,2556 2160,2559 2206,2561 2253,2564"/>
                <TextEquiv>
                    <Unicode>4. Der Ban den 5 daß brottbrechen etc.</Unicode>
                </TextEquiv>
            </TextLine>
            <TextLine id="r5l34" custom="readingOrder {index:33;}">
                <Coords points="1264,2599 1408,2577 1453,2613 1506,2587 1734,2606 1779,2653 1849,2620 1923,2672 1992,2635 2267,2663 2290,2623 2145,2579 2008,2594 1954,2555 1545,2553 1273,2510"/>
                <Baseline points="1275,2565 1325,2566 1375,2568 1425,2571 1476,2574 1526,2577 1576,2582 1626,2586 1677,2591 1727,2597 1777,2602 1827,2609 1878,2614 1928,2619 1978,2625 2028,2630 2079,2635 2129,2639 2179,2643 2229,2646 2280,2649"/>
                <TextEquiv>
                    <Unicode>Hff dißem tag ist mit ime gehandlet worden.</Unicode>
                </TextEquiv>
            </TextLine>
            <TextLine id="r5l35" custom="readingOrder {index:34;} person {offset:8; length:8;}">
                <Coords points="1291,2643 1687,2663 1725,2702 1841,2678 2072,2750 2135,2718 2316,2738 2376,2793 2405,2694 1923,2673 1846,2619 1720,2653 1564,2592 1295,2608"/>
                <Baseline points="1299,2631 1353,2634 1408,2637 1463,2640 1517,2645 1572,2650 1627,2656 1681,2661 1736,2667 1791,2673 1846,2680 1900,2685 1955,2693 2010,2699 2064,2706 2119,2711 2174,2719 2228,2724 2283,2729 2338,2734 2393,2739"/>
                <TextEquiv>
                    <Unicode>von dem sehinder whauff, wellichen eie hme unrecht</Unicode>
                </TextEquiv>
            </TextLine>
            <TextLine id="r5l36" custom="readingOrder {index:35;}">
                <Coords points="1330,2708 1405,2751 1573,2716 2177,2790 2242,2827 2302,2807 2330,2837 2364,2827 2373,2753 2325,2773 2213,2728 2032,2752 1399,2636 1335,2666"/>
                <Baseline points="1338,2696 1389,2698 1440,2702 1491,2707 1542,2712 1593,2717 1644,2722 1696,2729 1747,2736 1798,2742 1849,2749 1900,2755 1951,2762 2002,2769 2054,2775 2105,2780 2156,2786 2207,2790 2258,2795 2309,2796 2361,2799"/>
                <TextEquiv>
                    <Unicode>erkhendt und understanden, wiewol mit großem</Unicode>
                </TextEquiv>
            </TextLine>
            <TextLine id="r5l37" custom="readingOrder {index:36;}">
                <Coords points="1281,2789 1998,2840 2250,2914 2380,2893 2386,2834 2222,2801 1800,2790 1766,2751 1680,2777 1568,2723 1409,2757 1291,2708"/>
                <Baseline points="1292,2762 1346,2764 1400,2768 1454,2774 1508,2779 1562,2785 1616,2792 1671,2798 1725,2804 1779,2812 1833,2819 1887,2826 1941,2832 1995,2839 2050,2846 2104,2852 2158,2859 2212,2864 2266,2869 2320,2873 2375,2876"/>
                <TextEquiv>
                    <Unicode>Benerstand und uußbruch beides der s gschrifft</Unicode>
                </TextEquiv>
            </TextLine>
            <TextLine id="r5l38" custom="readingOrder {index:37;}">
                <Coords points="1300,2854 1624,2861 1852,2894 1883,2930 2082,2927 2141,2969 2235,2930 2238,2905 2118,2904 2018,2847 1960,2883 1836,2872 1692,2807 1585,2839 1507,2785 1309,2780"/>
                <Baseline points="1310,2832 1358,2835 1406,2839 1455,2845 1503,2849 1551,2854 1600,2861 1648,2867 1696,2873 1745,2879 1793,2885 1842,2891 1890,2897 1938,2904 1987,2909 2035,2913 2083,2918 2132,2922 2180,2925 2229,2927"/>
                <TextEquiv>
                    <Unicode>und anderer grunden syner lehr zum</Unicode>
                </TextEquiv>
            </TextLine>
            <TextLine id="r5l39" custom="readingOrder {index:38;}">
                <Coords points="1300,2898 1836,2957 1941,3015 2037,2987 2081,3024 2139,2990 2317,3021 2324,2968 2121,2968 2086,2927 1988,2944 1862,2904 1741,2928 1484,2854 1378,2880 1305,2853"/>
                <Baseline points="1308,2888 1358,2892 1408,2898 1458,2905 1509,2912 1559,2919 1609,2925 1659,2932 1710,2940 1760,2948 1810,2954 1860,2961 1911,2967 1961,2973 2011,2978 2061,2984 2112,2987 2162,2991 2212,2993 2262,2994 2313,2994"/>
                <TextEquiv>
                    <Unicode>dnschen, wie er dan nit wycers khannen</Unicode>
                </TextEquiv>
            </TextLine>
            <TextLine id="r5l40" custom="readingOrder {index:39;}">
                <Coords points="1311,2959 1526,3033 1612,2994 1678,3044 1895,3037 2064,3096 2224,3056 2331,3079 2370,3040 2172,2994 1943,3017 1868,2968 1735,2956 1680,2982 1399,2898 1316,2921"/>
                <Baseline points="1320,2948 1372,2954 1424,2961 1476,2968 1528,2976 1580,2983 1632,2991 1684,2998 1736,3006 1788,3013 1840,3020 1892,3026 1944,3033 1996,3038 2048,3043 2100,3048 2152,3052 2204,3056 2256,3058 2308,3060 2361,3060"/>
                <TextEquiv>
                    <Unicode>ein schyn zu machen, zu synem glimpf hatt er</Unicode>
                </TextEquiv>
            </TextLine>
            <TextEquiv>
                <Unicode>15
den darzu ordenlicher Wyß berufften dieneren
gepredigeten wordt gottes und in gottes
wortt wol gegründere h sacramenter
Vunder abtritts zu der verrestken  sectiesinten
oersamlung der widerthauffferen mit ernst-
haffter freundtligkheidt erhauschet worden.
sampt angehenckter vermanung hierüber eigentliche
kechenschafft und gründtlichen bericht zu geben etc.
Harüber er bekhendt, die ursach syn, daß er sich zu
den wider täufferischen sect geschlagen, wyl man
zwar in unßerer khilchen starcke mit lehren
anhalte, sich von sünden und lasteren abzethan
snd zu bekheren, solliches aber nit anderst
gehalten behertziget noch in obacht genommen
werde, weder daß man stättig unangesecht
sölliches abmanens in sollichem uphigen waßen
�nden und tohteren horttfahre, darumb ein
anlaß gnommen, sich zu dem volck der widerthöuff
erischen seet zubegeben, alda zuneümen
was und wie dieselbigen lehrnit, auch was
y gloubindt villicht ime ihre wyß und glauben
gefallen wurde, daß er sich volkhomen zu iney
schlachen möchte, und alß er sun ein zytt lang und
enen, in ihren versamlungen gewonet, daselbsten
gelehrt worden, hatte er by sich gefunden, daß
ihre lehr und glaubens beschandtnus mit
gottes wortt ubereinstnme, sind sich deßwegen
Holkhomen zu inen geschlagen und also ihren
glonken angenommen, da dann funfft artierl
bekhendt werdent, Namlich da 2 die teeg
Der 2 der glaub den 3. der stoaff der
4. Der Ban den 5 daß brottbrechen etc.
Hff dißem tag ist mit ime gehandlet worden.
von dem sehinder whauff, wellichen eie hme unrecht
erkhendt und understanden, wiewol mit großem
Benerstand und uußbruch beides der s gschrifft
und anderer grunden syner lehr zum
dnschen, wie er dan nit wycers khannen
ein schyn zu machen, zu synem glimpf hatt er</Unicode>
            </TextEquiv>
        </TextRegion>
    </Page>
</PcGts>
