1204 2780
919 49 1045 138 139
206 70 822 282 et e b s 1
233 174 761 342 dahe zesheandun
53 289 1108 524 Ancalt B. Gb. bwelchs, Ist durch die Berenuesten tc.
78 350 1082 567 Vendwysen Herren Vihelm Zirtz deß leiten
92 421 1094 620 raths h hanndt ungnauger und s groß
88 489 1071 695 weibell früttig uff dem 18. junii a 1670
77 561 1040 755 Der verschiner tagen ingezogne junge gsell
80 640 1091 819 Hanß Gerber von Asche gantz ernstworttig
91 714 1070 863 unn by troüwung den mäutter alhie zu
101 793 1045 947 Marzili grexammiert worden wegen
102 856 966 1009 er u Hanß Huland dem schumachers
107 939 1086 1069 ein par schu zwey Benme Gnypen meßer
107 998 1085 1129 ein alen ein fiderysen sampt einer nadlen
91 1086 1070 1194 und fingerhutt uß der werchshatt entragen.
81 1148 1064 1275 solhhaben, Wellichesin zwar er anred
105 1231 1055 1346 und beschandtlich worden, hieneben aber
99 1297 1040 1410 vermeldet, sye imme von Grund synes
97 1376 1019 1495 hertzens sehr leid, Allein ime der an
91 1448 1025 1566 Beeger deß par schins halber diß orths
91 1513 961 1638 snguttach thuge, dan er daselbig zu
91 1604 743 1714 kheinen weg nit gnommen
68 1697 985 1831 abe sich auch gieuor die zytt synes
102 1793 1028 1915 lebens ehrlich und redlich gehalten, wie
125 1876 1028 1973 er sich dann uff syn heimet und uff die
119 1932 1030 2059 böth umb welche er bißhar alhie gewo-
99 2008 1048 2115 net, beruffe, Alda man synes vertebten
98 2063 997 2179 Weßens und lebens zügsamen finden
91 2120 290 2211 werde.
40 2176 1049 2350 Bittett also gantz flechelich gott und dann
97 2286 1043 2436 G2 e umb verzychung mit versprechung
114 2366 1061 2499 sich inskünfftig zu Beßeren und der gstalten
103 2429 791 2548 nit mehr zuuergryfffen tc.
