1289 3261
1084 28 1184 91 33.
97 43 1212 184 zu Schwartzenburg, einen Metzger
121 124 1206 241 deßen namen Ime vnbekandt, welch
107 204 1172 300 ein sin seckelriemen uß dem hosen
140 243 1163 365 sackgehanget, sinen seckel herus
136 299 1115 423 gezogen, vnd entfrombdet, vnnd
134 349 1201 477 darinnen, ein ingaten ein rychstha
102 415 1093 552 ler zwen krützdicken und an
139 457 1206 585 umnetz sachs kronen funden, alls er
131 523 1188 647 aber deten in verdacht kon, habendt
129 592 1082 735 ien hier landtfarar, wie er sy
133 636 1211 770 nambset, auch zwar ire bekleidungl
141 714 1131 831 angeben, ire rechten namen aber
134 752 1156 888 als die er nit wuge, nit anzeigen
143 839 1158 934 wollen, nachgeylet, welliche Inne
150 890 1183 1003 aber nit erylen können, dezwegen
135 932 1201 1056 us söllichem gestolnen gelt, die hosen
180 1007 1210 1113 ampt den strumpffen, so er antrage
128 1045 1184 1190 ine auch bethar znaßen gekaufft
138 1121 1216 1241 alnders und weerners bosses habe er
166 1175 1226 1311 sunst niemalen begangen, bidlet
160 1247 1124 1359 also vih mune gh umb genomm
148 1279 1243 1414 und verzychung mit versprachung
162 1366 1228 1455 sich in das künfftig vor sollichem
145 1407 1195 1513 unnd anderem böten innerhutten
146 1474 1172 1589 und sich eherlichen zumhalten
190 1573 1186 1657 Ist owey mal lär und zweymal
98 1632 1152 1729 s mit dem kleinen stein uffzogenn
151 1690 434 1776 worden
353 1925 1140 2121 lande Se chosa
237 2067 944 2184 sunst genant, De 13 dar
156 2164 1212 2285 von Haupsigus, In Septog, welchen
165 2259 1201 2350 diger tagen die hiesigen statprofo un
157 2307 1157 2370 mit den hieuorgemelten Zweyenn
166 2365 1214 2452 gsellen, auch von Sollickhofen, gfencklich
163 2415 1174 2510 alhar gebracht, ist ebnermaßen, inhalt
172 2475 1123 2563 abgangenen schatzedels uber sin
167 2518 1190 2625 gantz verdächtiges und ärgerbinges
159 2574 1224 2666 und müßig gehendes laben, handel und
135 2617 1129 2725 wandel, gesterigen tags, alhie zu
143 2668 1246 2789 Marhli durch die ehereuesten etc.
155 2747 1250 2853 h simon Wurstenberger, deß kleinen
157 2786 1174 2897 Rhats und h Grosweibel Früerig,
162 2866 1197 2948 mir gantz ernsthafften worten, wie
166 2895 1250 3007 auch hernach mit angewendter Marter
162 2958 1245 3056 examinert worden, alldaer Bekent
124 3018 615 3111 und verzachen.
