4032 3024
439 2263 563 2382 406.
627 257 1917 445 und damahls inskönfftig in frieden mit einandern zu
618 395 1936 563 leben minen gnädigen Herren versprochen und angelobt, deßen
1127 499 1178 563 n
1077 515 1108 562 2.
1047 482 1080 555 e
627 499 1898 654 aber ihre wilde arth widerangenommen, und bald in täglichen
606 585 1910 755 Ohnlonsten zu gröster Aergerniß mit einander lebind.
631 687 1902 837 der mann tractiere nach seinem hitzigen kopf das
609 786 1880 932 weib mit schlägen und stößen sehr übel und gefährlich,
623 885 1883 1027 sodaß sie umb hülff ruffen und den weithen suchen
620 962 1870 1119 müßen, Sie hingegen brauche sich ihrer scharpfen
627 1086 1937 1222 zungen zur erstaunung aller ehrlichen leüthen, welches
639 1168 1897 1319 dann eine Ehrbahrkeit alda bewogen, diese beÿden
615 1230 1886 1413 persohnen minen gnädigen Herren zu verleiden. Auff diß hin er¬
609 1368 1937 1507 schinnen Sie beyderseits, und haben angelobt nach etwelchen
625 1438 1916 1610 außgestandener gefangenschafft könfftighin wie es
623 1553 1896 1697 Christlichen Geleüth anstehe in fried und einigkeit
632 1641 1928 1785 mit einander zu leben; Cogn: Mine gnädigen Herren sollind es für
615 1711 1853 1890 Dißmahlen bey ihrer versprechung bekenden laßen;
621 1823 1921 1990 deßen Schreiben nach Arberg mit gesinnen wohl auf diese Ehe¬
601 1897 1893 2073 leüth und bey erster recidit minen gnädigen Herren zu berichten, da
617 2027 1895 2163 sie dann nicht ermanglen würden, selbige Minen gnädigen Herren
628 2103 1235 2246 den rähten zu verleiden;
618 2249 1923 2455 Mit einem Begleith Schreiben von Belp erschinne Madlen Spring
631 2370 1894 2526 von alda vide supra 17. ihr kind wir vorhin Bendicht
609 2442 1911 2619 Straub auch von alda zugeeignet, welches nach verhör
604 2538 1885 2708 der diß öhrtigen kundschaffts außagen und langen
2023 1554 2138 1660 107.
2110 260 2182 412 d
2206 276 3616 493 tergiversieren angelobt, solches als das seinige ohnehelich
2203 399 3597 546 anzunemmen, dahero mine gnädigen Herren ihme solches nach der ord.
2189 491 3564 643 De No. 1712. als ohnehelich zu bekent, und beyde zur ab¬
2176 588 3556 737 büßung gehalten, mithin deß Straubs vatter, item
2195 676 3596 841 Hans Jacob Aschbacher von Lützelflühe und David Streith
2199 769 3569 955 von Belp als Underhändler minen gnädigen Herren den räthen verleidet.
2193 858 2513 972 Vide infra. 171.
2396 934 3272 1168 Montags den 20. Juny 1729.
2709 1132 2923 1230 Praeses.
2432 1199 3175 1348 Mine gnädigen Herren Rauw: Mutach.
2698 1305 2949 1438 Assessores.
2244 1393 2851 1558 Min gnädiger Herr. oes. Exc. Herr Otth.
2195 1540 3530 1691 Mit einem Begleit Schreiben von Grandcour erschinne Marie
2178 1629 3511 1787 Bony von Chevroud, so mit klagendem beyschlaff der
2162 1703 3495 1869 Ehe halber angesprochen Abram Hermann den Schulmeister
2179 1820 3532 1947 von Chevroud, und ihro aber daß eint und anderen in
2174 1893 3516 2054 abred geweßen, und sie darüberhin nichts gesatzmäßigs
2172 2006 3492 2136 auf ihne bewyßen können. Cogn: Weilen er eint und
2175 2095 3540 2235 anders laugnet, in ansehen formierender ehe ansprach
2162 2177 3551 2331 ledig sprechung, worbey min gnädiger Herr daß geklagten beyschlafs
2171 2284 3532 2431 halber seinethalb alles Gott und der zeiten heimbgestelt,
2169 2391 3480 2532 Sind aber auß ihrem mund gestrafft und alhier zur
2154 2471 3521 2628 gelobteten abbüßung gehalten, die disortigen kosten aber aus
2152 2563 2805 2696 guten grunden, bett geschlagen worden.
