4032 3024
505 1102 619 1193 51.
519 228 613 329 50.
679 154 2022 311 erschine Maria Bubacher von Ettisweill, und brachte an, sie
693 247 2034 411 befinde sich schwanger von Hans Kuntz von Lyßach, der ihra
587 310 1941 474 die Ehe versprochen, nun aber under herren Hauptmann Stüelers Comp.
690 370 2017 507 Holländische Kriegsdienst angenommen habe, herren Chorweibel legt
669 438 2001 593 bericht ab, er habe ihme das botthen allhier bim Willden mann
676 504 2013 639 persöhnlich angelegt, der ihme den beischlaff auch bekennet,
688 573 2029 720 jetzt aber forth seye. Cogn: Schreiben nach Krauchthahl sie in der ge¬
674 638 2021 782 nißt Examinieren und min gnädiger Herren deß herauß kommenden berichten zu
665 728 1168 887 laßen: Vide infra 183.
771 848 1761 1005 Extra ordinari chorgricht nach Mittag
690 960 1860 1130 Eodem Ano Praeside sisdem Dris Assessoribus
715 1074 2060 1223 erschinne herren francois Louys Bergier von Losanen und brachte
678 1168 2008 1257 klagend an, wie daß seine ehefrau Sarah Bergier, ohngeacht
675 1239 2019 1347 miner gnädigen Herren diß ohrts außgefallten erkandtnuß vom 2ten ibris
677 1301 2006 1425 Letsthin und von seiner seithen gethanen sollicitationen
736 1369 2104 1505 solche nicht anehmen noch sich mit ihme versüehnen wolten.
664 1444 2023 1558 Cogn. ein Schreiben nach Losanen siches inhalts herren francois
662 1526 2010 1657 Louis Bergier hatt uns angebracht, waß gestallten er
662 1597 1997 1738 nach inhallt unserer sub 2ten july letsthin wegen der
668 1682 2020 1799 zwüschen ihme und seiner Ehefrau Wallthenden ehe streit¬
648 1754 2019 1890 higkeit außgefellten erkandtnuß sie erforderlichen be¬
673 1835 2036 1960 wegunges gethan, bemellte seine ehefrau zur versüenung
656 1911 2016 2040 und cohabitation mit ihme zu bewegen, die aber sambt
664 1980 2006 2107 fruchtlooß auß gefallen, uns dahero in gebühr ersuchend
663 2050 1997 2164 ihme bey vor erkehnter unserer erkandtnuß zu Hand haben.
646 2135 1974 2239 Nachdemme wir nun so wohl seine klag als über uns
650 2221 2005 2349 derenthalb eingehalte Verbot erdauwret, und befinden,
640 2294 2016 2425 daß unsere absicht in vorgehabter Versüenung den er¬
664 2373 2040 2493 wünschten endtzwek auch nicht erreichet, sothane abför¬
651 2449 2017 2571 derung aber zu abmeidung fernerer ärgernüß nicht
650 2512 2018 2640 länger zu gedulden, So habend wie eüch ansinen wollen
643 2594 1995 2725 diesern Ehe Parteyen zu sollen mehr angeregter unseres
2105 2149 2191 2266 54.
2120 1347 2216 1436 53.
2131 710 2238 802 52.
2288 208 3705 318 erkandtnüß zu vereinbahren, unerheblichen fahls aber und
2245 257 3701 386 so die Ehefrau erhebliche exceptionen darbider ain ustenden zu
2275 327 3636 421 haben vermeinte, ein formkliche procedur zu gerichten
2277 399 3650 504 uns solche ein zu handen und partheyen auf gleichen zeiten
2278 443 3660 578 allhar vor uns zu hallten. Den 7. julii 1729. erschinnen
2287 523 3189 652 Beyd seitige partheyen Vide infra 132.
3440 695 3652 799 Penond de
2287 672 3417 794 Mit einer Procedur von Vistis erschinen Mariane
2281 757 3432 866 La Tour de Reglz, so ihr verstorbenes kind Jeann
3437 769 3658 858 Philippe
2263 820 3622 939 Massard von allda zugemanet, der diesere klag aber ver¬
2263 869 3631 1013 neinet und allhier nacht erschinnen. Cogn Schreiben nach Bistis
2265 949 3640 1083 partheren anoch zu 3 mahlen vor die ehrbahrkeit zu
2277 988 3650 1156 bescheiden, gesteche er ihne zur abbüeßung zu hallten
2260 1064 3702 1185 widrigen fahls seinet halb alleß gott kind zur zeith heimb¬
2273 1114 3170 1272 gestellt sein solle. Sie büest hier ab.
2268 1293 3675 1446 durch ein Procedere von Montprevegne wurden min gnädiger Herren berichtet,
2273 1378 3660 1502 wie daß Anna dueret, so sich von krangins zu sein auß¬
2267 1448 3668 1580 geben, zu dasigen herren predig kanten kommen, und umb die
2260 1515 3653 1640 verkündung mit Francoise Delonches von Montprevegne
2266 1579 3654 1713 angehallten, sie dann gebohnter formb nach auch beschechen,
2234 1644 3665 1781 Darüber aber habe er den Weithen genommen, und seye nach
2258 1726 3663 1863 herauß kommen, daß er ein Katholischer Saphoyer seyen, da sie
2261 1806 3642 1946 inzuschen kindts genößen. Cogn Schreiben nach Montprevegne
2250 1881 3669 2038 solle ihro das kind und die erhalltung deßen überlaßen
2249 1999 2393 2092 sein.
2261 2139 3627 2313 durch ein Procedere von St Martin Wurden min gnädiger Herren berichtet,
2266 2217 3648 2370 wie daß Claudine Martin von Negrut mit zueignigung
2264 2297 3592 2415 ihres verstorbenen unndts der ehe halben angesprochen.
2258 2352 3617 2461 Samuel Becker du Cheine, der nint und anders Laugne
2249 2432 3631 2543 Worüber sie von ihrer ehe ansprach abgestandten. Cogn. Schreiben nach St.
2259 2513 3645 2615 Martin, so sie auf ihrer Ehe ansprach verharren wurden, beide
2274 2582 3644 2705 allher zu hallten, widrigen falle Partheyen noch 3 mahl zu be¬
2259 2647 3623 2791 scheiden, bekenne er beide, widrigen fahls nur die martin zur
2277 2718 3040 2850 abbuessung zu halten. Vide infra 167
