4032 3024
381 305 494 405 126.
381 1576 508 1700 127.
555 258 1823 459 Vide Supra 40. Ward die Sauterin abermahlen betretten
549 392 1806 541 eingesezt, und deßtwegen zu red gestoßen, welche dann
538 520 1812 645 sagte sie seye willens miner gnädigen Herren Erkantnuß ein genügen
541 570 1830 724 zu leisten, habe und alhier ihre kleider abhohlen wollen.
534 681 1778 836 Cogn. Verleidungs Vortrag, Vom 11. July nachwerts
538 773 1783 909 habend ihr Gnaden laüth eingelangten zeduls erkent,
542 869 1776 984 daß weilen dieser Kirchen würcklich der banisations
540 964 1817 1118 eydt intimiert und sie nicht destoweniger in hießiger
540 1047 1813 1186 statt beider behändiget worden, als solle sie zur wohl
545 1125 1800 1292 verdienten straff mit ruhten außgestrichen und
552 1231 1808 1382 von dero statt und landen eydtlich banisiert werden.
532 1308 1773 1475 zu welchem end mine gnädigen Herren selbige Herrn Großweibel und
544 1411 1328 1556 Grichtschreiber übergeben laßen.
547 1553 1772 1743 Vide Man. de Anno 1720. Erschinne Elßbeth Wenger
533 1669 1779 1825 von Stäffisburg, begährend, daß ihr damahls zur welt
524 1758 1776 1921 gebehrnen kind den banisierten Johannes Schläfflin
524 1846 1774 2011 von Rechte möchte zu bekent werden. Cogn: Weilen
514 1933 1752 2100 er dem fehler bekennet, und damahls annoch nicht
523 2006 1752 2175 banisiert gewesten, so solle ihme ihro kind als Ohn¬
506 2130 1778 2292 ehelich zur bekent seyn, dessen Schreiben nach Münchenbuchsee
529 2237 1770 2398 mit gesinnen ihre zu dem end gedachtes kind abzu¬
505 2327 727 2418 nemmen.
1905 880 1974 974 4.
1936 954 2037 1042 128.
1923 2235 2023 2361 129.
2382 243 3202 463 Donstags den 30. Juny 1729.
2649 403 2863 518 Praeses.
2398 471 3082 647 Mine gnädigen Herren Rauwherr Mutach.
2609 587 2860 740 Assessores.
2102 648 2421 832 128.
2073 913 3423 1092 Erschinne Frau Anna Elisabeth Stäck von alhier, und brachte
2033 1044 3415 1192 an waßmaßen sie sich vor etwas zeits mit Johann Fridenrich
2037 1147 3436 1310 Wülck von Straßburg ehelich verlobet, dermahlen aber, wegen
2030 1229 3432 1391 underloffenen sachen, sie beyderseits von so thaner ehever¬
2006 1325 3348 1482 sprächung wider abzustehen begährund, Mine gnädigen Herren derowegen
2033 1416 3411 1572 umb die aufhebung derselben in gebühr ersuchend, Cogn:
2031 1505 3367 1667 Weilen sie eine schrifftliche und freywillige von ihme
2030 1600 3380 1766 under schriebene auch in bey seye Herr Schlüßel Meister
2012 1681 3416 1863 Crettes declarierte abstehung vorgelesen, und sie selbige
2028 1793 3397 1943 auch verlanget, als wollend Mine gnädigen Herren diese Eheversprech¬
1998 1881 3391 2014 ung als nichtig erkent, und ihnen beyderseits bewilliget
2011 1988 3406 2134 haben, sich nach glück in anderwährtige eheliche Versprech¬
2008 2062 2450 2207 ung einzulaßen;
2050 2261 3339 2417 Lauth Zeduls von Minen gnädigen Herren den Räthen wurden min gnädiger Herr
2013 2362 3350 2503 befelchnet, Salomon Notz aus des Schwendi Loben Pfleg¬
2009 2450 3324 2597 Ambts Kronenbach der sich hinder Rychenbach aufhalte,
2020 2530 3368 2679 vor sie zu bescheiden und zu befragen, ob er nicht bekantlich
1997 2602 3349 2764 seye Elisabetha Rabusin von alda geschwangeret zu haben,
