4032 3024
395 1992 529 2159 N. 44.
418 868 563 956 143.
839 242 1747 463 Donstags den 23. Juny 1729
1170 414 1379 529 Praeses.
825 489 1565 648 Min gnädiger Herr Rathsherr Mutach.
1089 612 1376 745 Assessores.
650 699 1459 879 Mine gnädigen Herren oes. Ecl. Herr Willading.
590 842 1822 1033 Von der Ehrbahrkeit zu Oberbalm wurden Minen gnädigen Herren
563 954 1872 1157 berichtet, wie daß Hans am Wäg ein ehemann von Könitz
565 1032 1844 1217 und Susanna Schneiter ihre Angehörige, einanderen
555 1142 1864 1322 wider alle getahne Vermahnungen alzeith verdächtig
545 1229 1842 1445 frequentieren, auf dißhin erschinnen diese partheyen
559 1322 1832 1495 und Laugneten alle thätlichkeit. Cogn: Solle ihnen
544 1406 1820 1585 fürterhin alle fehrnere frequentation mit einanderen
564 1508 1839 1687 verbotten seÿn und zwahr bey straff deß Ehebruchs. Cogn:
554 1592 1872 1767 deßen Schreiben nach Oberbalm, mit gesinnen der Schneiterin
552 1678 1835 1869 Muter zu insinuieren, daß Sie und ihre tochter ins¬
543 1760 1784 1958 könfftig nicht mehr mit ihrem sohn in gleichem beth
551 1862 1596 2039 liegen, sondern ihnen verbotten seyn solle.
557 2016 1802 2233 Vide Supra. 46. Langte der Bericht von Arburg ein
536 2105 1849 2334 Die Lüscher seye zwahr ihre Angehörige, habe sich aber
544 2228 1825 2438 biß dato bey ihnen nicht eingefunden, wüsind auch den
521 2328 1834 2519 Orth ihres aufenthalts nicht, folglichen Sie den Befelch
536 2417 1835 2575 miner gnädigen Herren nicht exequieren können. Den 24. August nachwerts
538 2498 1847 2626 langte der bericht von Bolligen ein, die Lüscher seye den 15. diß¬
538 2566 1816 2730 aldort under gnugsammer Examination kindt gewesen und auf
531 2628 1802 2771 dem Schüttbeck als vatter deßen verharret. Cogn: solle nach de
541 2702 1334 2839 kindbette erscheinen dess Schreiben nach Bolligen.
1993 318 2120 449 113.
2006 679 2108 817 A. 16.
2150 270 3514 499 Ward Herr Fridenrich Baumann von alhier bewilliget
2140 403 3545 593 mit Frau Barbara Kuhn auch von alhier das gewohnte
2096 488 3033 651 kirchen Recht halten zu können.
2139 623 3497 865 Durch ein Schreiben von Herr Predicanten zu Mühlenberg wurden
2126 771 3484 937 minen gnädigen Herren klags wyß berichtet, waß gestalten Jacob Schmid
2105 871 3481 1035 sein pfarr angehöriger verwichenen Pfingst Sontag in
2109 932 3429 1124 der Dancksagungs kinder lehr einen großen Unfug
2119 1033 3467 1223 angestelt, und als er Herr Pfarrer ihne Schmid nach ge¬
2106 1105 3465 1302 andeter Action, umb ihne destwegen zu red zu stoßen
2117 1208 3485 1389 vor Chorgricht zu erscheinen, selbs die Citation offentlich
2113 1301 3479 1480 angelegt, habe er mit erhabner stimm in vollem zorn
2110 1397 3479 1561 trotzig darwider geschmählet, und dem Pfarrer offentlich
2112 1502 3470 1659 über den mund gefahren, Morndrigen tags dann seye.
2104 1573 3455 1738 er Schmid mit seinem vatter reüwig zu ihme gangen
2103 1679 3476 1812 und seinen fähler erkennen wollen, deßen vatter aber
2097 1765 3469 1920 als ein berüchtigter Tröhler, habe sich gegen ihme auch
2096 1844 3451 1995 trotzig aufgeführt, und seinen sohn zum laugnen
2102 1946 3437 2103 aufgestifftet, Mine gnädigen Herren destwegen umb handbiethung
2088 2052 3446 2194 ersuchend. Über getahne Citation nun, er schinne der
2094 2130 3436 2268 Schmid samt seinem Vatter, bekenneten ihren fähler
2078 2209 3424 2357 und halteten umb gnad an. Cogn: Der Sohn solle zur
2082 2305 3415 2452 straff seines Fählers 2 mahl 24 stund in gefangen¬
2073 2407 3378 2540 schafft gesezt, der Vatter dann umb 10 pfund buß zu¬
2079 2490 3426 2639 gunsten der Armen zu Mühlenberg, angesechen werden,
2075 2568 3431 2710 der meinung, daß der eint und andere den herre pfarrer
2073 2663 3425 2802 vor der Ehrbahrkeit umb verzeichung bitten sollen des
2087 2744 3055 2876 Schreiben nach Mühlenberg, Sie habind anglobt;
