4032 3024
440 1893 554 1996 99.
566 279 1930 445 lybs angelanget, mit beyderen gständis, daß sie er
540 383 1911 540 Leüth und er als Urheber ihres Schwangerschafft seye.
561 480 1924 641 da dennoch sie auf befragen, weder pass, noch Religions
563 578 1936 716 Attestation weniger Copulations Schein anfleyßen können.
591 665 1951 834 Als nunn ihnen beyderseits, als Leüth die einem Ehrbahrkeit
579 757 1916 899 nicht für die ihrigen erkennen wolle, anbefohlen worden,
565 844 1871 979 die kirchhöri kilchdorff zu räumen, habe Er sich
583 957 1913 1107 auß dem Staub gemacht, sie aber seye also bald dar
570 1029 1949 1205 rauff hinder ihnen kinds gemesten, Cogn. Schreiben nach Kilchdorff
581 1139 1911 1299 die Christen vor minen gnädigen Herren zu halten, oden 23. Aug. nachwerts¬
580 1221 1938 1364 ward erkent, daß sie dem frembden Vatter nachgeschickt werden
572 1294 1239 1395 solln: dessen Schreiben nach Kilchdorf
783 1326 1629 1502 6. Juny 1729.
1070 1455 1387 1562 Statthalter.
883 1530 1556 1667 Min gnädiger Herr Landtvogt Jenner
1048 1614 1333 1753 Assessores
667 1694 980 1819 Mine gnädigen Herren Oes.
604 1867 1907 2019 Ward Herr Samuel Bruber von alhier, mit Jungfrau
588 1952 1888 2101 Barbara Brettelli auch von alhier, denne Herr Johannes
558 2051 1929 2195 Leemann neus erwehlten Predicanten nach Stäffisburg
582 2138 1939 2296 mit Jungfrau Catharina von Wattenwyl auch von alhier¬
583 2245 1918 2375 und Hans Rudolph Bronimann von Prentz lauw mit
570 2335 1894 2494 Anna Zeygahrt von Brembgahrten, das gewohnte
579 2425 1715 2585 Kirchen Recht halten zu können bewilliget.
2040 334 2164 427 100.
2223 287 3569 484 Mit einer Proced: von Iferten Erschinne Jean Daniel
2173 396 3605 586 de Chayre von Lovatens an einen und Jungfau Francoise
2190 497 3548 669 Vuillemin von alda; und ward nach gethaner Verhör
2206 589 3544 726 folgende erkantniß außgefelt und Herr Landtvogt
2199 680 3560 838 überschrieben von Worth zu Worth wie folget: Iferten,
2183 775 3558 933 demnach Jean Daniel de Chayre von Lovatens und
2196 867 3498 1008 Jungfrau Francoise Vuillemin von Pferten einanderen
3495 914 3545 1011 .
2180 972 3564 1106 hievor die Ehe versprochen, deß Le Chayre Muter aber
2169 1042 3585 1209 sich deren widersetzet, und wegen deß Sohns minderjährig¬
2165 1146 3535 1309 keit auf das Zug Recht getrungen, derowegen so
2179 1234 3519 1394 habend wir in bedencken sein deß Sohns minorennitet
2180 1340 3533 1484 so thane Eheversprechung aufgehoben, sie beyderseits in
2190 1424 3538 1579 vorige Freyheit gesetzet, und ihnen nach gelaßen sich
2192 1518 3540 1663 nach glücke anderbahrtig zu verehrlichen: Und weilen
2198 1621 3558 1746 das Consistorium zu Pferter, wie auß der Procerdur e¬r
2162 1689 3527 1843 fählet, in diesem geschäfft gantz wider rechtlich und in¬
2191 1819 3563 1928 competenter gehandlet, in maßen diesere Procedur nicht
2190 1881 3545 2018 dem Richter zu Pferten, sonderen dem zu Lucens oder
2178 1959 3492 2108 Milden, allso sin der Le Chayre verantwortlich und
2193 2051 3543 2184 rechtlich belanget, anhängig gemacht werden sollen, denne
2184 2145 3509 2296 bemelte Ehrbahrkeit sich angemaßget in erster instanz
2187 2233 3530 2397 den Le Chagre der Jungfau Vuillemin mit leib und guth
2192 2327 3516 2481 als Ehelich zuzubekennen, da dennoch solcher erst 18 Jahr
2196 2412 3539 2569 alt, und seine Muter sich dieser Ehe widersetzet, und
2198 2498 3552 2638 so folglichen im Rechten gestanden, selbigen als minder¬
2177 2604 3526 2751 jährig under den jahren forthzuzeüchen, durch welch
