4032 3024
468 1159 593 1267 10.
468 2177 598 2249 102.
608 275 1920 441 Ohngereimbte im procedur dann beid seitige partheyen
620 374 1917 533 in unnöhtige kösten verleitet und eingefahrt worden.
615 477 1936 629 So habend wir den Herren Landtvogt früntlich ansinnen wollen,
608 563 1887 727 mehr besagter Ehrbahrkeit ihr diß öhrtig improcedere
620 675 1915 818 ernst meinend vorzuhalten, und solcheren zu verdeüten,
622 773 1911 917 daß wir Sie desthalb gegen beyd seitige partheyen umb
615 873 1890 1011 alle dieser ohnformlichen Procedur halb ergangene
619 964 1903 1081 Kosten auf Moderation sie verfelt, Date. S S. den 21.
612 1044 1951 1181 july wurde nach follgendes Schreiben an Herren Vogt zu Iferten Vide infra
1795 1134 1877 1212 21
637 1165 1922 1316 Vide Supra 25. Langte ein Antwort Schreiben von Herren Predicanten
633 1260 1925 1415 zu Rauwenstein ein, darinn er sich eines theils beschwährt,
618 1343 1910 1492 diese forderende Summe zubezahlen, weilen aber mine gnädigen Herren
624 1398 1842 1559 dieser seinem grund ohnerheblich befunden, min gnädiger Herr
625 1523 1913 1645 stettler in seinem habenden rechten aufzuhalten, als
615 1624 1910 1747 ward ein Schreiben nacher Rauwenstein erkent, daß Herr Prnd:
612 1701 1900 1849 seinen Herr glaubigeren fürderlich befriendigen solle
611 1787 1898 1942 Den 23. diß ward Herr Not. Hüßer in nahmen minen gnädigen Herren
620 1883 1885 2030 Stettlers der 3ten Wahrnungs zedel, under gewohnter
620 1969 1910 2120 Commination der verleidung, wider Herr Schäre ertheilt:
643 2142 1922 2320 Erschinne abermahlen vor minen gnädigen Herren Jean Jaques Jaccand¬
626 2281 1883 2415 de Villard Tiercelin, demmen mine gnädigen Herren vor ohngefehrd 2
608 2347 1899 2517 jahren ein sachbrieff wider Barbille Chavenay seine
613 2439 1890 2587 Ehefrau ertheilt und begährte, daß weilen er ohngeacht
615 2532 1874 2689 allen getahnen nachforschungen selbige nicht vernemmen
616 2610 1892 2786 konnen, und seithar Lauth Michel Rebers au Logis de
2064 1901 2170 1992 404.
2048 2336 2159 2452 105
2047 913 2158 999 103.
3005 211 3075 295 .
3362 280 3454 344 2
2210 270 3624 461 la Croix blanche de jurat und seiner Ehefrau vorgewiesenen
2203 365 3591 530 Attestation außgesagt worden, daß diese Chavernay seit
2210 444 3607 617 seinem heüraht mit Francois Malherbe bey ihme Reberin
2189 520 3566 699 geleichen bett gelegegen seyen, deßwegen die schiedi¬
2192 621 3524 790 gung wider sie: Cogn: Ruffbrieff zu Domartin zu
2208 687 2457 826 verlesen.
2219 858 3577 1061 Durch ein Schreiben von Reÿn wurden mine gnädigen Herren Berichtet, wie daß
2196 971 3543 1131 Verena Wächster auß dem Montahl ohne daß sie in
2198 1080 3543 1198 der genißt examiniert worden, kinds darnider kommen
2180 1185 3562 1312 seye, und zum Vatter deßen ernamste einen frembden
2193 1264 3561 1404 schloßer gsellen von Wittenberg der den weithen genommen,
2196 1347 3552 1497 Auf diß hin erschinne sie und beharrete auf ihres getahnen
2201 1439 3516 1583 Außag: Cogn: zedel an Herr Großweibel die Wächster
2193 1529 3534 1663 samt ihrem Kind lauth ord: de Ao 1712.auß ihr Gnaden
2191 1616 3555 1768 stätt und Land eydtlich zu verbyßen und dem fremb¬
2195 1699 2874 1836 den vatter nachzuschicken.
2204 1883 3533 2032 Vide Supra 45. langte ein zedel von minen gnädigen Herren den Rähten.
2187 1991 3509 2124 dieses inhalts ein, daß die Maurer zu ihrer bestraffung
2190 2096 3541 2217 aber die gewohnte zeith auß, anoch 4 tag in des Chor Gricht¬
2152 2171 3145 2311 lichen Gefangenschaft verbleiben solle,
2196 2292 3526 2475 durch ein Schreiben von Arberg wurden mine gnädigen Herren berichtet, wie
2181 2422 3536 2575 daß Jacob Marthi von Arberg und Anna Hoffmann seine
2174 2523 3518 2663 Ehefrau die bereits wegen ihrer Ehestreitigkeit Anno 1721.
2186 2611 3516 2762 als ohnverbesterliche persohnen mine gnädigen Herren verleidet worden.
