4032 3024
457 1347 557 1450 36.
440 1904 591 2040 372
495 267 581 367 34
484 543 579 670 35.
647 169 2003 362 Ward Herr knecht in nahmen herr Fürsprech stäts, der 3ten
646 266 1974 410 wahrnungs zedel wider Herren Eunanuch von Dießbach
622 336 1516 513 predigkant zu Erißweill ertheilt.
648 492 1991 652 Erschinne Peter Kager von Brütigen hinder kilchdorf
644 581 2020 709 wonhaft, so seine kinder nicht zum gottsdintst sollten
629 634 2011 774 wollten, sonderen über diß ohrtige vermahnungen stoltzen
642 702 2012 862 bescheid geben, erkente seinen fähler und hiellte umb
643 774 1953 907 gnaden. Cogn. solle sein gantze haußhalltung zu
635 846 2002 987 fleißiger besuchung deß gotteß diensts anhallten oder
633 907 2031 1054 nicht gehirmenden fahls mine gnädigen Herren zu angemaßener straf
634 1001 2023 1119 verleidet worden, mithin seiner gebenen ärgernuß halb
638 1060 1985 1204 2 mahl 24 stq. in allhiesige Chorgrichten gefangen¬
643 1134 2009 1274 schafft und die ehrb zu kilchdorf umb verzeichung
637 1235 792 1360 bitte.
637 1314 2019 1443 Über beschechenen einzug, ob sollte herr Guntischberger
609 1405 2012 1526 der Lüescher einen verdächtigen einzug in seinem haus
614 1466 2012 1597 fullden, erschinne selbiger, verneinte solches aber aller¬
603 1533 1978 1669 dings und betheurte, daß er von dergleichen sachen gahr
636 1606 1977 1736 nichts wüße, seye auch nicht ein mann solches zu
627 1676 1978 1815 leiden, wünsche übrigens, daß ihnen sie ankläger
626 1750 1968 1876 an die zeithen gestellt werden möchtinge. Cogn: mine gnädigen Herren
631 1817 1748 1945 wollend sich seiner antwort vernüegt haben.
643 1895 2018 2033 bringt Herr Sytho an Johannes Rugg auß dem Lindenthall
647 1990 2001 2116 habe Susann Weniger von Schintznacht geschwängeret und
634 2059 1995 2207 auß dem land geschaffet. Cogn. solle trachte sie zu entdeln,
632 2135 2032 2279 dem Circular Schreiben an die Herrn Amptleüth gegen Neüwenburg und
644 2208 2041 2375 ins welltschland auf sie zu achten und auf betretten gbahrenden
630 2285 2035 2461 har zu hallten. den 16. August ward sie auf vergangenes rogatory
617 2395 2016 2533 durch Herr Syttes von Neüwenburg hargebracht und bekente
617 2490 1994 2639 von dem Rugg schwanger zu sein, der sie nach Neüwenburg
644 2580 1986 2711 gebieten. Cogn. Herr Rugg sole cittiert werden, Herr Sytho
628 2664 1977 2803 dann der bösen halb sich an ihme erhohlen. Vide Infra. 253.
2149 1622 2221 1700 38
2163 673 2237 760 37.
2411 233 3206 374 Montags den 16. May 1729
2728 325 2913 427 Praeses
2570 382 3071 503 Min gnädiger Herr Rathsherr Jenner.
2684 449 2942 530 Assessores
2303 459 3686 585 Min gnädiger Herr Oes Locc: herr Dachs und herren mey an ihrer stell herren Morelle
2294 556 2857 665 und herren von burgistay hilig
2274 591 3697 752 Vide Man: vom 12. Januar 1722: 11. May 1724: und Concept vorig
2279 705 3660 818 Tags wegen Barbara Storn von Niderbipp, so bereits under
2301 758 3701 883 ersterem dato ihr kind Hans Ullrich Fahrni aus dem Schangnau
2284 821 3661 937 zugeeignet, welchen aber dieser klag halb, inmaßen er sich lauth
2281 876 3683 1003 ihres vorgebens kurtz nach volbrachtem beyschlaf geaüßeret, kein
2294 942 3675 1032 bott bezogen, und lauth schrifftlicher zeügsamme von herren Edinger zu
2272 999 3655 1108 willdek in Batavia gestorben sein solle und gabe minen gnädigen Herren weh¬
2285 1056 3629 1192 müethig zu verstechen, waß gestallten die gmeind Nider Bipp
2276 1118 3684 1232 sie nicht mehr schuldes wolle, ersuchte demmnach mine gnädigen Herren umb handt¬
2293 1174 3669 1315 ziethung. Cogn: weillen sie keinen landtsfrembden angeben und
2278 1245 3672 1386 sehr guthe Attestato ihres wohl verhaltens produciert, solle sie er¬
2287 1314 3624 1424 kandtnuß den anno 1724 bestättiget sein und sie sambt ihrem
2291 1381 3668 1491 kind zu Nider Bipp geduldet werden. Deß Schreiben nach Nider Bipp
2274 1448 3678 1587 der abspruch dann ob das knabli ehelich oder unehelich ward verschoben.
2298 1593 3671 1709 durch ein Schreiben von herr Landvogt zu Frienisperg wurden minen gnädigen Herren berichtet,
2261 1664 3665 1799 wie daß Niclaus Stebler von Affolteren die Maria Stampfli
2267 1732 3653 1838 von Seedorff geschwängeret und solche zu ehelichen begährt, als
2277 1791 3663 1904 aber eine verkündung beschechen, seye der bericht gefallen, daß
2247 1857 3665 1995 die Stampfli vor ohngefahr 5 jahren ein gleich darauf verstorben¬
2277 1928 3677 2045 nes kind erzeüget, und zum vatter deßen ernamset habe Johannes
2255 1993 3645 2145 Burri von Rapperßwill, den sie auch der Ehehalb angesprochen,
2266 2077 3598 2207 Zur Zeith der klag aber seye selbiger bereits in Französischen
2271 2126 3631 2281 kriegsdiensten gestanden, allso daß ihne deret halb kein bott
2275 2215 3630 2336 bezogen. Daraufhin erschinnen allheittige Partheyen sambt deß
2241 2289 3651 2430 Burris Vatter, der aber keine Wisenschafft von solchen klagdten haben
2248 2339 3636 2497 Wollte, worüber die Stampfli dann verdeütet, sie könne die ehean¬
2256 2416 3637 2569 sprach gegen ihne nicht beweisen: Cogn: Schreiben nach Senwess, weillen die
2266 2497 3639 2661 eheansprach gegen den Burri nicht bewiesen werden können, solle selbige
2267 2562 3629 2738 aufgehoben, ihro aber und dem stebler bewilliget sein, die ehe mit
2255 2641 3187 2780 einander zu bezeüchen. Deßen Schreiben nach Seedorff
