4032 3024
459 235 536 335 39
603 166 1987 324 Vide Supra 21: nun erschinen sie beydt seitig, da dann die
649 258 2000 395 Hauser auf ihrer klag, der Hans Niclaus von Jeiß aber auf
607 331 2004 470 Der Verneinung beharret. Daraufhin würde nachgesetzter
654 388 2030 514 bericht von Burgdorff abgeläsen. Sontags den 20. Februar 1729 ward
657 434 2009 562 alhier zu Burgdorff ein ohnehelicher Sohn getaufft nahmens Johan
655 534 2013 626 Niclaus, deßen Mutter Anna Haußer von Münsigen gibt vor
656 587 2019 694 diesen von Hans Niclaus von Zeiß, damahls knecht bey Meister Edlen
654 642 2013 765 Rel. landvögtin von Watterweil von Bonmont seye beyschlaffen
656 708 2027 826 worden, der auch solches vor ihrem vatter und mutter bekent, sie
660 772 2022 859 habe auch vor Jacobi solche ihr schwangerschafft mine gnädigen Herren deß oberen
661 859 2031 929 Chorgrichts angezeigt, er aber, obwohl er versprochen er wolle sie zu
655 908 2031 1011 kirchen führen, seye dahmahls nicht erschinnen, sonder habe sich mit
657 972 2022 1036 herr Müller dem Wildenmann wirth und dißmahlen wirth zu
666 1018 2036 1128 kleinen Hünigen bey Basell dahin begeben, und also forth gemachte
659 1083 2027 1197 Sie seye deßwegen ihre daselbst zu suchen dahin gegangen, habe ihne
659 1160 2031 1259 aber nicht funden, in zuruckreissen nach Münsigen seye sie Dinstags
662 1212 2032 1310 Den 5. Februar bey St. Urban in einem Bauernhauß kindt niderkommen,
659 1266 2035 1360 und seye nach und nach mit dem kind in der bitteren kälte weiters
659 1333 2003 1405 gangen, biß sie freytag abends den 18. Februar den Spitthal alhier
666 1389 2036 1496 erreichet und begehrt, daß das kind getaufft werde, wie auch geschehen
641 1450 1976 1584 darüber füegte sie hinzu, daß er ihro verbotten etwaß von
648 1518 2004 1645 ihrer Schwangerschafft zu mellden, weillen er sonsten das land
650 1587 2016 1700 quittiren müeßte, könte auch einige Zeugen stellen, daß sie
650 1654 1982 1777 ihme ihre schwangerschafft eröffnen laßen. Cogn: Schreiben an herre
635 1725 1987 1865 Pred zu Rothenbach ihne dieses klag halb zu red zu stoßen,
649 1804 2009 1899 und durch kräfftige vorstellungen ihne wo müglich für er¬
660 1874 1995 1998 kandtnuß für Warheit anzumahnen und zu vermögen.
663 1952 1983 2059 item. Schreiben an herr Pred zu Münsingen solches biß auf nächst
653 2012 1987 2124 künfftigen montag an mine gnädigen Herren langen zu laßen. Den 23. May
646 2074 1968 2206 langte ein Schreiben von herr Pred zu Münsingen an, daß ihme
642 2154 1974 2279 dieser sach halben nichts anderen bekant, als waß ihme die
656 2222 2028 2348 Hauser vorgeben. Darauf erschinen die Partheyen abermahlen,
647 2289 2005 2418 doch sann sie auf ihr klag, er aber auf der Verneinung be¬
654 2359 1977 2453 herret. Cogn: solle ihro bewilliget sey auf nächsten Montag
668 2437 1988 2536 kundtschaffte zu stellen, ihme aber anbefohlen ein Schreiben auf
660 2512 2015 2582 gleiche Zeith doch herr Predigkanten zu Rothenbach ein zu bringen.
660 2572 2006 2681 Den 4. August nachwarts brachte die Hauser an, es wolle verlauten
666 2649 1994 2756 ob solte er den weiten genommen haben, wolle dennoch ihr voriges
664 2728 2007 2825 anbringen bewyßen. Cogn: Schreiben naach Rohtenbach und Bünzlen solchen auf den 15.
659 2762 1854 2882 diß harzu halten, so er nicht anheimbsch berichten. Vide infra. 313.
2094 2138 2195 2258 43.
2118 1404 2210 1485 41.
2141 243 2205 332 40
2267 223 3676 348 Vide vorige Manual wegen Margreth Sauter von Sigriswill,
2258 291 3680 403 deren bereits hievor sie statt wegen ihres ärgerlichen herumbva¬
2294 353 3688 477 gierens, zum offteren verbotten, mehrmahlen darauß gefüehrt
2287 398 3710 515 auf eint und andere recidifen ins schallenwerck gesetzet, und
2286 470 3608 610 Vorgesteren nachts zwuschen zweyen frembden nadler gesellen
2272 529 3583 656 nahmens Johan Christroh Abraham ein Sachs und Pauen
2247 551 3664 749 Schwedler ein brandenburger in gleichem bette ligend be¬
2281 652 3672 793 zogen, auch deßtwegen eingesetzt worden, weillen sie uner¬
2283 714 3663 868 leßerlich habend minen gnädigen Herren solche ihr auch verleiden laßen, die
2283 770 3695 917 zwey frembde aber, weillen sie alle thatlichkeit verneinet
2296 834 3671 1010 biß am abend hinunder gesetzet, den 25ten habend ihr gel¬
2281 929 3677 1061 lauth eingelangten zedels erkent, daß sie Saufer zu ihrer
2278 1002 3629 1156 bestraffung von Herr Brs statt und land verwiesen werden,
2287 1076 3605 1200 solle, mit der betreüwung, daß, wann sie sich ferners.
2252 1122 3681 1291 harinnen sachen ließe, seyen ohnfehlbahrlich mit den ruthen werden.
2278 1234 3224 1368 auß geschmeicht werden. Vide infra. 126.
2243 1334 3637 1484 Vide Conc. Vom 10. Mertzen 28. April letsthin. Erscheint Madle
2289 1434 3676 1545 Tschantz von Utzigen, so den 22. April in allhiesigem spithale under
2291 1501 3678 1594 gnügsammer Examination eines balld darauf verstorbenen
2290 1562 3665 1684 kindts gewäsen und solches herren Statt Majoren dißmahligen
2281 1620 3651 1732 aber neüw erwehlten herren landtvogt Buchers von frouw-brunnen
2280 1695 3664 1817 außgetrettenen knecht, deßen nahmen ihro aber unbe¬
2277 1765 3631 1890 kant, zugeeignet, und anby verdeütet, daß Peter von
2271 1843 3605 1963 Gunten sie ein monat vor bedeüten knecht auch be¬
2270 1915 3630 2050 schlafen, das kind aber seye des knechts.Cogn: solln
2285 1997 2537 2109 abbüeßen.
2258 2123 3601 2246 durch ein Schreiben von herren landtvogt zu Losanen und einschluß
2271 2233 3634 2313 von sully hatten mine gnädigen Herren zu ersechen, wie daß Jean Anthoine
2292 2284 3610 2408 Condus von gedachtem Sully, so unbemittlet und erst 19
2266 2347 3657 2491 jährig sich mit Jeane Du Martheray von Bubone, so etlich d 30
2246 2430 3641 2572 jährig ehelich verlobet, auf von seithen seiner gmeind besche¬
2270 2505 3614 2636 chene opposition aber guthwillig von seines eheversp. abge¬
2270 2576 3578 2703 standen. Cogn. Schreiben nach Sully solle hiermit diese eheversp.
2281 2639 2994 2797 aufgehoben sein. vide infra 499.
