4032 3024
496 649 576 748 61.
579 193 2004 340 schwängerung geständig, der Eheversprechung aber in abged
603 279 1968 424 gewotten. Cogn: Weillen sie ihre ehe ansprach nicht beweisen
599 370 2006 510 können ledigsprechung, da ihme übrigens deren tragende
597 450 2029 593 leibestracht als unehelich zu bekent, und beide allhie zur
602 528 2029 681 abbüessung gehallten worden. Den 6. juny nachwerts hat es angelobt
609 647 2007 802 durch ein Schreiben von diesse wurden min gnädiger Herr berichtet, wie daß Salome
609 732 1956 853 Jaquet von Noods vor dasiger Ehrbahrkeit befragt worden.
606 824 1974 946 ob sie sich den 14. febr 1728 nicht von Jaque forchelet auch von
609 880 1940 1019 allda habe beschlaffen laßen, da sie dann solches vernemmet,
608 975 1984 1107 etwaß zeiths dernach seye sie von selbsten wider kommen, und
608 1042 1984 1201 habe bekent es seye wahr, daß der forchelet sie bemellten
593 1132 2018 1274 Tag des abendts in seines Vatters baumbgarten beschlaffen
615 1210 1950 1348 habe, welches er aber verneinet, worüber das geschäfft
621 1281 2006 1426 biß nach der genißt verschoben worden, welche den 14. novembris gleichen
598 1353 1981 1514 jahrs darauf erfollget, da sie dann nach den berichteren ge¬
599 1439 1966 1587 schikt, in der zwüschen zeitl aber kindts niderkommen, allso
597 1512 1948 1651 daß sie in der genißt nicht, wohl aber in denen schmertzen,
596 1587 1938 1707 so immediate darauf follges, examiniert werden können, da sie
607 1664 1958 1799 dann beständig auf sein forchelet als Vatter deß kindt verr¬
627 1740 1956 1863 harret, mit verdeüten, daß er sie zu verschiedenen machen
621 1825 1924 1944 beschlaffen, denne habind 2 ehrliche weiber zeüget, daß sie
623 1899 1953 2005 auf obbemellten abend beide eins nach dem anderen auf
622 1973 1986 2092 bemellten garten gechen sechen. Cogn: Schreiben nach diese beide im
630 2059 1957 2178 eid zu underweisen, nachbahrts har zu hallten und min gnädiger Herren
629 2126 1966 2227 beideren lümbden und empfangenes eydts instruction
638 2200 1984 2344 berichten zu laßen. Den 30. juny nachwerts langte zwar
641 2289 2008 2415 der bericht ihrer empfangenen eyds instruction von ihre
627 2368 2013 2507 lümbden aber nichts exactes ein, dahero min gnädiger Herren die partheyen
638 2446 2013 2591 mit einem Schreiben zurück gebießen, in anbefehlung eine Ehe¬
638 2537 2016 2665 bahrkeit ins gesamt ihrer Lümbden halb zu befragen, und
656 2618 2003 2754 dero außagen musser exacte einzuhanden, mit harhaltung
645 2688 1404 2827 der partheyen. Vide infra 271.
2143 199 2223 326 63.
2155 623 2236 724 633.
2172 1647 2256 1730 65.
2051 1762 2255 1856 zu Curwolsch
2075 1832 2211 1907 wonhafft
2179 964 2258 1084 64.
2227 2278 2275 2366 .
2270 225 3669 336 erschinne Maria Ballsiger von Marchligen, so mit zueignung ihres
2285 289 3697 392 kindts der ehe halben angesprochen Christen Läderach von kind kirchene
2254 364 3670 453 Worb, der ihro auch das eint und anderen geständig gewäsen, deßt,
2261 414 3692 544 wegen ihme ein eheschein under vorbehallt sein mahl sontagl verkündung
2257 473 3139 599 zu Worb und Münsingen ertheilt worden.
2269 571 3611 720 Erscheint Barbara Küete von Ursenbach, so ihr vor 6 Jahren
2270 672 3623 789 zur welldt gebohrne kind dem außgetrettenen und banisierten
2284 734 3629 866 Christen haubeter von Trub zueignet. Cogn. Ich der Secretarius
2251 808 3072 948 solle nachschlagen, sie mithin abbüssen
2280 941 3668 1070 durch ein Schreiben von diembtigen wurden min gnädiger Herren berichtet, wie daß
2259 1025 3607 1160 Bendickt Harten von allda sich mit Margreth Fißlig von allda
2270 1095 3645 1220 ehelich verlobet, es erängne sich aber die frag, ob sothane Ehe
2257 1159 3665 1295 zu zulaßen, weillen er vor 9 jahren mit Anne Stoll von Ober¬
2263 1227 3648 1343 Weyll, sie mit der Kisslig geschwüstert kind, auch ehelich versprochen,
2270 1298 3676 1422 gewäsen, welche ihme die Eheversp. aber nicht gehalten, sondern
2289 1373 3657 1488 sich mit einem gebußen allemann außert landts verehelichet,
2273 1450 3642 1565 Cogn. seyend keine grunden für diesere ehe zu hinderen verr¬
2270 1505 3591 1638 handen, solle ihme hiemit selbe zu bezeüchen bewilliget sein.
2286 1624 3605 1771 Wurden mine gnädigen Herren durch ein Schreiben von herrn Predighant zu Jegensters
2276 1707 3637 1818 berichtet, wie daß ihme von Sammuel Peter auß dem Eggi¬
2284 1765 3600 1897 weyll ein brieff dieses innhalts zugeschriben worden, vor etwaß
2270 1836 3654 1951 Zeiths habe er sich verheyrathet mit Anna Pfeller von Schloßweyll
2267 1908 3651 2042 welche selbiger zeits wittwen gewohren und einen sohn gehabt, ver¬
2253 1976 3639 2097 neinte selbiges kind seye von ihrem ersten Ehemann, aber alleß
2265 2036 3633 2173 nicht sein allso befunden, dann sie vergangenen herbst in Gott
2267 2134 3566 2222 entschlossen, auch sie vor ihrem ende bekent in beisein lieben
3564 2156 3605 2222 6
2264 2183 3645 2291 zeugen, daß dieser bub nicht von ihrem rechten mann seye, son¬
2283 2243 3575 2378 deren, daß er ohnehrlich seye er gehöre den Jacob Clauser zu
2250 2308 3588 2430 Monchringen, deßhalb er rath begahrt. Cogn Schreiben nach Murten
2257 2370 3619 2526 an herr schulltheiß sie dißohrtigen Zeugen zu verneinten, und deren
2264 2441 3630 2579 außagen vor zu schikt. Deßen advis nach Jegensdorff, damit der
2269 2518 3138 2663 Clauser voroffnen könne. Vide infra 125
