4032 3024
413 914 526 1000 130
423 1566 521 1671 B.
409 2186 526 2291 132
564 249 1877 403 Den 4. July nachwerts erschinne der Notz und bekente die
564 354 1838 516 Rabüsin beschlaffen zu haben, mit verdeuten fahls sie
568 446 1842 600 ihme das kind mit gutem gewüßen geben könne er
553 552 1803 688 solches für das seinige annemmen wolle, da er ihro
564 627 1845 788 übrigens die ehe nicht versprochen, und nicht auß dem
560 725 1833 893 Rechten zu weichen angelobt habe; Cogn. Deßen Vortrag.
578 900 1847 1049 Ward der Weÿermanshauß Wirth, umb weilen Er be¬
557 990 1819 1161 kennen müßen vor endigung deß gottes diensts in
558 1077 1866 1253 der statt am Sontag wider das Verbott wein außgeben,
544 1151 1847 1327 zu haben, umb 5 pfund buß angesechen worden, der meinung
562 1248 1849 1438 daß er sich könfftig hin bey comination mehreren straff.
553 1358 1843 1515 deßen müßigen und mans und weibs persohnen nicht
544 1444 1586 1594 mehr in gleichen gemach übernachten solle;
564 1554 1828 1761 Ward der Engiwirth, umb weilen er bekennen müßen,
542 1644 1800 1856 daß verwichenen sontag bey ihme giget, tantzet, und
549 1765 1797 1945 in währender kirchen wein außgeben worden seyen umb
546 1853 1793 2049 10 pfund buß angesechen, der meinung, daß er sich bey
546 1958 1825 2127 commination geweßener straff, der gleichen sachen ins
554 2039 1091 2180 könfftig müßigen solle;
568 2186 1822 2414 Vide Supra. 51. und Wurde folgende Erkantnuß außge¬
546 2282 1835 2493 felt Demnach die zwüschen Herr Francois Louis Bergier
542 2396 1803 2563 von Losanne an einem, so denne Frouw Saraz Bergier
530 2479 1698 2677 seiner Ehefrau am anderen theil streithig walthende.
1948 2251 2057 2358 133.
2136 253 3490 463 Matrimonial sach vor Unß gelanget, umb zu büßen ob
2134 371 3492 528 sie Herr Bergier nach dem Schluß ihres Ehemans, zur
2126 498 3489 624 Ehelichen Beywohnung seit ihme gehalten werden solle,
2124 558 3467 714 habend wir mit einfähligem mehr zu recht erkent und
2115 658 3492 841 gesprochen, daß weilen wir bereits sub 2. decembris letsthin
2109 774 3498 914 sentenciert und beyde als ehelich zusamen bekent, ver¬
2114 843 3469 1010 ermelter Unser Erkantnuß aber kein statt getahn
2109 918 3462 1112 worden, und so thanes absonderung zu abmeidung är¬
2076 1027 3472 1224 gernuß fehrners nicht nachzusechen, beyde in bestättigung
2100 1165 3439 1301 Unserer hievor erwehnten erkantnuß vom 2. july
2103 1207 3468 1393 letsthin als ehelich zusamen bekent seyn, sich von nun
2103 1305 3435 1506 an zu einander verfügen, und wie Christlichen Erleüthen
2109 1395 3452 1576 anständig mit einander leben sollen. Als wir nun
2102 1518 3413 1681 obige Unsren einhählige Erkandtnuß den Partheÿen
2089 1601 3428 1762 eröfnet, hat Herr Bergier sich deren ersättiget, sein
2077 1689 3455 1867 Erfrauw aber solche recurrende für Mine gnädigen Herren die Räht zu
2084 1802 3419 1944 zeüchen begährt, so ihre aber, weilen des Casus, in
2086 1885 3438 2048 maßen kein schiedigung begährt worden, auch keine
2084 1954 3430 2148 grund darzu vorhanden, nicht appellabilis abgeschlagen,
2076 2059 2719 2196 worden, zu Urkund etc.
2099 2194 3402 2375 Erschinne Madlen Moser ab dem Stalden der Kirchhöri¬
2091 2322 3425 2471 Münsingen und beklagte der Schwängerung halber Fridenrich
2071 2402 3417 2556 Mack von Straßburg, der sich dermahlen hinder Genff
2086 2485 3405 2637 aufhalte. Cogn: Vortrag, umb selbigen alharo citieren
2068 2567 3395 2735 zu laßen. Den 11. july nachberts langte folgender
