4032 3024
415 754 498 867 8.
413 216 503 342 7.
430 1294 503 1393 9.
437 2243 520 2331 10.
531 165 1934 366 durch ein Schreiben von Vechigen wurden min gnädiger Herren berichtet, wie
552 265 1911 435 daß Cathri Augspurger von Utzigen kindts genäsen und
564 342 1890 508 vor im und nach ihrers genißt zum vatter deßen er¬
574 405 1947 589 namset Christen Ruch den 3. monath vor ihrer klag ver¬
557 474 1933 636 storbenes herrschafft schreiben zu Weyllen, Cogn.
574 546 1968 684 solle ihro das kind und die erhalltung deßen überlaßen sein dessen Schreiben
568 608 1678 737 nach Vechigen mit verdeuten beide draußen zu gedulden.
581 677 1917 849 Ward Albrecht Burkhallter dem wirth zu Utzigen,
569 768 1943 931 über beschechenen anzug verdächtigen einzugs, der
584 848 1952 996 gleichen sich zu müeßigen bey Commination gemaßen
562 925 1962 1069 straff insinuiert, mit so ein Schreiben nacher Vechigen erkent,
571 1002 1973 1157 geheime Ehegaumer zu bestellen, umb scharpfe aufsicht
577 1091 1054 1223 auf ihne zu hallten.
577 1208 1982 1348 erschinne Madle Stuki von Groß Hochstetten und begährten,
549 1309 1981 1446 daß, weillen deren kind sub 29. Mertz letsthin dem Niclaus
547 1385 1983 1537 Grüederli von liechstell zu bekent und solchem zu abtrei¬
577 1451 2000 1567 bung seines interiicierten Recurse 4 wochen termin vergöhet
580 1528 1958 1640 worden, er aber solchen ersetzen laßen, ihme in Bestättigung
577 1592 1977 1705 bemellter erkandtnuß, deren kind widerumb als unehelich
579 1659 1989 1806 zugesprochen und er umb alle diß öhrtige kösten verfallt
575 1730 1974 1885 werden möchte. Cogn. Weillen er den Recurs ersitzen laßen,
567 1817 1963 1952 solle sie vordere urthel bestättiget, mithin er gegen ihre
572 1911 1952 2033 umb alle dieser sach halben ergangene kösten ver¬
556 1970 1947 2126 fellt sein. Deßen Schreiben nach Basell mit verdeüten ihre
578 2047 1984 2186 zur abbüeßung har zu hallten, den 23. langste ein Schreiben von basel
586 2121 1463 2248 ein, daß ihme die citation notificiert worden.
581 2194 1982 2335 Vide conc. vom 11. April erschinne Elsbeth Hueter von Mühli¬
582 2265 1991 2431 thahl, so vor in und nach der genißt zum vatter ihres
598 2343 1979 2493 kindts ernamset Bendicht Burni von Courben, der die
595 2437 1961 2564 klag aber laugne, Cogn. Schreiben nach kerzerz ihne im
595 2501 1946 2618 purgations eyd underbreiten zu laßen, nachwahrt solchen
613 2590 1971 2686 har zu hallttn und min gnädiger Herren so wohl seiner habenden kunden
599 2635 1982 2739 als etwa fangener eydts instruktion zu berichten, mithin ein
590 2714 1941 2807 in die gefangenschafft gesetzet worden, den 30. hatt er den eid
607 2778 1860 2893 gethan, hiemit subesiert, ihre wegen vertragen, vide infras 92.
2112 209 2199 309 11.
2273 224 3713 325 vide voriges man er schinne Elsbeth Stoker von Helenbach, so
2264 297 3719 391 vor itz und nacher ihrer genißt zum Vatter ihres kindes
2277 351 3612 410 ernamset Hans Rudtlich Scheürer einen eheman deß
2277 404 3720 499 Lechenmans zu Beytenweill sohn, der hievor im rechten all¬
2276 468 3713 546 hier gestanden und diesere klag verneinet, sind begährte
2258 513 3608 612 daß ihme deren kind zubekent werden möchte. Cogn.
2258 533 3689 672 Schreiben nach Münsingen dem Vatter zu verdeüten, daß er den
2257 613 3674 744 sohn auf den 9ten diß har hallte widrigen fahls min gnädiger Herr ihne per
2290 682 3711 784 contumacion beurtheilen werden. Den 5. mey ward er, weillen er das
2256 748 3689 839 recht desegiert und abermahlen nicht erschinnen per contumacion beurtheilt und
2258 807 3489 897 solchem der Klägerin kind als ohnehelich zu bekennt. Vide infra 236.
2393 844 3246 985 Sonstags den 5ten Meÿen 1729
2576 924 2966 1062 Statthallter
2423 996 3100 1150 Min gnädiger Herr Landtvogt Jenner.
2613 1091 2926 1201 Assessores.
2547 1171 3000 1293 Min gnädige Herren omnes.
2104 1269 2191 1353 13.
2211 1242 3640 1367 Vide vor Conc. Ward Albrecht sodann von allhier mit Verena
2260 1340 3666 1449 zum gstein von Wangen und vorbeh. 3 mahl verbundung allda
2240 1401 3628 1549 Denne Catharin Tschingg habitantin allhier mit Marthi
2258 1496 3654 1624 Lerch vor Rüexauw, so bereits verkündet worden kirchen recht
2246 1536 2729 1654 zu hallten bewilliget.
2101 1680 2167 1750 13.
2229 1634 3645 1787 Vide voriges man nun erscheinen Niclaus liecht vor Twann und
2254 1724 3673 1855 Marie Dubois von Camblingen, so über der gmeind Twann exposi¬
2241 1793 3639 1920 tiones guthwillig von ihrer eheversprechung abgestanden, und sich er¬
2252 1855 3604 1972 läuteret, daß sie kein leibsgemeintschafft mit ihr gepflogen.
2222 1923 3617 2058 derowegen min gnädiger Herren sothane eheversprechung aufgehoben, deßen Schreiben
2229 1994 2535 2110 nach Twann.
2103 2073 2175 2185 14.
2235 2072 3615 2214 Vide Conc: vom 14. 17. v. 31. Martz Letschin, Nun erscheint Barbara
2235 2164 3637 2303 Itemschmid von Pren: Caponlen, so vor- in- und nach ihres genißt
2241 2228 3643 2344 zum Vatter ihres kindts ernamset herren Franz Schiffeli von allhier
2055 2255 2236 2364 # so den 23.
2258 2310 3615 2404 Herr Alls Landtvogts Von Chillion sohn, der sein Bericht nach dieses
2036 2321 2248 2415 Min gnädiger Herr under
2028 2395 2235 2485 gnugsammen
2253 2364 3633 2464 clag halb geständig seye. Cogn. Schreiben an herren Landvogt zu Romainerate
2030 2435 2263 2523 Examination
2261 2429 3608 2567 herren Tschiffeli, so sich zu Apples bey dasigem Herrn Predi befinde, dahin
2025 2501 2194 2606 beschechen
2230 2505 3631 2648 zu hallten, daß er sichere bekandtnuß vor dorthiger ehrbahrkeit
2219 2570 3585 2714 thüye, und selbige min gnädiger Herren eingesant werde. Der abbüeßung
2233 2623 3640 2790 halb ist ihme freygestellt solche zu verrichten, oder aber die 30 kronen zu
2230 2699 3394 2860 erlege, sie aber hatt solche angefangen. Vide infra 92.
