4032 3024
495 2124 593 2244 89.
502 225 592 380 87.
498 1107 603 1216 88.
646 210 2018 393 Langte des Bericht von Chenit ein, eine Ehrbahrkeit
624 342 2013 482 zu Rougemont wolle der Elisabeth Aubert und dem
626 433 2023 563 Jean Daniel Cottier ihrem angehörigen zu erkent,
629 509 2045 698 kind, Ohngeacht mine gnädigen Herren Sub 26. Marty. 1728 außgefallen
627 603 2052 782 Erkantnuß, ihro nicht abnemmen, Cogn Schreiben nach Rougemont
638 703 2029 866 Sollend der Aubert ihr kind ohne fehrneren umbtrieb
636 805 2032 1002 abnemmen oder der Verleydung bey mine gnädigen Herren gewächrtig
626 891 1517 1057 seyn, dess adois Schreiben nach Chenit.
641 1066 2000 1286 Langte ein Klag Schrifft von ihr Oberherren zu Rud¬
636 1200 2002 1370 wider Herr Pred: Rohtenbühler von alda ein, welche
630 1320 2023 1461 nach mine gnädigen Herren Befelch im heütigen Chor Grichts Tag zu
624 1408 1988 1559 finden, Cogn: Schreiben an Herr Landtvogt zu Lentzburg, mit
630 1503 2006 1647 gesinnen dem Herr Rohtenbühler das Chor Gricht Man
638 1607 1989 1743 abzuforderen und nachberts den Herr Obersten umb sich
644 1705 1959 1835 darin erschänden zu können, deßen zu advisieren.
1684 1778 1943 1858 gebührend.
639 1786 1982 1940 item Schreiben an herrn rohtenbühler solle sich gegen der¬
623 1872 1207 2030 herrschaft auf führen,
656 2079 2034 2252 Mit einem Begleith Schreiben von Lützelflühn er schinne Elsbeth
638 2213 2003 2341 Widmer von alda und eignete ihr Kind Hans Kauber
657 2311 2018 2448 einen Ehemann von Rüderswyl zu, der solches anzu¬
619 2408 2004 2521 nemmen nach langen tergiversieren angelobt, Cogn: solle
635 2482 1974 2628 ihme derohalben solches als ohnehelich zu bekent seÿn.
642 2576 1822 2728 und beide abbüßen. Des Schreiben nach Rüderswyl:
2145 2126 2244 2232 92
2162 1218 2261 1338 9.
2163 284 2268 420 90.
2304 282 3653 456 Erschinne Anna Däntzler auß dem Eggiwyl, welche so
2285 385 3662 546 wohl vor, inn, als nach ihrer genißt ihr kind herr Studioso
2271 486 3675 637 Abraham Schäy von alhier zugeeignet, der ihre aber
2267 583 3661 738 dieses anklag gentzlichen in abred gelesen, und auch
2264 682 3673 835 sich deren eidtlich entschüttet: dahero mine gnädegen Herren seinethalb
2278 780 3647 934 alles gott und der zeith heimbgestelt, sie aber nach
2270 872 3624 1015 anbüßung der ord. de Anno 1772 üwer gnädigen Herren den Rähten ver¬
2269 959 3651 1109 leidet, den ab diß langte der Befelch ein, daß ihr Gnaden
2267 1066 3657 1192 selbige zur straff 4 tag lenger als die gewohnte zeith vermag
2271 1139 3470 1267 in gefangenschafft erkent haben wollen. Vide infra. 390.
2298 1218 3614 1349 Den 9. diß Ward Herr Daniel Wyß von alhier bey den
2264 1307 3609 1435 haüßeren bewilliget, mit Frau Marianne fischer auch von
2276 1388 3597 1532 alhier das gewohnte kirchen Recht halten zu können.
2433 1555 3205 1725 Montags den 13. Juny 1729.
2683 1680 2960 1831 Statthalter.
2513 1769 3112 1882 Min gnädiger Herr Landtvogt Jenner.
2668 1871 2922 1999 Assessores.
2306 1954 2583 2096 Mine gnädigen Herren oes.
2290 2071 3616 2240 Vide Supra. 10. Langte ein zedül von minen gnädigen Herren den Rähten ein
2262 2195 3550 2357 daß in betrachtung die Elßbeth Burter außert diesem
2258 2283 3615 2441 fähler nicht schlimmen Lümbdens soll, als habend ihr Gnaden
2267 2370 3602 2500 auß milter dingen erkent, daß sie 4 tag lenger, als die
2249 2462 3591 2612 ordinari zeith bestimmet, in der gefangenschafft verharren
2244 2580 2404 2674 solle.
