4032 3024
440 607 537 734 66.
464 1148 543 1258 67.
476 2232 576 2349 68.
762 207 1594 394 Donstags den 23. juny 1729.
926 328 1352 466 Statthallter
795 413 1462 557 Min gnädiger Herr Landtvogt Jenner.
629 495 1920 661 Assessores min gnädiger Herren Oes; Locc; herrn Decan und herrn Fischer
616 619 1948 742 erscheint Anna Stadler von Rumolitz und beklagt der
621 702 1976 803 schwängerung halber Abraham pfluß von allhier, so auf
615 774 1986 873 der wanderschafft sein soll, herren chorweibel relatiert, er habe
613 841 1925 965 ihme das botte versöhnlich angelegt. Cogn: Schreiben nach Haßle
614 911 1814 1045 solchen auf den 16. diß har zu hallten. Vide infra. 93
629 1121 1994 1282 Erschinnen Herr Langhans von Seiler und sein Ehefrau streithige
639 1225 1997 1348 eheleüthen, da dann sie Ehefrau sich sehr erklagte, wie unge¬
617 1295 1996 1421 stüchen und ärgerlich er sie mit worthen und werken ka¬
625 1375 1962 1478 tiern sich mit wein übernemme, täglich auß dem hauß
630 1443 1929 1556 bleiben und einer gewüßen Suatton nachzeüche, deren
630 1502 1957 1632 mutter bereits ehebruchen halber hingerichtet worden seye.
635 1573 1923 1703 er bekente sie geschlagen zu haben, allen auf gebenen
638 1638 1933 1754 gnugsammen anlaß, trinke dann und wan auch ein glas
620 1705 1973 1837 Wein Cogn: solle zu Wohlverdienter Straff 2 mahl 24 stund
635 1764 1942 1916 lang eingesetzt werden, und sich hinführe wie einem ehrlichen
635 1843 1984 1940 mann anständig auffüehren oder mehrerer straff gebürtig
629 1920 1959 2031 sein, worbey ihme angeregte Praton bey ehebruchs straff
625 1971 1984 2091 verbotten worden. Item zedel und an min gnädiger Herr daß Oberst statt
634 2064 2012 2196 Quartiers solchen bey erster recidis min gnädiger Herr verleiden zu laßen, vide
656 2142 1014 2247 infra  336.
638 2178 1937 2351 erschinne Maria Berbel Rab und klagte, wie daß seine
640 2277 1916 2430 Abi ihr ehemann der barrer allhier sehr liederlich seye, sich
641 2335 1997 2483 mächtig mit dem wein übernemme, und sie sambt den Kinder
659 2436 1979 2549 außjage, allso daß sie ihres lebens bald nicht mehr sicher
644 2487 1959 2633 seyend, er hingegen verdeütete, sie seye verschwenderisch,
649 2559 1918 2711 verkaufte ihme alleß auß dem Hauß, und gebe ihme in
631 2645 1938 2766 seiner harten arbeith nichts zu eßen, wann er etwaß haben
2123 1999 2187 2085 71.
2126 1540 2192 1612 70.
2124 706 2218 825 69.
2274 202 3694 374 wolle, müeße ers selbsten kochen. Cogn: sollend sich beide, wie Christlichen
2274 312 3658 412 eheleüthen anstechen, auffüehren und unfrid und einigkeit mit einanderen
2274 363 3654 497 leben, welches zu thun sie auch verheißen, deßen zedel an min gnädiger Herr deß
2259 428 3667 570 4ten Statt Quartiers seit verdeüten auf sie achten, und so sie in die reci¬
2276 492 3173 617 diß sollen wurden min gnädiger Herr deßen berichten zu laßen.
2275 687 3658 806 erschinne mit einem begleith Schreiben von Krauchthalen Cathri Gfeller von
2281 752 3616 878 allda, sy der ehe und schwängerung halben beklagt Jhan Locher
2251 822 3662 954 von Bolbach, mit verdeuten, daß er sie im herbst, als das wätter
2260 900 3638 1033 zwey wüchen im Madlohn erstelt, deß nachts in ihres stieff Vatters
2263 963 3675 1099 Hauß beschlaffen habe, er aber leugnete diesere Klägdten gäntzlichen,
2275 1032 3653 1173 bekante jedoch, daß er damahlen mit ihro in Jothanes hauß gangen
2280 1129 3629 1230 und sie nacht über neben ihro auf ihrem betth gelegen seÿe. Cogn:
2255 1182 3621 1306 Schreiben nach Krauchthalen sie in ihrer genißt examinieren und minen gnädigen Herren
2264 1252 3660 1392 deß herauß kommenden berichten zu laßen. Den 30. diß langte
2286 1344 3543 1450 ein Schreiben von Krauchtahl dieses inhalts ein. Vide infra. 137
2270 1485 3653 1604 brachte Peter Engist von Konolfingen klagend an, wie daß
2268 1576 3623 1689 Barbara Both sein ehefrau nicht bey ihme wohne, sonderen
2271 1641 3634 1774 hallte sich zu arberg bey einem gärber nahmens Ulli auf Cogn:
2249 1711 3650 1838 Schreiben nache Arberg sie auf Montag har zu hollten, es währe dann sach,
2250 1772 3080 1912 daß sie sich zu ihme begeben würde.
2260 1925 3629 2092 Vide voriges man durch ein Schreiben von Stäfisburg wurden min gnädiger Herren be¬
2266 2024 3636 2158 richtet, wie daß sie Barbara Both von allda den 18. April letsthin
2266 2077 3650 2207 under gnugsamer Examination kindts genöten, und in ihrer sehr
2277 2165 3628 2298 harten genißt beständig auf herren Gabrichen Herrman von allhier
2264 2215 3607 2375 beharret seye. Cogn. Soll cittiert werden, den 13. diß erschinnen
2281 2290 3607 2420 Sie, do sie dann auf ihrer anklag er aber beständig auf¬
2281 2365 3597 2498 der verneinung verharrete, Cogn: zedel an herren predicant
2266 2466 3562 2602 Lürichi und Schreiben nach Stäffisburg, beyde partheyen im eyd
2270 2552 3620 2702 zu instruieren und nachwerts selbign auf den 4. july nechst könfftigen
2270 2632 3620 2750 mit dem nöhtigen bericht vor min gnädiger Herren zu halten, den 4ten wurden min gnädiger Herr durch Herrn
2279 2687 3607 2789 Lürich berichtet, herrn Hlinen seye ein mahl von ihme underliehen worden, seines lümbdens
2275 2755 3627 2885 halb seye er im gericht, daß er zimlich graub mit seinen mägden umbgache vide infra. 241
