4032 3024
493 321 566 441 2
523 1827 570 1962 3.
647 195 1980 441 erschinne Herr Höffli der bader von allhier und sein Ehefrau
641 271 1924 477 so sich beklagten, wie daß Herr Randeli der Läuffer
648 366 1911 560 und der junge Herr Stab am Oster Montag nachts in
645 434 1971 638 ihr Zimmer kommen und sie sehr geschlagen, als sie beide
647 500 1956 688 erschinnen bekenten, sin es seyn wahr, allein sie habind es ge¬
624 579 1960 789 than, weillen sie gesechen, daß ein ärgerlich leben dorthen ver¬
645 650 1901 823 füchet, inmaßen Herr Stab selbsten darzu kommen, als 2
628 718 1899 896 Wälltsche, M. Blane und M. Las Fecielle der einte mit
627 771 1950 1004 deß Rößlins Tochter der ander dann mit deßen Magdt in
648 858 1947 1033 völliger action gewäsen. Welche anklag aber so wohl die
630 952 1981 1117 Wälltschen als die weipspersohnen laugneten, jedoch allzeithig
648 1027 1945 1200 bekenten, daß sie deß nachts beysahmen auf dem betth ge¬
660 1112 1982 1269 wäsen. Cogn. Herr Höffli und sein Ehefrau sollend 3 Tag lang
645 1193 1947 1329 hinunder gesetzt werden, so wohl als ihre magd Elsbeth
635 1261 1975 1419 Schneider von Wiedtlisbach, das töchterli aber ward, weillen
666 1333 1971 1434 es erst 10 biß 11 jahr mit scharpfer censur dimittiert
644 1398 1965 1543 den Wälltschen dan ward sie allternatif geben, entweders
655 1471 1947 1617 3. Tag lang in die gefangenschafft zu sitzen oder 10 Tahler
671 1549 1923 1683 inder namben zu handen der armen der französischen
648 1626 1965 1764 gmeind allhier zu entrichten, welches letstere sie auch
648 1703 856 1819 erwehlt
648 1819 1957 1971 durch ein Schreiben von Guggisperg wurden min gnädiger Herren berichtet, wie
631 1920 1927 2035 daß Stini Mischler under gnugsammer in der gmeind
1583 1921 1786 1981 examination
638 1999 1968 2092 wahleren kindts genäsen und beständig darauf beharret,
655 2050 1979 2181 seye, daß Christen Marthi von Guggisperg, so ihra die Ehe
649 2120 1928 2245 versprochen Vatter deß kindts seyen der den beischlaf auch
660 2183 1977 2318 bekennet, sin Eheversprechung aber verneinet habe. Cogn.
645 2263 1989 2394 Schreiben nach Guggisperg Partheyen, so balld klägeri im stand
649 2342 2001 2482 seyn wirdt zu erscheinen, har zu hallten. Den 6. juny nachwerts
659 2410 1973 2563 erschinnen beiderseits Partheyen und verharreten beiderseits
669 2517 1973 2634 auf obigen ihren außagen, Cogn. Weilen sie ihre Ehe ansprach
663 2564 1962 2722 nicht bewyßen kan und er solche verneinet Ledig Sprechung.
662 2643 1991 2790 Worbey min gnädiger Herren ihme dero kind als ohnehelich zu bekent, beyde
666 2719 1983 2878 zur abbüßung gehalten, daß Schreiben nach Guggisperg, er habe anglobt,
2113 1487 2197 1612 6.
2115 212 2211 346 4.
2131 738 2202 832 5.
2288 202 3679 348 Ward der Margreth Piath, so durch wider einlegung deß
2271 292 3685 415 ihro hievor wider ihren außgetrettenen Eheman Hanß Roth
2266 346 3669 475 von wirdterlissach heiten auff Brieff bescheinlich gemacht
2249 413 3714 528 daß die offentlichen Bueß ab dortigem Cantzel ordenlich wider
2269 476 3663 613 ihme ergangen, ohne daß weder er noch jemand in seinen
2278 540 3690 681 nahmen sein rechten begegnet seye, die Scheidigung wider
2275 627 2628 742 ihne ertheilt.
2267 717 3698 853 durch ein Schreiben von Rüegisperg wurden min gnädiger Herren berichtet, wie daß
2278 802 3690 931 Elsbeth Hilgen von Nider Fulltigen 6 wochen nach ihrer ge¬
2279 883 3688 1002 nißt zum Vatter ihres kindts ernamset habe Hanß Rolli
2269 937 3638 1059 ab dem Belloberg, vor der genißt aber ihre schwangeri¬
2252 996 3674 1152 schafft verneinet, als er selbigeren dieser anklag in abred
2263 1066 3676 1203 gebuhr, hatt sie verdeutet, daß es vor ihrem Vatter und
2275 1137 3682 1275 mutter, item deß Vatters bruder deren kind als das sein¬
2262 1216 3678 1359 nige erkent. Cogn. Schreiben nach Rüeggisperg allzeitlige Parte¬
2256 1293 3682 1410 theyen über 8 tag allhar zu hallten, den 23. hatt er angelobt das
2269 1394 3640 1470 kind an zunemmen, dahero ihme solches ad forman als onehelich zubekent,
2255 1423 3663 1539 und er zur abbüeßung gehallten worden. Des Schreiben nach Rüegisperg und Belho.
2403 1471 2604 1534 Vide infra
2240 1488 3653 1627 Vide conc: vom 9. decembris letsten durch ein Schreiben von Wichtrach
2238 1572 3639 1683 wurden min gnädiger Herren berichtet, wie daß Anna Stuki von Obligen
2264 1648 3645 1769 Den 6. Februar letsthin under gnugsamer Examination kindts
2260 1704 3669 1838 gelasen und beständig auf Hans Spring von Stäfisburg als
2264 1779 3632 1922 Vatter deßelben beharret seye, der diesere klag aber ver¬
2245 1843 3629 1995 neine Cogn. Schreiben nach Stäfisburg und Wichtrach beyde
2197 1916 3621 2088 Partheyen auf montag den 30. diß harzu hallten, mithin solche
2256 1986 3596 2143 am purgations eyd zu instruiern und den bericht ihrer
2254 2058 3665 2204 lümbden und empfangener eydts instruction einzusenden,
2234 2135 3612 2302 daß auch Schreiben nach Oberdießbach den 23. wurden min gnädiger Herr durch ein Schreiben
2243 2206 3601 2346 von Wichtrach berichtet, der Spring habe sich erläuteret, die
2226 2293 3615 2457 Stuki zu ehelichen Cogn. Schreiben nach Wichtrach sollend sich 2 mahl
2232 2399 2659 2522 verkünden laßen.
