4032 3024
416 244 517 345 76.
449 802 539 930 77.
512 1570 605 1675 76.
598 174 2007 360 erschinne mit einem begleith Schreiben von Laugensweill Margreth
598 276 2004 437 Räber von allda, so ihr kind Hans Rubi von Wichtrach zu eignete
613 350 1959 505 welcher anfangs diesere klag vernweigert, nachwahrts aber
596 430 1988 569 das kind anzunemmen angelobet hatt, derowegen ihme solches auch
624 486 1952 659 als unehelich zubekant und beide zur abbüeßung gehallten
599 582 1427 728 worden. Deßen Schreiben nach Laugenßweill
621 724 1979 905 Vide voriges Man nun erscheint Maria Morgenthaller von Urten¬,
625 834 1909 949 bach, so den Hans Kasermann von Leutigen der Ehe und
599 874 1973 1057 Schwängerung halben beklaget, und verdeütete sie befinde
613 967 2025 1125 sich nicht schwanger, er dann leugnete, wie schon hievor beschehen
631 1039 1895 1180 eint und anders Cogn: Weillen sie ihre ehegesprach nicht
626 1121 1925 1263 berichen können, ledigsprechung, so sie dann als auß ihrem
625 1183 1951 1339 mund gerichtet zur abbüeßung gehallten, er dann, weillen
629 1257 1950 1401 er bekent, mit ihro in gleichem betth gelegen zu sein, 4. tag
630 1327 1318 1490 lang hinunder gesetzt worden.
657 1558 1995 1688 Ward Anna Maria Bürgdorff auß dem Eggilyl, welche
659 1646 1958 1787 mit herr Capt. Stürlers knecht in gleichen bett liegend
639 1747 2005 1892 bezogen worden, eingesetzt und deßwegen zu red gestoßen.
651 1830 1958 1981 so solches bekennet, alle thätlichkeit aber verneinete,
656 1941 1992 2074 Cogn: mine gnädigen Herren wollend sich für dißmahlen an ihrer außge¬
651 2005 1992 2160 standenen gefangenschafft ersättigen, der meinung
643 2108 2024 2256 daß sie sich könfftighin wohl auf führen, in einen ehrlichen
659 2210 2027 2357 dienst begeben, oder widrigen falls die statt räumen
629 2326 819 2439 sollen,
2127 282 2238 400 79.
2154 1280 2238 1394 80.
2155 1696 2237 1800 81.
2285 247 3628 415 Ward Margreth Schend von Interlacken, welcheren hievor
2274 377 3663 514 die statt verbotten worden, in selbigeren betretten, ein¬
2270 450 3691 618 gesetzt und nachwerts, so urtheil mit dem kragen daraus
2269 545 2507 689 geführt.
2490 696 3319 896 Montags den 6. Juny 1729.
2765 871 3035 981 Statthalter
2588 962 3244 1096 Min gnädiger Herren Landtvogt Jenner.
2813 1067 3028 1178 Assessores.
2370 1123 3126 1271 Min gnädiger Herr Oes. Locc. Herr Decan:
2280 1263 3639 1441 Ward Herr Ludwig Stürler von alhier bewilliget, mit
2267 1403 3645 1531 jungfrau Anna Margritha Stürler auch von alhier das
2268 1477 3319 1615 gewohnete Kirchen recht halten zu könen,
2287 1639 3642 1824 Dürch ein Schreiben von Erlach wurden Minem gnädigen Herrn berichtet, wie daß
2271 1770 3636 1909 Elßbeth Buggisperg von Belp, so sich bey Herren Obrist May-
2266 1866 3627 2005 alda in dienst aufgehalten, schwängeren lybs befinde
2269 1945 3614 2085 und zum Urheber deren, wie auch der Ehehalben ange¬
2251 2026 3612 2179 gesprochen Johann Heinrich Kistler von St. Gallen, der
2255 2126 3585 2278 sich dermahlen zu Namud in Herren Cap. Tscharners
2257 2220 3636 2355 Compagnie befinde; Cogn: Schreiben nach Erlach, so Sie finder
2259 2293 3617 2444 ihnen zu kindbetten begährte, sie in der gnißt lauth
2266 2385 3622 2532 ord. de Anno 1712. Examinieren, und minen gnädigen Herren daß herauß¬
2266 2476 3591 2616 kommenden, wie auch fahls sie nicht aldort kindbetten
2269 2553 3616 2713 wolte deßen berichten zu laßen. Worbey dem Secretariat
2270 2635 3584 2791 anbefohlen worden, mit Herr Obrist Tscharners diß ohrts zu reden.
2277 2760 2591 2829 Vide infra. 201.
