4032 3024
2116 198 3359 287 Paesides Min gnädiger Herr Jenner tscharner an deßen stell Min gnädiger Herr Rathsherr Jenner
2080 264 3168 403 Min gnädiger Herr Rathsherr Mutach. Chorgrichts Besatzung
2454 321 3233 482 Montags den 2. May 1729.
2642 417 3055 553 Statthallter
2470 493 3378 645 Min gnädiger Herr Landtvogt Jenner von Nydauli.
2693 590 3018 710 Assessores
2326 642 3512 832 Predig kant Morell Extra Oed: nos: hl dachs
2337 766 3497 869 Landtvogt Willading von Romainmotier. Noog.
2330 818 3205 934 Landtvogt Fischer von Arbone: Noog.
2318 881 3060 992 Victor Wurstenberger.
2036 905 2277 1054 Min gnädigen herren
2302 962 2670 1073 Johannes Otth.
2303 1022 2773 1144 Carl: Maÿ. Noog.
2605 1050 3067 1223 Chorschreiber
2445 1165 2977 1337 Joseph Brun
2472 1467 2917 1609 Chorweibel
2279 1546 3156 1723 Johann Fridenrich Feürsten.
2244 1652 3447 1816 Wurden Min gnädiger Herr die neüwen Assessoren beeydiget.
2270 1812 3693 1935 Erschinne Jungfrau Anna Elisabeth Stab von allhier, und brachte an
2282 1886 3686 1988 hie, daß sie sich mit Herren Johann Fridenrich Wulles von Straß¬
2279 1947 3689 2080 burg ehelich verlobet, die Eheversprechung aber nicht in ge¬
2270 2007 3665 2136 genwahrt Zeugen beschechen, und er ihro vill versprochen, so er
2273 2079 3683 2196 niemahlen hallten könne. Deßhalben sie auf liberation wider
2270 2171 3677 2276 ihme geschloßen. Cogn. Weillen er lauth producierten Schreiben von Richter
2267 2230 3653 2352 allhier einicher maßen erbene, item darinnen versprochen sich
2279 2315 3671 2431 balld nach osteren einzufinden. Als solle sie sich annoch 6 Wochen
2270 2353 3656 2490 gedulden, nicht aber trachten ihne zu entdeken, solchen ihr
2264 2440 3670 2552 nachwarben. Collminiers und deßen legalisirte Attestat wo
2264 2501 3670 2631 müglich zur hand bringen, sich nachwährts vor min gnädiger Herr stellen und
2243 2542 3659 2709 dantzumahlen min gnädiger Herr die gültig oder ungültigkeit der Ehever¬
2261 2607 3659 2798 sprechung Examiniert, und erkennen werden, waß nachher sein wirden
3314 2672 3633 2757 vide infra 128.
