4032 3024
432 1656 511 1749 17.
458 1127 528 1216 16.
467 210 549 335 15.
590 165 1995 337 durch ein Schreiben von Wallontschweylen wurden mine gnädigen Herren berichtet, wie
595 251 2012 397 daß Johannes April von Erlach, welchen und Maurer von gedachten
579 320 1963 468 Wallontschweill bereits den 21. febr vor minen gnädigen Herren der schwängerung
597 375 1956 543 halber beklagt und die den 13. Mertz darauf under gnugsammen
604 453 1982 589 examination kindts genäsen und beständig auf ihme als vatter
579 540 1964 668 des kindts beharret, sothane klag allerdings verneine, obschon
585 582 1977 715 sie ihme under augen erhallten, daß er sie von anfang biß zu und
588 671 1995 791 July 4 mahl beschlaffen, übrigens seye sie im eyd wohl underwiesen
588 722 1960 850 worden, und habe guthe erkandtnuß darvon. Cogn. Schreiben nach klich¬
583 794 1927 919 Lindach und Wallontschweyll beide im eyd zu instruieren, auf
593 870 2006 993 Den 30. diß har zu hallten und minen gnädigen Herren ihrer empfangenen eydts instruction
583 933 2001 1062 zu berichten, item Schreiben nach den bericht seines lümden einzusanden, den 30.
590 1002 1988 1124 hatt er den eyd gethan, hiemit liberiert ihret wegen vortrag. Vide infra.
604 1078 1864 1238 Erschinne Marquerithe Rossier und producierte einen
593 1142 1976 1288 Authentischen A Actum von Pätterlingen, des inhalts
572 1235 1970 1387 daß ihr ehemann Daniel Viulliomet von allda sie bereits
599 1320 1969 1470 seith 8 Jahren maliciose verlaßen, deß wegen sie die
568 1405 1905 1551 schiedigung wider ihne begahret. Cogn: such brieff
595 1464 1986 1565 Den 9. tag ward ihra, weillen sie in certificat von der Recrüe sammer
587 1519 1994 1633 aufgewiesen, daß er 2 monath nachdemme er dienst genommen, auß
583 1572 1623 1690 gerissen seye, der Bußlen ertheilt. Vide infra. 345
601 1627 1967 1787 Erschinne mit einem begleiten s von Bello Madle Spring
594 1701 1957 1844 von allda, so fehrn sub 9. octobris letsthin der schwängerung
588 1783 1970 1909 halb beklagt Bendicht Straub auch von allda und in ihrer
584 1853 1953 1994 genist, welche den 1. mertz geschechen, auf ihme als vatter
595 1928 1916 2069 ihres Kinds verharret, blibe auf ihrer Klager aber
593 2007 1981 2156 auf der negatif auß das S. hatten mine gnädigen Herren zu ersechen, daß
581 2072 1971 2224 sie beide im nider instruiert worden, welcher aber nicht
590 2158 1961 2294 gethan worden, weillen sie angebracht, ob sollten er ihre
590 2235 1970 2365 zu vertuschung deß kindte 300 kronen anerbotten haben.
602 2322 1979 2466 laßen, deßen David Streith und andere mehr büßen,
575 2409 1973 2519 schafft habind, Cogn. S. nach Bello alle die jenigen, so
586 2463 1987 2594 wüßenschafft sagten haben möchten und erkennen werde.
593 2542 1947 2685 auf den 16. diß her zu hallten, item S. nach Hraedton den
589 2622 1967 2759 Johanns Guthman auf gleiche zeith har zu hallten, vide
600 2712 914 2805 infra 166
2101 1016 2196 1114 20.
2101 1568 2203 1685 21.
2091 2110 2192 2215 22.
2149 211 2232 283 18
2133 588 2215 687 19
2286 198 3698 334 erschinne Barbara Nydenegger und begährte einen
2261 265 3670 391 Rufdbrief wider ihren bruthettestati von Buchsen vor 8
2267 338 3703 479 jahren außgetrettenen ehemann Bendicht Hofer von
2264 415 3400 562 Diemers beill. Cogn Stahbl. Vide infra 252.
2253 550 3698 691 Vide Conc. vom 25. apr wegen Madle Neühauß von Seedorff
2276 633 3670 767 so ihr kind dem brönner Spöhri von Schnohen zu eignet, der
2271 704 3675 834 diesere klag aber laugnet. Cogn S. nach Schupfen und
2253 787 3662 911 Seedorff beide im eid zu instruieren auf den 30. diß har zu
2281 851 3696 996 hallten und ihrer nichts instruction und lümbde zu berichten
2273 920 3494 1055 Den 30. hatt er des nid gethan, hiemit liberiert, ihretwegen vortragen.
2271 1014 3645 1126 Vide conc. vom 11. tag April er ihmme Anna Nächer und begährte
2261 1091 3687 1214 schiedigung wider Christian Frey ihren ehemann von Stäfisburg
2262 1164 3576 1295 weillen er vor ohngefahr und wochen die gantze nacht mit
2271 1227 3690 1370 Elsbeth Baumer von Binders weill lauth ihrer eignen gestandt
2264 1322 3657 1440 daß die gantze in gleichem betth gelägen, Cogn: S. nach
2253 1375 3661 1483 Stäfisburg solchen über 8 tag har zu hallten, den 23. ward ihr
2247 1472 3663 1563 Weillen ihne des both durch herren Chorweibel allhier versöhnlich bezogen, item
2246 1502 3655 1618 solcher s: sy zum 2ten mahl cittiert worden, deßen ohngeacht aber das rechten
2264 1544 3109 1643 daseriert, der schidigung wider ihne ertheilt.
2259 1611 3652 1736 durch ein s von Münsigen wurden mine gnädigen Herren berichtet, wie daß
2249 1674 3656 1810 Anna Hauser von alles dorten mit einem ohnehelichen kind
2271 1740 3669 1867 ankommen und solches der Hans Niclaus von Reiß zu ge¬
2255 1817 3670 1942 eignet habe, der würklichen den 2ten ehebruch mit ihra be¬
2253 1884 3642 2000 gangen und hinder Röthenbach in einem lechen wohne
2267 1957 3621 2093 Cogn: S. nach Röthenbach selbigen über 8 tag har zu hallten.
2244 2012 2538 2114 Vide infra 39.
2228 2064 3647 2210 vide voriges Man erschine Danniel Jaussi von Wattenweil
2255 2157 3619 2265 und begährte einen extract der sein und der Annas fullfer
2251 2243 3635 2357 auch fern allda ergangener erkandtnuß Cogn: Weillen ihme
2244 2314 3633 2403 bereits bey lebzithen seiner Ehefrau alle frequentation mit der
2230 2359 3626 2494 fulferin bey Ehebruchs straff verbotten worden, solle er seines
2239 2445 3641 2575 begahrens abgewiesen sein, wegen seines unverschamten begähren
2234 2511 3602 2627 unns den 24 stq: hinunder gesetzt worden den 23.
2242 2595 3618 2704 Juli nachwerts, ward gedachtem Jaussi auf intercession und Reco¬
2251 2653 3629 2796 mendation in des ehrbahrkeit zu Wattenwyl bewilligung ertheilt sich mit
2251 2735 3110 2864 obiger fulferin sich verehelichen zu könten,
