<?xml version="1.0" encoding="UTF-8" standalone="yes"?>
<PcGts xmlns="http://schema.primaresearch.org/PAGE/gts/pagecontent/2013-07-15" xmlns:xsi="http://www.w3.org/2001/XMLSchema-instance" xsi:schemaLocation="http://schema.primaresearch.org/PAGE/gts/pagecontent/2013-07-15 http://schema.primaresearch.org/PAGE/gts/pagecontent/2013-07-15/pagecontent.xsd">
    <Metadata>
        <Creator>prov=University of Rostock/Institute of Mathematics/CITlab|PLANET AI GmbH/Gundram Leifert/gundram.leifert@planet-ai.de:name=German_Kurrent_XVI-XVIII_M1(htr_id=19584)::::v=2.6.7
prov=University of Rostock/Institute of Mathematics/CITlab|PLANET AI GmbH/Tobias Gruening/tobias.gruening@planet-ai.de:name=de.uros.citlab.module.baseline2polygon.B2PSeamMultiOriented:v=2.6.7
prov=University of Rostock/Institute of Mathematics/CITlab|PLANET AI GmbH/Tobias Gruening/tobias.gruening@planet-ai.de:name=/net_tf/LA73_249_0mod360.pb:de.uros.citlab.segmentation.CITlab_LA_ML:v=2.6.7
Transkribus</Creator>
        <Created>2021-10-08T15:45:23.013+02:00</Created>
        <LastChange>2021-11-10T17:17:03.195+01:00</LastChange>
        <TranskribusMetadata docId="799676" pageId="30074065" pageNr="10" tsid="67889393" status="GT" userId="99927" imgUrl="https://files.transkribus.eu/Get?id=AQJODOJAYEBSKWOZIDXRZIKW&amp;fileType=view" xmlUrl="https://files.transkribus.eu/Get?id=QAEYIGXJCXZBEHVPRVMMXDSR" imageId="23618656"/>
    </Metadata>
    <Page imageFilename="IMG_4718.jpg" imageWidth="4032" imageHeight="3024">
        <ReadingOrder>
            <OrderedGroup id="ro_1687514760558" caption="Regions reading order">
                <RegionRefIndexed index="0" regionRef="r1"/>
                <RegionRefIndexed index="1" regionRef="r2"/>
                <RegionRefIndexed index="2" regionRef="r3"/>
                <RegionRefIndexed index="3" regionRef="r4"/>
                <RegionRefIndexed index="4" regionRef="r5"/>
                <RegionRefIndexed index="5" regionRef="r6"/>
                <RegionRefIndexed index="6" regionRef="r7"/>
                <RegionRefIndexed index="7" regionRef="r8"/>
                <RegionRefIndexed index="8" regionRef="r9"/>
                <RegionRefIndexed index="9" regionRef="r10"/>
            </OrderedGroup>
        </ReadingOrder>
        <TextRegion orientation="0.0" id="r1" custom="readingOrder {index:0;}">
            <Coords points="510,1034 510,1190 579,1190 579,1034"/>
            <TextLine id="r1l1" custom="readingOrder {index:0;}">
                <Coords points="503,1163 512,1162 534,1173 539,1170 548,1173 575,1148 589,1150 581,1062 569,1061 557,1071 550,1068 538,1073 520,1067 505,1078 496,1078"/>
                <Baseline points="510,1140 544,1134 579,1134"/>
                <TextEquiv>
                    <Unicode>44</Unicode>
                </TextEquiv>
            </TextLine>
            <TextEquiv>
                <Unicode>44</Unicode>
            </TextEquiv>
        </TextRegion>
        <TextRegion orientation="0.0" id="r2" custom="readingOrder {index:1;}">
            <Coords points="525,2137 525,2288 591,2288 591,2137"/>
            <TextLine id="r2l1" custom="readingOrder {index:0;}">
                <Coords points="515,2277 524,2277 534,2268 543,2267 565,2248 600,2248 601,2169 589,2167 582,2159 568,2163 557,2156 552,2161 517,2164"/>
                <Baseline points="525,2237 558,2238 591,2238"/>
                <TextEquiv>
                    <Unicode>45.</Unicode>
                </TextEquiv>
            </TextLine>
            <TextEquiv>
                <Unicode>45.</Unicode>
            </TextEquiv>
        </TextRegion>
        <TextRegion orientation="0.0" id="r3" custom="readingOrder {index:2;}">
            <Coords points="531,193 531,347 609,347 609,193"/>
            <TextLine id="r3l1" custom="readingOrder {index:0;}">
                <Coords points="524,332 552,335 561,341 573,331 585,333 601,324 619,324 618,244 598,243 591,236 579,241 556,236 545,240 534,231 522,233"/>
                <Baseline points="531,297 557,295 583,293 609,297"/>
                <TextEquiv>
                    <Unicode>45.</Unicode>
                </TextEquiv>
            </TextLine>
            <TextEquiv>
                <Unicode>45.</Unicode>
            </TextEquiv>
        </TextRegion>
        <TextRegion orientation="0.0" id="r4" custom="readingOrder {index:3;}">
            <Coords points="648,210 648,2656 2039,2656 2039,210"/>
            <TextLine id="r4l1" custom="readingOrder {index:0;} place {offset:22; length:6;}">
                <Coords points="666,323 1433,252 1627,290 1744,246 1820,288 2025,273 2021,203 1928,168 661,217"/>
                <Baseline points="674,299 741,299 808,297 875,296 942,292 1009,288 1076,284 1143,279 1210,274 1277,269 1344,264 1411,258 1478,255 1545,251 1612,248 1679,246 1746,246 1813,246 1880,249 1947,254 2015,260"/>
                <TextEquiv>
                    <Unicode>durch ein proced: von Bierre wurden minen gnädigen Herrn berichtet, wie</Unicode>
                </TextEquiv>
            </TextLine>
            <TextLine id="r4l2" custom="readingOrder {index:1;} person {offset:4; length:13;} person {offset:37; length:11;}">
                <Coords points="658,416 919,376 976,412 1166,358 1369,381 1445,339 1837,334 1910,375 1991,296 1898,310 1748,245 1517,295 1433,251 1259,316 1194,282 1140,329 1056,286 1000,328 653,328"/>
                <Baseline points="665,390 731,387 797,383 863,379 929,374 995,369 1061,365 1127,358 1193,354 1259,348 1325,344 1391,338 1457,335 1523,332 1589,329 1655,327 1721,326 1787,327 1853,329 1919,331 1985,335"/>
                <TextEquiv>
                    <Unicode>Daß Susanne Holay von allda sich deß Jacob Janin auß</Unicode>
                </TextEquiv>
            </TextLine>
            <TextLine id="r4l3" custom="readingOrder {index:2;} place {offset:4; length:19;}">
                <Coords points="646,510 1559,408 1670,464 1903,413 2006,461 2042,370 1444,340 1311,405 1169,358 891,436 703,395 642,444"/>
                <Baseline points="653,476 722,471 791,467 860,462 929,456 998,450 1067,443 1137,437 1206,430 1275,425 1344,419 1413,413 1482,410 1551,406 1621,404 1690,402 1759,402 1828,404 1897,407 1966,412 2036,420"/>
                <TextEquiv>
                    <Unicode>dem Neuenburger gepieth verbündungen, so dorthen</Unicode>
                </TextEquiv>
            </TextLine>
            <TextLine id="r4l4" custom="readingOrder {index:3;}">
                <Coords points="660,577 854,602 911,543 1322,509 1454,562 1695,488 2027,536 2024,456 1915,422 1667,463 1534,410 1414,467 1176,434 912,511 657,503"/>
                <Baseline points="668,557 735,552 803,547 870,542 938,536 1005,529 1073,524 1140,518 1208,512 1275,508 1343,503 1410,499 1478,497 1545,495 1613,494 1680,494 1748,495 1815,497 1883,502 1950,507 2018,515"/>
                <TextEquiv>
                    <Unicode>vergangen, widersezet habe, auf seine oppositionen</Unicode>
                </TextEquiv>
            </TextLine>
            <TextLine id="r4l5" custom="readingOrder {index:4;}">
                <Coords points="667,684 771,621 1163,637 1470,584 2017,638 2014,541 1904,549 1844,498 1662,538 1560,502 1457,562 1325,511 1247,556 1102,520 1026,574 910,542 850,601 664,578"/>
                <Baseline points="674,630 740,627 807,624 873,620 940,616 1007,611 1073,608 1140,603 1206,599 1273,596 1340,591 1406,588 1473,586 1539,584 1606,584 1672,584 1739,585 1806,587 1872,591 1939,596 2006,602"/>
                <TextEquiv>
                    <Unicode>aber guthwillig von ihrer vermeinten eheversprechung</Unicode>
                </TextEquiv>
            </TextLine>
            <TextLine id="r4l6" custom="readingOrder {index:5;}">
                <Coords points="688,755 877,699 1166,724 1451,673 1617,719 1808,675 2013,711 1982,623 1737,650 1476,584 1276,651 967,673 768,624 686,663"/>
                <Baseline points="695,707 760,704 825,701 891,697 956,694 1022,691 1087,687 1152,684 1218,681 1283,678 1349,675 1414,674 1479,672 1545,672 1610,672 1676,672 1741,674 1806,676 1872,680 1937,684 2003,690"/>
                <TextEquiv>
                    <Unicode>abgestanden seye. Cogn: Weillen sie guthwillig von</Unicode>
                </TextEquiv>
            </TextLine>
            <TextLine id="r4l7" custom="readingOrder {index:6;}">
                <Coords points="681,815 1358,757 2046,811 2045,714 1790,681 1706,729 1578,688 1333,733 1202,694 1133,740 1065,688 681,743"/>
                <Baseline points="690,792 757,788 824,783 891,779 959,776 1026,772 1093,768 1161,766 1228,764 1295,762 1363,761 1430,759 1497,759 1564,759 1632,761 1699,763 1766,765 1834,769 1901,774 1968,778 2036,785"/>
                <TextEquiv>
                    <Unicode>ihrer Ehe anspruch abgestanden, und kein beyschlafe vor¬</Unicode>
                </TextEquiv>
            </TextLine>
            <TextLine id="r4l8" custom="readingOrder {index:7;}">
                <Coords points="669,901 958,847 1164,887 1333,838 2030,870 1649,763 1451,802 1361,758 928,779 668,846"/>
                <Baseline points="678,870 745,864 812,860 879,855 946,852 1013,847 1080,844 1148,842 1215,840 1282,839 1349,837 1416,837 1483,837 1550,838 1618,840 1685,842 1752,845 1819,849 1886,853 1953,857 2021,863"/>
                <TextEquiv>
                    <Unicode>gangen, wollend mine gnädigen Herren diesers desistement angenommen,</Unicode>
                </TextEquiv>
            </TextLine>
            <TextLine id="r4l9" custom="readingOrder {index:8;}">
                <Coords points="671,976 957,932 1054,975 1116,924 1261,970 1456,917 1537,958 1981,967 2030,963 2030,892 1400,840 1334,889 928,854 671,930"/>
                <Baseline points="680,951 747,945 814,941 881,936 948,932 1015,929 1082,926 1149,923 1216,921 1283,920 1351,920 1418,920 1485,921 1552,923 1619,926 1686,929 1753,933 1820,938 1887,943 1954,950 2022,957"/>
                <TextEquiv>
                    <Unicode>mithin aber ihme bewilliget haben, mit den verbündung</Unicode>
                </TextEquiv>
            </TextLine>
            <TextLine id="r4l10" custom="readingOrder {index:9;} place {offset:50; length:7;}">
                <Coords points="656,1054 1110,1074 1306,1013 1439,1061 1735,1017 1874,1055 1967,1044 1967,978 1542,960 1482,920 1378,975 1150,931 1055,976 966,934 800,992 655,971"/>
                <Baseline points="665,1031 729,1024 794,1019 858,1015 923,1010 988,1008 1052,1005 1117,1004 1182,1004 1246,1004 1311,1004 1376,1004 1440,1005 1505,1005 1570,1007 1634,1008 1699,1010 1764,1010 1828,1011 1893,1011 1958,1013"/>
                <TextEquiv>
                    <Unicode>Wo erbunden forth zu fahren. Deßen Schreiben nach Bierre.</Unicode>
                </TextEquiv>
            </TextLine>
            <TextLine id="r4l11" custom="readingOrder {index:10;} person {offset:38; length:15;}">
                <Coords points="645,1152 1149,1150 1239,1197 1299,1152 1914,1170 2019,1210 2021,1106 1974,1098 1692,1119 1551,1062 1225,1126 1032,1060 647,1068"/>
                <Baseline points="654,1145 721,1145 789,1145 857,1145 925,1145 993,1145 1060,1146 1128,1146 1196,1148 1264,1149 1332,1151 1399,1152 1467,1154 1535,1157 1603,1159 1671,1163 1738,1166 1806,1170 1874,1174 1942,1178 2010,1184"/>
                <TextEquiv>
                    <Unicode>Vide Voriges Man: Nun erscheint Herrn Abraham La Suse seiden</Unicode>
                </TextEquiv>
            </TextLine>
            <TextLine id="r4l12" custom="readingOrder {index:11;} person {offset:27; length:13;} place {offset:45; length:10;}">
                <Coords points="682,1231 1807,1240 1938,1297 2018,1269 2019,1211 1918,1171 1261,1202 1026,1146 684,1162"/>
                <Baseline points="692,1217 757,1217 823,1217 889,1217 955,1218 1021,1220 1087,1220 1153,1221 1219,1223 1285,1224 1351,1226 1416,1227 1482,1230 1548,1232 1614,1233 1680,1236 1746,1239 1812,1242 1878,1244 1944,1248 2010,1251"/>
                <TextEquiv>
                    <Unicode>fabricant allhier, welchem Barbara Dantz von Merkilchen</Unicode>
                </TextEquiv>
            </TextLine>
            <TextLine id="r4l13" custom="readingOrder {index:12;} AUSDR {offset:0; length:19;}">
                <Coords points="669,1322 984,1288 1033,1323 1092,1285 1353,1324 2013,1310 2013,1269 1887,1288 1846,1246 670,1253"/>
                <Baseline points="678,1292 744,1289 810,1289 876,1287 943,1287 1009,1287 1075,1287 1142,1289 1208,1289 1274,1290 1341,1292 1407,1294 1473,1296 1539,1298 1606,1301 1672,1302 1738,1305 1805,1308 1871,1310 1937,1313 2004,1316"/>
                <TextEquiv>
                    <Unicode>ihr kind zugeeignet, ihr sieheren klag aber verneinet</Unicode>
                </TextEquiv>
            </TextLine>
            <TextLine id="r4l14" custom="readingOrder {index:13;}">
                <Coords points="671,1389 1152,1352 1993,1403 1994,1327 1918,1310 1863,1345 1496,1294 1403,1339 1096,1286 1023,1331 672,1321"/>
                <Baseline points="680,1370 745,1366 810,1364 875,1361 941,1359 1006,1359 1071,1358 1136,1358 1202,1358 1267,1359 1332,1359 1397,1361 1463,1362 1528,1364 1593,1367 1658,1368 1724,1371 1789,1373 1854,1376 1919,1379 1985,1380"/>
                <TextEquiv>
                    <Unicode>und sich derenthalb eydtlich entschüttet, dahero mine gnädigen Herren</Unicode>
                </TextEquiv>
            </TextLine>
            <TextLine id="r4l15" custom="readingOrder {index:14;}">
                <Coords points="650,1458 1273,1429 1378,1475 1425,1434 1548,1446 1653,1505 1787,1459 2010,1494 2037,1392 651,1381"/>
                <Baseline points="659,1440 727,1437 795,1434 864,1431 932,1430 1001,1428 1069,1428 1137,1428 1206,1428 1274,1430 1343,1431 1411,1433 1479,1434 1548,1437 1616,1439 1685,1442 1753,1445 1821,1448 1890,1451 1958,1454 2027,1457"/>
                <TextEquiv>
                    <Unicode>seinet halb alleß gott und der zeith heimbgestellt, sie darf</Unicode>
                </TextEquiv>
            </TextLine>
            <TextLine id="r4l16" custom="readingOrder {index:15;}">
                <Coords points="670,1513 775,1560 1013,1510 1081,1544 1222,1496 1365,1497 1473,1555 1621,1532 1621,1468 1450,1431 1383,1476 1273,1430 1054,1438 988,1475 859,1438 829,1465 670,1449"/>
                <Baseline points="680,1506 726,1506 773,1506 819,1505 866,1505 913,1503 959,1502 1006,1501 1053,1500 1099,1499 1146,1497 1193,1497 1239,1497 1286,1497 1333,1497 1379,1498 1426,1500 1473,1502 1519,1504 1566,1508 1613,1512"/>
                <TextEquiv>
                    <Unicode>aber mine gnädigen Herren von Rathen verleiden laßen.</Unicode>
                </TextEquiv>
            </TextLine>
            <TextLine id="r4l17" custom="readingOrder {index:16;} date {offset:0; length:24;}">
                <Coords points="818,1775 1018,1797 1112,1746 1449,1744 1571,1794 1674,1792 1674,1686 1457,1649 1335,1636 1271,1680 1209,1650 1108,1675 1054,1636 902,1655 818,1698"/>
                <Baseline points="828,1748 869,1744 911,1742 953,1739 995,1738 1037,1737 1079,1736 1120,1736 1162,1737 1204,1737 1246,1737 1288,1739 1330,1739 1372,1740 1413,1741 1455,1742 1497,1742 1539,1742 1581,1742 1623,1740 1665,1739"/>
                <TextEquiv>
                    <Unicode>Montags den 23. May 1729</Unicode>
                </TextEquiv>
            </TextLine>
            <TextLine id="r4l18" custom="readingOrder {index:17;}">
                <Coords points="1102,1881 1120,1881 1180,1842 1215,1853 1235,1844 1254,1850 1273,1830 1321,1852 1349,1846 1365,1861 1379,1855 1380,1769 1316,1772 1293,1786 1242,1754 1205,1765 1191,1754 1102,1745"/>
                <Baseline points="1110,1836 1136,1832 1162,1830 1188,1829 1214,1829 1240,1830 1266,1830 1292,1832 1318,1832 1344,1833 1371,1832"/>
                <TextEquiv>
                    <Unicode>Praeses.</Unicode>
                </TextEquiv>
            </TextLine>
            <TextLine id="r4l19" custom="readingOrder {index:18;} person {offset:29; length:7;}">
                <Coords points="891,1937 1016,1961 1179,1912 1255,1950 1322,1924 1449,1960 1485,1941 1552,1954 1580,1947 1581,1830 1496,1823 1358,1868 1275,1830 1146,1861 1072,1839 944,1847 891,1880"/>
                <Baseline points="899,1916 932,1914 966,1914 999,1914 1033,1914 1067,1913 1100,1913 1134,1914 1167,1914 1201,1914 1235,1914 1268,1914 1302,1916 1335,1916 1369,1916 1403,1917 1436,1917 1470,1917 1503,1917 1537,1919 1571,1919"/>
                <TextEquiv>
                    <Unicode>Min gnädiger Herr Rathsherr. Jenner.</Unicode>
                </TextEquiv>
            </TextLine>
            <TextLine id="r4l20" custom="readingOrder {index:19;}">
                <Coords points="1073,2020 1127,2038 1172,2012 1221,2040 1264,2000 1312,2011 1347,1991 1409,2016 1408,1945 1355,1944 1315,1924 1256,1949 1223,1919 1191,1916 1145,1926 1126,1945 1071,1937"/>
                <Baseline points="1082,1997 1108,1996 1135,1994 1161,1992 1188,1991 1214,1989 1241,1989 1267,1988 1294,1988 1320,1988 1347,1989 1373,1989 1400,1991"/>
                <TextEquiv>
                    <Unicode>Assessores</Unicode>
                </TextEquiv>
            </TextLine>
            <TextLine id="r4l21" custom="readingOrder {index:20;} person {offset:34; length:5;} person {offset:61; length:6;} person {offset:74; length:7;}">
                <Coords points="639,2076 1548,2076 1956,2148 2048,2100 2050,2052 1339,1992 1120,2040 644,1955"/>
                <Baseline points="648,2052 717,2054 787,2055 856,2057 926,2058 995,2060 1065,2062 1134,2064 1204,2066 1273,2069 1343,2071 1413,2073 1482,2076 1552,2079 1621,2082 1691,2085 1760,2090 1830,2093 1899,2096 1969,2101 2039,2105"/>
                <TextEquiv>
                    <Unicode>Min gnädiger Herrn Oces Exc, Herr Dachs an deßen stell herrn Morell, herr discher</Unicode>
                </TextEquiv>
            </TextLine>
            <TextLine id="r4l22" custom="readingOrder {index:21;} person {offset:5; length:3;} person {offset:37; length:14;} place {offset:41; length:10;}">
                <Coords points="668,2148 886,2136 1165,2194 1467,2154 1725,2213 1937,2183 1939,2115 1848,2100 1352,2103 1179,2054 972,2102 671,2078"/>
                <Baseline points="678,2129 740,2127 803,2126 865,2126 928,2126 990,2127 1053,2127 1115,2130 1178,2132 1240,2133 1303,2136 1366,2139 1428,2142 1491,2145 1553,2148 1616,2151 1678,2154 1741,2157 1803,2159 1866,2162 1929,2165"/>
                <TextEquiv>
                    <Unicode>herr May an deß letsten stell Herren von Burgistein filig.</Unicode>
                </TextEquiv>
            </TextLine>
            <TextLine id="r4l23" custom="readingOrder {index:22;} person {offset:10; length:26;}">
                <Coords points="676,2262 1868,2293 1987,2276 1988,2227 901,2160 677,2191"/>
                <Baseline points="684,2250 748,2250 813,2249 878,2249 943,2250 1007,2250 1072,2252 1137,2253 1202,2255 1266,2256 1331,2258 1396,2259 1461,2262 1525,2264 1590,2265 1655,2267 1720,2268 1784,2270 1849,2271 1914,2273 1979,2273"/>
                <TextEquiv>
                    <Unicode>Ward Herr Johann Friderich Prettelli von allhier mit</Unicode>
                </TextEquiv>
            </TextLine>
            <TextLine id="r4l24" custom="readingOrder {index:23;} person {offset:5; length:22;} person {offset:44; length:8;}">
                <Coords points="650,2361 1079,2386 1174,2344 1446,2345 1666,2410 1968,2392 2007,2316 1690,2328 1566,2274 1295,2296 959,2248 752,2250 651,2306"/>
                <Baseline points="659,2342 725,2339 792,2337 859,2336 926,2336 993,2336 1060,2336 1127,2337 1194,2339 1261,2341 1328,2343 1394,2346 1461,2348 1528,2351 1595,2352 1662,2355 1729,2357 1796,2359 1863,2361 1930,2362 1997,2363"/>
                <TextEquiv>
                    <Unicode>Frau Maria Elisabeth Bemmet einer gebohrnen Stettler</Unicode>
                </TextEquiv>
            </TextLine>
            <TextLine id="r4l25" custom="readingOrder {index:24;}">
                <Coords points="657,2452 668,2451 674,2443 686,2449 705,2429 728,2443 752,2440 745,2377 727,2375 714,2381 700,2370 692,2372 673,2362 648,2363"/>
                <Baseline points="663,2421 689,2413 715,2411 741,2412"/>
                <TextEquiv>
                    <Unicode>von</Unicode>
                </TextEquiv>
            </TextLine>
            <TextLine id="r4l26" custom="readingOrder {index:25;} person {offset:5; length:14;} person {offset:24; length:6; continued:true;}">
                <Coords points="1133,2456 1296,2434 1391,2462 1497,2427 1578,2465 1716,2441 1825,2477 1900,2448 1958,2467 2038,2441 2039,2365 1777,2407 1707,2384 1650,2415 1407,2358 1249,2408 1134,2401"/>
                <Baseline points="1142,2432 1186,2430 1230,2430 1275,2430 1319,2430 1364,2431 1408,2432 1452,2433 1497,2435 1541,2436 1586,2438 1630,2439 1674,2440 1719,2441 1763,2442 1808,2442 1852,2442 1896,2442 1941,2442 1985,2441 2030,2439"/>
                <TextEquiv>
                    <Unicode>item Jacob Benelatt mit Magda¬</Unicode>
                </TextEquiv>
            </TextLine>
            <TextLine id="r4l27" custom="readingOrder {index:26;} person {offset:0; length:10; continued:true;} place {offset:15; length:7;}">
                <Coords points="663,2491 1529,2501 1656,2555 1737,2519 1925,2541 1993,2519 1995,2466 1902,2447 1826,2494 1717,2442 1178,2462 1069,2413 665,2420"/>
                <Baseline points="672,2478 737,2478 803,2480 868,2480 934,2481 1000,2483 1065,2484 1131,2487 1197,2489 1262,2492 1328,2495 1394,2498 1459,2500 1525,2502 1591,2505 1656,2508 1722,2511 1788,2513 1853,2516 1919,2519 1985,2522"/>
                <TextEquiv>
                    <Unicode>lena Klaus von Signauw und diesem letsteren zwahr</Unicode>
                </TextEquiv>
            </TextLine>
            <TextLine id="r4l28" custom="readingOrder {index:27;} place {offset:40; length:7;}">
                <Coords points="654,2559 1460,2569 1550,2628 1654,2573 1940,2596 1988,2583 1990,2518 1641,2553 1529,2501 655,2503"/>
                <Baseline points="662,2558 727,2555 793,2553 859,2553 925,2553 991,2553 1057,2555 1122,2556 1188,2559 1254,2561 1320,2563 1386,2565 1452,2569 1518,2571 1583,2573 1649,2576 1715,2577 1781,2579 1847,2580 1913,2580 1979,2580"/>
                <TextEquiv>
                    <Unicode>under vorbehalt 12 mahl verbundungen zu Signaub</Unicode>
                </TextEquiv>
            </TextLine>
            <TextLine id="r4l29" custom="readingOrder {index:28;}">
                <Coords points="661,2662 850,2674 926,2617 1020,2665 1088,2627 1171,2657 1217,2643 1271,2683 1397,2657 1398,2592 1193,2590 1153,2563 1107,2580 1057,2559 1000,2585 937,2550 827,2596 729,2560 663,2591"/>
                <Baseline points="671,2625 706,2625 742,2625 778,2625 814,2625 850,2625 886,2625 921,2625 957,2626 993,2627 1029,2627 1065,2627 1101,2628 1137,2628 1172,2630 1208,2631 1244,2632 1280,2633 1316,2636 1352,2637 1388,2639"/>
                <TextEquiv>
                    <Unicode>kirchen recht zu hallten bewilliget,</Unicode>
                </TextEquiv>
            </TextLine>
            <TextEquiv>
                <Unicode>durch ein proced: von Bierre wurden minen gnädigen Herrn berichtet, wie&#13;
Daß Susanne Holay von allda sich deß Jacob Janin auß&#13;
dem Neuenburger gepieth verbündungen, so dorthen&#13;
vergangen, widersezet habe, auf seine oppositionen&#13;
aber guthwillig von ihrer vermeinten eheversprechung&#13;
abgestanden seye. Cogn: Weillen sie guthwillig von&#13;
ihrer Ehe anspruch abgestanden, und kein beyschlafe vor¬&#13;
gangen, wollend mine gnädigen Herren diesers desistement angenommen,&#13;
mithin aber ihme bewilliget haben, mit den verbündung&#13;
Wo erbunden forth zu fahren. Deßen Schreiben nach Bierre.&#13;
Vide Voriges Man: Nun erscheint Herrn Abraham La Suse seiden&#13;
fabricant allhier, welchem Barbara Dantz von Merkilchen&#13;
ihr kind zugeeignet, ihr sieheren klag aber verneinet&#13;
und sich derenthalb eydtlich entschüttet, dahero mine gnädigen Herren&#13;
seinet halb alleß gott und der zeith heimbgestellt, sie darf&#13;
aber mine gnädigen Herren von Rathen verleiden laßen.&#13;
Montags den 23. May 1729&#13;
Praeses.&#13;
Min gnädiger Herr Rathsherr. Jenner.&#13;
Assessores&#13;
Min gnädiger Herrn Oces Exc, Herr Dachs an deßen stell herrn Morell, herr discher&#13;
herr May an deß letsten stell Herren von Burgistein filig.&#13;
Ward Herr Johann Friderich Prettelli von allhier mit&#13;
Frau Maria Elisabeth Bemmet einer gebohrnen Stettler&#13;
von&#13;
item Jacob Benelatt mit Magda¬&#13;
lena Klaus von Signauw und diesem letsteren zwahr&#13;
under vorbehalt 12 mahl verbundungen zu Signaub&#13;
kirchen recht zu hallten bewilliget,</Unicode>
            </TextEquiv>
        </TextRegion>
        <TextRegion orientation="0.0" id="r5" custom="readingOrder {index:4;}">
            <Coords points="2019,896 2019,1051 2034,1051 2034,896"/>
            <TextLine id="r5l1" custom="readingOrder {index:0;}">
                <Coords points="1998,1032 2008,1036 2017,1031 2032,1038 2077,904 2065,900 2057,886 2049,883"/>
                <Baseline points="2019,996 2034,1001"/>
                <TextEquiv>
                    <Unicode>d</Unicode>
                </TextEquiv>
            </TextLine>
            <TextEquiv>
                <Unicode>d</Unicode>
            </TextEquiv>
        </TextRegion>
        <TextRegion orientation="0.0" id="r6" custom="readingOrder {index:5;}">
            <Coords points="2133,1393 2133,1972 2211,1972 2211,1393"/>
            <TextLine id="r6l1" custom="readingOrder {index:0;}">
                <Coords points="2126,1536 2164,1536 2178,1523 2221,1525 2216,1430 2202,1430 2180,1417 2166,1427 2163,1425 2148,1442 2140,1438 2137,1442 2121,1441"/>
                <Baseline points="2133,1497 2159,1495 2185,1493 2211,1494"/>
                <TextEquiv>
                    <Unicode>48.</Unicode>
                </TextEquiv>
            </TextLine>
            <TextLine id="r6l2" custom="readingOrder {index:1;}">
                <Coords points="2137,1948 2147,1947 2160,1957 2166,1957 2173,1954 2182,1943 2202,1945 2197,1866 2179,1865 2172,1868 2168,1864 2163,1867 2151,1864 2147,1868 2131,1867"/>
                <Baseline points="2144,1922 2192,1919"/>
                <TextEquiv>
                    <Unicode>49</Unicode>
                </TextEquiv>
            </TextLine>
            <TextEquiv>
                <Unicode>48.
49</Unicode>
            </TextEquiv>
        </TextRegion>
        <TextRegion orientation="0.0" id="r7" custom="readingOrder {index:6;}">
            <Coords points="2159,854 2159,1007 2225,1007 2225,854"/>
            <TextLine id="r7l1" custom="readingOrder {index:0;}">
                <Coords points="2149,988 2160,988 2170,999 2178,1000 2188,990 2204,986 2211,979 2234,977 2234,912 2216,912 2211,907 2185,903 2160,923 2149,921"/>
                <Baseline points="2159,957 2192,954 2225,957"/>
                <TextEquiv>
                    <Unicode>47.</Unicode>
                </TextEquiv>
            </TextLine>
            <TextEquiv>
                <Unicode>47.</Unicode>
            </TextEquiv>
        </TextRegion>
        <TextRegion orientation="0.0" id="r8" custom="readingOrder {index:7;}">
            <Coords points="2159,187 2159,340 2225,340 2225,187"/>
            <TextLine id="r8l1" custom="readingOrder {index:0;}">
                <Coords points="2152,318 2163,318 2176,308 2182,312 2199,300 2212,307 2234,302 2231,225 2212,229 2203,238 2193,237 2182,246 2168,242 2149,246"/>
                <Baseline points="2159,290 2192,287 2225,287"/>
                <TextEquiv>
                    <Unicode>46</Unicode>
                </TextEquiv>
            </TextLine>
            <TextEquiv>
                <Unicode>46</Unicode>
            </TextEquiv>
        </TextRegion>
        <TextRegion orientation="0.0" id="r9" custom="readingOrder {index:8;}">
            <Coords points="2259,1982 2259,2134 2274,2134 2274,1982"/>
            <TextLine id="r9l1" custom="readingOrder {index:0;}">
                <Coords points="2245,2113 2254,2114 2259,2120 2261,2118 2266,2121 2270,2118 2278,2119 2291,2032 2280,2030 2269,2036 2266,2032 2257,2030"/>
                <Baseline points="2259,2082 2274,2084"/>
                <TextEquiv>
                    <Unicode>1</Unicode>
                </TextEquiv>
            </TextLine>
            <TextEquiv>
                <Unicode>1</Unicode>
            </TextEquiv>
        </TextRegion>
        <TextRegion orientation="0.0" id="r10" custom="readingOrder {index:9;}">
            <Coords points="2258,251 2258,2640 3710,2640 3710,251"/>
            <TextLine id="r10l1" custom="readingOrder {index:0;} person {offset:10; length:13;} place {offset:28; length:7;}">
                <Coords points="2291,308 3158,285 3267,332 3523,292 3705,328 3706,262 3609,235 2292,243"/>
                <Baseline points="2301,285 2370,285 2440,284 2510,284 2580,284 2649,284 2719,284 2789,284 2859,285 2928,285 2998,287 3068,288 3138,289 3207,290 3277,291 3347,293 3417,293 3486,294 3556,296 3626,296 3696,296"/>
                <TextEquiv>
                    <Unicode>erschinne Maria Lüscher von Aarburg und brachte an, wie daß sie</Unicode>
                </TextEquiv>
            </TextLine>
            <TextLine id="r10l2" custom="readingOrder {index:1;}">
                <Coords points="2286,364 3660,366 3659,311 3598,292 2286,320"/>
                <Baseline points="2295,353 2362,351 2430,350 2498,348 2566,347 2634,345 2701,345 2769,344 2837,344 2905,344 2973,344 3040,344 3108,344 3176,345 3244,345 3312,345 3379,345 3447,347 3515,347 3583,347 3651,347"/>
                <TextEquiv>
                    <Unicode>sich schwangeren leibs befinden von dem bedienten eines welltschen</Unicode>
                </TextEquiv>
            </TextLine>
            <TextLine id="r10l3" custom="readingOrder {index:2;} person {offset:37; length:9;}">
                <Coords points="2282,438 2614,392 2840,441 3184,387 3687,401 3686,362 3566,344 2281,368"/>
                <Baseline points="2291,416 2360,411 2429,409 2498,406 2568,404 2637,401 2706,399 2776,398 2845,398 2914,396 2984,395 3053,395 3122,395 3191,395 3261,395 3330,395 3399,395 3469,395 3538,395 3607,396 3677,396"/>
                <TextEquiv>
                    <Unicode>hauptmans, so bey ihrem meister herr zechender logiert hatten und sich</Unicode>
                </TextEquiv>
            </TextLine>
            <TextLine id="r10l4" custom="readingOrder {index:3;} person {offset:0; length:17;} place {offset:27; length:9;} place {offset:42; length:14;}">
                <Coords points="2277,478 3252,443 3528,487 3658,446 3658,400 2957,391 2877,432 2614,392 2276,446"/>
                <Baseline points="2285,471 2353,470 2421,468 2489,465 2558,463 2626,461 2694,459 2762,457 2831,455 2899,453 2967,452 3035,450 3104,449 3172,448 3240,447 3308,447 3377,447 3445,447 3513,449 3581,450 3650,452"/>
                <TextEquiv>
                    <Unicode>Niclaus Schütbeth auß sein Lentzburg oder schenkenberger</Unicode>
                </TextEquiv>
            </TextLine>
            <TextLine id="r10l5" custom="readingOrder {index:4;}">
                <Coords points="2289,532 3416,498 3680,551 3718,438 3529,486 3475,444 2288,482"/>
                <Baseline points="2297,524 2367,522 2438,519 2508,518 2579,515 2650,513 2720,512 2791,510 2862,509 2932,507 3003,506 3074,506 3144,504 3215,504 3286,504 3356,504 3427,504 3498,504 3568,506 3639,507 3710,507"/>
                <TextEquiv>
                    <Unicode>Ampt genant, producierte auch eine schrifftliche eheversprechung</Unicode>
                </TextEquiv>
            </TextLine>
            <TextLine id="r10l6" custom="readingOrder {index:5;}">
                <Coords points="2271,615 2803,566 3167,605 3225,558 3496,604 3695,583 3695,525 2699,510 2514,552 2376,518 2270,564"/>
                <Baseline points="2279,591 2349,587 2419,584 2490,581 2560,578 2630,575 2701,573 2771,571 2841,570 2912,569 2982,567 3052,566 3123,566 3193,566 3263,566 3334,566 3404,566 3474,567 3545,569 3615,569 3686,570"/>
                <TextEquiv>
                    <Unicode>von ihme, sambt einer ducaten 2 französischen halben thaleren</Unicode>
                </TextEquiv>
            </TextLine>
            <TextLine id="r10l7" custom="readingOrder {index:6;}">
                <Coords points="2282,650 3491,647 3669,637 3697,594 3221,559 3170,602 2871,602 2804,566 2281,618"/>
                <Baseline points="2291,647 2360,642 2430,639 2500,635 2570,632 2640,630 2710,627 2780,626 2850,624 2920,624 2990,623 3059,623 3129,621 3199,621 3269,621 3339,621 3409,621 3479,621 3549,620 3619,620 3689,620"/>
                <TextEquiv>
                    <Unicode>einem silbernen gittschier- und anderen vierfachen ring, so er ihre</Unicode>
                </TextEquiv>
            </TextLine>
            <TextLine id="r10l8" custom="readingOrder {index:7;} place {offset:35; length:6;}">
                <Coords points="2283,721 2460,731 2544,688 2605,731 2885,672 2988,718 3097,667 3654,689 3652,620 2731,664 2645,625 2388,681 2281,650"/>
                <Baseline points="2291,705 2358,702 2426,698 2494,695 2561,692 2629,689 2697,687 2764,684 2832,683 2900,680 2968,679 3035,677 3103,676 3171,675 3238,674 3306,673 3374,672 3441,672 3509,671 3577,671 3645,669"/>
                <TextEquiv>
                    <Unicode>zum ehepfand geben. Cogn: solle zu Arberg kindts ligen und</Unicode>
                </TextEquiv>
            </TextLine>
            <TextLine id="r10l9" custom="readingOrder {index:8;} organization {offset:14; length:8;} date {offset:60; length:9;}">
                <Coords points="2253,799 2561,748 2733,789 3091,730 3623,749 3643,680 2877,673 2606,729 2538,689 2251,747"/>
                <Baseline points="2261,780 2329,772 2398,766 2467,760 2536,755 2604,750 2673,747 2742,744 2811,741 2879,738 2948,737 3017,735 3086,734 3154,734 3223,732 3292,732 3361,732 3429,732 3498,731 3567,731 3636,731"/>
                <TextEquiv>
                    <Unicode>dorten in der gemeindt lauth chorgerichtlicher Ordnung. des anno 1712 examiniert</Unicode>
                </TextEquiv>
            </TextLine>
            <TextLine id="r10l10" custom="readingOrder {index:9;} place {offset:29; length:7;}">
                <Coords points="2267,851 2429,837 2492,877 2549,829 2715,867 3363,824 3325,752 3273,779 3094,730 2993,773 2849,742 2733,789 2560,747 2477,796 2368,761 2265,793"/>
                <Baseline points="2276,839 2329,836 2383,833 2437,830 2491,827 2545,824 2599,821 2653,818 2707,815 2761,812 2815,809 2868,806 2922,804 2976,803 3030,801 3084,801 3138,801 3192,803 3246,804 3300,806 3354,810"/>
                <TextEquiv>
                    <Unicode>werden. Deßen schreiben nach Arberg. Vide infra 114</Unicode>
                </TextEquiv>
            </TextLine>
            <TextLine id="r10l11" custom="readingOrder {index:10;} place {offset:32; length:12;} person {offset:56; length:12;}">
                <Coords points="2282,961 2505,1000 3115,942 3690,975 3689,899 3533,874 3440,915 2720,869 2553,929 2386,856 2282,876"/>
                <Baseline points="2291,959 2360,959 2430,959 2499,957 2569,957 2638,956 2708,953 2777,952 2847,950 2916,948 2986,947 3055,945 3125,945 3194,944 3264,944 3333,945 3403,945 3472,948 3542,951 3611,954 3681,960"/>
                <TextEquiv>
                    <Unicode>Mit einem begleit Schreiben von Oberdießbach erschinnen Peter Müller</Unicode>
                </TextEquiv>
            </TextLine>
            <TextLine id="r10l12" custom="readingOrder {index:11;} place {offset:4; length:7;} person {offset:34; length:16;}">
                <Coords points="2270,1047 2398,1016 2562,1060 2678,1006 3065,1047 3112,999 3537,1032 3671,988 3283,939 2935,981 2590,958 2513,999 2269,971"/>
                <Baseline points="2279,1026 2348,1025 2417,1023 2486,1020 2555,1019 2624,1016 2693,1013 2763,1010 2832,1008 2901,1005 2970,1002 3039,1001 3108,999 3177,999 3247,998 3316,999 3385,1000 3454,1002 3523,1005 3592,1009 3662,1014"/>
                <TextEquiv>
                    <Unicode>von Bleiken so wider sein Ehefrau Elsbeth Bachmann, die</Unicode>
                </TextEquiv>
            </TextLine>
            <TextLine id="r10l13" custom="readingOrder {index:12;}">
                <Coords points="2280,1117 2657,1076 2750,1126 2860,1065 3086,1061 3616,1099 3698,1063 3696,1008 3448,1041 3131,1005 3068,1044 2668,1012 2278,1069"/>
                <Baseline points="2288,1095 2358,1091 2428,1088 2498,1085 2568,1082 2638,1079 2708,1076 2778,1073 2848,1070 2918,1068 2988,1067 3058,1064 3128,1062 3198,1061 3268,1061 3338,1059 3408,1059 3478,1059 3548,1059 3618,1061 3689,1061"/>
                <TextEquiv>
                    <Unicode>ihrem eigenen vor minen gnädigen Herren gethanen bekandtniß nach untrechtig</Unicode>
                </TextEquiv>
            </TextLine>
            <TextLine id="r10l14" custom="readingOrder {index:13;}">
                <Coords points="2265,1205 2598,1148 2878,1183 3023,1131 3459,1171 3648,1137 3597,1085 3365,1060 3288,1109 3229,1075 3083,1112 3027,1067 2778,1120 2644,1078 2553,1125 2416,1094 2263,1132"/>
                <Baseline points="2273,1157 2341,1157 2409,1155 2477,1152 2546,1151 2614,1149 2682,1146 2750,1143 2819,1142 2887,1139 2955,1136 3023,1134 3092,1133 3160,1131 3228,1130 3296,1130 3365,1130 3433,1131 3501,1133 3569,1136 3638,1139"/>
                <TextEquiv>
                    <Unicode>zu ehelichen werken, die schindigung begährt, welche ihme</Unicode>
                </TextEquiv>
            </TextLine>
            <TextLine id="r10l15" custom="readingOrder {index:14;}">
                <Coords points="2289,1229 2648,1213 2756,1259 3097,1205 3221,1245 3342,1199 3657,1216 3684,1146 2288,1181"/>
                <Baseline points="2297,1218 2366,1220 2435,1220 2504,1220 2573,1218 2642,1217 2711,1215 2780,1213 2849,1211 2918,1209 2987,1206 3056,1205 3125,1203 3194,1201 3263,1200 3332,1199 3401,1199 3470,1199 3539,1200 3608,1202 3677,1205"/>
                <TextEquiv>
                    <Unicode>auch nachdemme diß ihr vorgaben nach beschachenes visitation</Unicode>
                </TextEquiv>
            </TextLine>
            <TextLine id="r10l16" custom="readingOrder {index:15;}">
                <Coords points="2260,1349 2598,1288 2894,1326 3091,1277 3673,1294 3684,1207 3221,1244 2975,1209 2773,1263 2570,1216 2483,1270 2257,1222"/>
                <Baseline points="2267,1298 2337,1297 2408,1296 2478,1293 2549,1292 2619,1289 2690,1287 2760,1284 2831,1281 2901,1279 2972,1277 3042,1275 3113,1272 3183,1271 3254,1271 3324,1269 3395,1269 3465,1269 3536,1271 3606,1272 3677,1275"/>
                <TextEquiv>
                    <Unicode>durch die Gebannen erwahret, und benebens Attestiert worden.</Unicode>
                </TextEquiv>
            </TextLine>
            <TextLine id="r10l17" custom="readingOrder {index:16;}">
                <Coords points="2249,1402 3656,1350 3629,1278 3327,1269 2248,1349"/>
                <Baseline points="2258,1370 2327,1367 2396,1363 2466,1361 2535,1358 2605,1355 2674,1352 2744,1349 2813,1347 2883,1344 2952,1343 3021,1341 3091,1340 3160,1340 3230,1338 3299,1338 3369,1338 3438,1338 3508,1340 3577,1341 3647,1343"/>
                <TextEquiv>
                    <Unicode>daß kein hoffnung zur genäsung vorhanden, ertheilt ward.</Unicode>
                </TextEquiv>
            </TextLine>
            <TextLine id="r10l18" custom="readingOrder {index:17;} person {offset:10; length:21;} place {offset:40; length:12;}">
                <Coords points="2277,1536 2403,1499 2813,1500 2871,1538 3010,1500 3080,1547 3140,1509 3223,1545 3284,1509 3674,1527 3675,1440 3583,1469 3472,1415 3212,1426 3114,1478 2747,1412 2443,1453 2279,1416"/>
                <Baseline points="2286,1497 2358,1497 2431,1497 2503,1496 2576,1496 2648,1496 2721,1496 2794,1496 2866,1497 2939,1497 3011,1497 3084,1499 3156,1500 3229,1502 3302,1502 3374,1505 3447,1506 3519,1508 3592,1511 3665,1514"/>
                <TextEquiv>
                    <Unicode>Erscheint Albrecht Wullschlegel auß dem Golldierwyll und</Unicode>
                </TextEquiv>
            </TextLine>
            <TextLine id="r10l19" custom="readingOrder {index:18;} person {offset:29; length:20;} place {offset:54; length:3; continued:true;}">
                <Coords points="2283,1580 2349,1614 2476,1569 3031,1571 3128,1623 3374,1573 3632,1584 3632,1526 3077,1545 3012,1497 2879,1538 2828,1499 2711,1541 2450,1498 2284,1539"/>
                <Baseline points="2292,1575 2358,1572 2425,1569 2491,1568 2558,1565 2625,1565 2691,1563 2758,1563 2824,1563 2891,1563 2958,1563 3024,1565 3091,1565 3157,1566 3224,1568 3290,1571 3357,1572 3424,1574 3490,1577 3557,1579 3624,1581"/>
                <TextEquiv>
                    <Unicode>begehrt bewilligung sich mit Veronica Enggwriller von St.</Unicode>
                </TextEquiv>
            </TextLine>
            <TextLine id="r10l20" custom="readingOrder {index:19;} place {offset:0; length:6; continued:true;} place {offset:52; length:4;}">
                <Coords points="2274,1653 3094,1629 3253,1679 3576,1643 3620,1682 3675,1677 3676,1615 2274,1582"/>
                <Baseline points="2282,1647 2351,1643 2420,1640 2489,1637 2558,1634 2628,1632 2697,1631 2766,1629 2835,1629 2904,1629 2974,1629 3043,1631 3112,1632 3181,1634 3250,1635 3320,1638 3389,1641 3458,1644 3527,1647 3596,1651 3666,1655"/>
                <TextEquiv>
                    <Unicode>Gallen verehelichen zu können. Cogn: Schreiben nach thun, so sie oppo-</Unicode>
                </TextEquiv>
            </TextLine>
            <TextLine id="r10l21" custom="readingOrder {index:20;}">
                <Coords points="2289,1718 2977,1689 3063,1728 3205,1687 3436,1757 3650,1732 3650,1665 3560,1650 2289,1647"/>
                <Baseline points="2298,1706 2365,1704 2432,1703 2499,1701 2566,1700 2633,1698 2700,1697 2768,1695 2835,1694 2902,1694 2969,1694 3036,1694 3103,1694 3170,1695 3238,1697 3305,1698 3372,1701 3439,1705 3506,1710 3573,1716 3641,1722"/>
                <TextEquiv>
                    <Unicode>sitionen hätten Mine gnädigen Herrn deren zu berichten übrigens ihne ob-</Unicode>
                </TextEquiv>
            </TextLine>
            <TextLine id="r10l22" custom="readingOrder {index:21;} place {offset:28; length:10;}">
                <Coords points="2271,1817 2406,1768 2486,1794 2594,1767 2652,1802 2781,1758 3257,1798 3412,1782 3412,1722 3208,1687 3141,1727 2975,1690 2825,1724 2476,1703 2378,1742 2270,1718"/>
                <Baseline points="2279,1769 2335,1767 2391,1766 2447,1764 2504,1763 2560,1761 2616,1760 2672,1758 2729,1757 2785,1755 2841,1754 2897,1754 2954,1752 3010,1752 3066,1752 3122,1752 3179,1752 3235,1754 3291,1755 3347,1757 3404,1760"/>
                <TextEquiv>
                    <Unicode>ligen werde ihr Consens von St. Gallen zu erhalten.</Unicode>
                </TextEquiv>
            </TextLine>
            <TextLine id="r10l23" custom="readingOrder {index:22;} person {offset:46; length:13; continued:true;}">
                <Coords points="2253,1943 2533,1914 2748,1969 2814,1924 3588,1952 3590,1849 3082,1911 2781,1838 2709,1874 2256,1846"/>
                <Baseline points="2262,1920 2327,1920 2393,1920 2459,1920 2525,1920 2591,1922 2657,1923 2722,1925 2788,1926 2854,1928 2920,1929 2986,1931 3052,1932 3118,1935 3183,1937 3249,1938 3315,1940 3381,1941 3447,1943 3513,1944 3579,1946"/>
                <TextEquiv>
                    <Unicode>Vide voriges Man: Er schinen abermahlen Herr Sigmund Ludwig</Unicode>
                </TextEquiv>
            </TextLine>
            <TextLine id="r10l24" custom="readingOrder {index:23;} person {offset:0; length:7;} place {offset:12; length:6;} person {offset:28; length:14;}">
                <Coords points="2255,2015 2591,1983 2810,2025 2977,1984 3041,2033 3263,1991 3476,2034 3648,2017 3649,1951 2256,1944"/>
                <Baseline points="2265,1994 2333,1991 2402,1989 2471,1988 2539,1986 2608,1985 2677,1985 2745,1985 2814,1985 2883,1986 2952,1986 3020,1988 3089,1989 3158,1991 3226,1993 3295,1995 3364,1997 3432,2000 3501,2001 3570,2004 3639,2006"/>
                <TextEquiv>
                    <Unicode>Streiss von Glarus und Frau Ursula Küecher streitige eheleüte</Unicode>
                </TextEquiv>
            </TextLine>
            <TextLine id="r10l25" custom="readingOrder {index:24;}">
                <Coords points="2293,2065 3564,2078 3622,2064 3623,2007 2294,1999"/>
                <Baseline points="2303,2055 2368,2054 2434,2054 2499,2052 2565,2051 2630,2050 2696,2049 2761,2048 2827,2046 2892,2046 2958,2045 3024,2045 3089,2045 3155,2046 3220,2048 3286,2049 3351,2051 3417,2055 3482,2059 3548,2064 3614,2070"/>
                <TextEquiv>
                    <Unicode>so dann die Ehefrau: anbrachte, daß die jenige mittell</Unicode>
                </TextEquiv>
            </TextLine>
            <TextLine id="r10l26" custom="readingOrder {index:25;}">
                <Coords points="2288,2169 2436,2116 2484,2153 2897,2106 3120,2114 3170,2160 3387,2111 3588,2136 3599,2083 3059,2045 2862,2083 2664,2058 2611,2094 2287,2076"/>
                <Baseline points="2297,2124 2361,2121 2426,2120 2490,2118 2555,2115 2620,2114 2684,2112 2749,2111 2814,2109 2878,2108 2943,2108 3008,2108 3072,2108 3137,2108 3202,2108 3266,2109 3331,2111 3396,2112 3460,2114 3525,2117 3590,2120"/>
                <TextEquiv>
                    <Unicode>so sie nach der letsten erkandtniß miner gnädigen Herren zu wider her¬</Unicode>
                </TextEquiv>
            </TextLine>
            <TextLine id="r10l27" custom="readingOrder {index:26;}">
                <Coords points="2272,2213 3631,2197 3631,2160 3394,2111 3329,2147 2913,2105 2675,2155 2595,2111 2452,2169 2272,2143"/>
                <Baseline points="2280,2198 2347,2193 2414,2190 2481,2187 2548,2184 2615,2181 2682,2180 2750,2178 2817,2177 2884,2175 2951,2175 3018,2174 3085,2174 3152,2174 3220,2175 3287,2175 3354,2177 3421,2178 3488,2180 3555,2183 3623,2184"/>
                <TextEquiv>
                    <Unicode>stellung ihrer gesundheit gebraucht, noch nicht angeschlagen,</Unicode>
                </TextEquiv>
            </TextLine>
            <TextLine id="r10l28" custom="readingOrder {index:27;}">
                <Coords points="2289,2271 2687,2290 3068,2242 3137,2293 3222,2243 3593,2293 3614,2222 3451,2192 3310,2226 3266,2188 2896,2224 2802,2179 2751,2225 2666,2184 2288,2224"/>
                <Baseline points="2298,2265 2363,2262 2428,2261 2494,2258 2559,2256 2625,2254 2690,2252 2755,2250 2821,2249 2886,2247 2952,2246 3017,2244 3082,2244 3148,2244 3213,2244 3279,2246 3344,2247 3409,2250 3475,2253 3540,2257 3606,2262"/>
                <TextEquiv>
                    <Unicode>seye aber Willens deren mehrere zu gebrauchen, hielten</Unicode>
                </TextEquiv>
            </TextLine>
            <TextLine id="r10l29" custom="readingOrder {index:28;} person {offset:48; length:7;}">
                <Coords points="2262,2361 3188,2312 3335,2351 3394,2310 3626,2355 3645,2286 3069,2244 2928,2290 2325,2272 2261,2315"/>
                <Baseline points="2270,2334 2338,2333 2406,2330 2474,2328 2543,2325 2611,2323 2679,2321 2748,2319 2816,2316 2884,2315 2953,2313 3021,2312 3089,2312 3157,2310 3226,2312 3294,2313 3362,2314 3431,2318 3499,2321 3567,2324 3636,2330"/>
                <TextEquiv>
                    <Unicode>demnach umb ferneren verschub an, worwider Herr streiss sich</Unicode>
                </TextEquiv>
            </TextLine>
            <TextLine id="r10l30" custom="readingOrder {index:29;}">
                <Coords points="2283,2418 2694,2387 2762,2425 2841,2377 3630,2397 3628,2330 3510,2319 3350,2357 2677,2325 2625,2361 2538,2325 2450,2378 2282,2360"/>
                <Baseline points="2291,2402 2357,2399 2423,2397 2490,2394 2556,2393 2623,2390 2689,2388 2756,2385 2822,2384 2889,2382 2955,2381 3021,2379 3088,2378 3154,2378 3221,2378 3287,2378 3354,2378 3420,2379 3487,2381 3553,2382 3620,2385"/>
                <TextEquiv>
                    <Unicode>auch nicht gesetzet. Cogn: solle ihro anoch 3 monath lerin</Unicode>
                </TextEquiv>
            </TextLine>
            <TextLine id="r10l31" custom="readingOrder {index:30;}">
                <Coords points="2267,2501 2790,2449 2960,2494 3186,2445 3231,2485 3313,2447 3662,2467 3660,2377 2266,2429"/>
                <Baseline points="2276,2474 2344,2472 2413,2469 2482,2466 2551,2463 2620,2460 2689,2458 2757,2454 2826,2452 2895,2450 2964,2447 3033,2445 3102,2444 3171,2444 3239,2444 3308,2444 3377,2445 3446,2447 3515,2450 3584,2453 3653,2457"/>
                <TextEquiv>
                    <Unicode>ertheilt sein, während, welcher zeith sie erforderliche anzeigen</Unicode>
                </TextEquiv>
            </TextLine>
            <TextLine id="r10l32" custom="readingOrder {index:31;}">
                <Coords points="2279,2550 2646,2582 3106,2519 3323,2584 3658,2523 3657,2472 3317,2442 3221,2488 3103,2453 2872,2498 2788,2450 2279,2518"/>
                <Baseline points="2288,2549 2356,2546 2424,2543 2492,2541 2560,2538 2628,2535 2696,2531 2764,2528 2832,2526 2900,2523 2969,2521 3037,2519 3105,2517 3173,2517 3241,2517 3309,2517 3377,2519 3445,2521 3513,2525 3581,2528 3650,2534"/>
                <TextEquiv>
                    <Unicode>gebenden, partheyen sein zu beendigung deß geschäffts wider</Unicode>
                </TextEquiv>
            </TextLine>
            <TextLine id="r10l33" custom="readingOrder {index:32;}">
                <Coords points="2271,2649 2317,2628 2394,2672 2513,2635 2684,2659 2718,2631 2853,2643 2939,2599 3243,2584 3240,2540 3096,2518 2891,2531 2852,2565 2769,2539 2665,2581 2584,2553 2524,2585 2444,2556 2266,2564"/>
                <Baseline points="2279,2625 2326,2624 2374,2621 2422,2619 2469,2615 2517,2612 2565,2609 2612,2606 2660,2601 2708,2598 2756,2595 2803,2592 2851,2589 2899,2586 2946,2584 2994,2582 3042,2580 3089,2580 3137,2579 3185,2579 3233,2580"/>
                <TextEquiv>
                    <Unicode>vor minen gnädigen Herren erscheinen sollen. Vide Infra 558.</Unicode>
                </TextEquiv>
            </TextLine>
            <TextEquiv>
                <Unicode>erschinne Maria Lüscher von Aarburg und brachte an, wie daß sie&#13;
sich schwangeren leibs befinden von dem bedienten eines welltschen&#13;
hauptmans, so bey ihrem meister herr zechender logiert hatten und sich&#13;
Niclaus Schütbeth auß sein Lentzburg oder schenkenberger&#13;
Ampt genant, producierte auch eine schrifftliche eheversprechung&#13;
von ihme, sambt einer ducaten 2 französischen halben thaleren&#13;
einem silbernen gittschier- und anderen vierfachen ring, so er ihre&#13;
zum ehepfand geben. Cogn: solle zu Arberg kindts ligen und&#13;
dorten in der gemeindt lauth chorgerichtlicher Ordnung. des anno 1712 examiniert&#13;
werden. Deßen schreiben nach Arberg. Vide infra 114&#13;
Mit einem begleit Schreiben von Oberdießbach erschinnen Peter Müller&#13;
von Bleiken so wider sein Ehefrau Elsbeth Bachmann, die&#13;
ihrem eigenen vor minen gnädigen Herren gethanen bekandtniß nach untrechtig&#13;
zu ehelichen werken, die schindigung begährt, welche ihme&#13;
auch nachdemme diß ihr vorgaben nach beschachenes visitation&#13;
durch die Gebannen erwahret, und benebens Attestiert worden.&#13;
daß kein hoffnung zur genäsung vorhanden, ertheilt ward.&#13;
Erscheint Albrecht Wullschlegel auß dem Golldierwyll und&#13;
begehrt bewilligung sich mit Veronica Enggwriller von St.&#13;
Gallen verehelichen zu können. Cogn: Schreiben nach thun, so sie oppo-&#13;
sitionen hätten Mine gnädigen Herrn deren zu berichten übrigens ihne ob-&#13;
ligen werde ihr Consens von St. Gallen zu erhalten.&#13;
Vide voriges Man: Er schinen abermahlen Herr Sigmund Ludwig&#13;
Streiss von Glarus und Frau Ursula Küecher streitige eheleüte&#13;
so dann die Ehefrau: anbrachte, daß die jenige mittell&#13;
so sie nach der letsten erkandtniß miner gnädigen Herren zu wider her¬&#13;
stellung ihrer gesundheit gebraucht, noch nicht angeschlagen,&#13;
seye aber Willens deren mehrere zu gebrauchen, hielten&#13;
demnach umb ferneren verschub an, worwider Herr streiss sich&#13;
auch nicht gesetzet. Cogn: solle ihro anoch 3 monath lerin&#13;
ertheilt sein, während, welcher zeith sie erforderliche anzeigen&#13;
gebenden, partheyen sein zu beendigung deß geschäffts wider&#13;
vor minen gnädigen Herren erscheinen sollen. Vide Infra 558.</Unicode>
            </TextEquiv>
        </TextRegion>
    </Page>
</PcGts>
