4032 3024
490 1043 577 1140 38.
501 2011 601 2150 29.
625 170 2030 343 meinung jedoch, daß sie ihme zu keines klag mehr ursach
635 272 2003 402 geben, sonderen sich fromb und ehrlich auf füehren solle, welches
634 331 2016 464 zu thun sie auch mit mund und hand verheißen. Cogn. Weillen
639 408 1991 560 er ihres alles vorige verzogen, sie auf- und angenommen, sollind
632 479 2014 596 sie wider als ehelichen zu sachenen bekent, ihro und beiden vorer¬
630 554 2007 663 wehnten knechten aller ferner umbgang bey ehebruchs straff
633 610 2019 749 verbotten, worbitten ihro ernst meinend insinuiert, sich hinführ
632 685 2017 807 wie einem ehrlichen Eheweib anständig, und allso aufzufüehren
603 755 2012 876 daß ihr eheman von fernerer anlaß zur klag nemmen könne.
609 814 2006 957 da sonsten mine gnädigen Herren sie mit gemeßner straff zu belegen nicht
629 879 1626 1017 vermanglen werden. dess Schreiben nach Offtrigen
644 1008 1987 1164 erschinnen mit einem Schreiben von Groß hochstetten Barbara
635 1105 2017 1225 Büehlmann von allda und Hanß Barfuß auß dem Eggiweilen
626 1163 1997 1281 so einandern hievor die ehe versprochen und bereits verkundet
635 1230 2007 1355 worden, erlauterten sich beydtseithig guthwillig von ihres ehever¬
631 1306 2021 1418 sprechung abzustechen Cogn: weillen sie beiderseiths guthwillig
638 1360 1655 1483 abgestanden, ledigst deßen Schreiben nach Höchstetten
772 1517 1636 1683 Sonstags den 12. meyen 1729
935 1618 1356 1754 Statthallter
901 1700 1460 1834 Min gnädiger Herr Landvogt Jenner
993 1778 1268 1868 Assessores
865 1799 1805 1941 Mine gnädigen Herren Oes. Exc. Herren Pred. dachs v. H. Meÿ
878 1886 1977 2032 an deren stell herrn Pred Morell und herren von Burgestein filien
644 2008 1989 2133 Erschinne Victor Meyer der schloßer, von allhier, so hievor
652 2099 2010 2235 barisiert worden und frendrigten sie Cathri Willi auch von
650 2173 2012 2274 allhier zu ehelichen begährt, nachwahrts aber ihrer schwester sun
648 2234 1947 2341 inne die eheversprochen und solche geschwangeret, begährten
645 2289 2013 2397 nun bewilligung die letsterer heyrathen zu können den willen
638 2354 2004 2473 dieser Casus höchst bedenklich, solle er min gnädigen Herren den Räthe vorge¬
640 2416 1995 2545 tragen werden, deß jederen unser s zunfft zum Schmiden den 1.
645 2521 1986 2614 Juny langte ein zedel von minen gnädigen Herren den Rathen dieses inhalts ein über
632 2567 1999 2680 Eüwes miner gnädigen Herren Vortrag betreffend Victor Meyer habend Ihr Gel.
632 2634 915 2755 Vide infra 74.
2115 1780 2218 1894 33.
2148 223 2229 320 30.
2143 423 2229 512 31.
2145 1255 2240 1329 32.
2300 236 3720 342 ward Herr Sammuel Nöthiger von allhier mit Jungfrau Maria Elisabet
2291 278 3577 404 Frischingen auch von alhier kirchen recht zu hallten bewilliget.
2286 370 3662 523 Erschine Herr Langhansen deß weibels ehefrau und stellte an
2267 454 3706 598 daß ihro erlaubt werden möchte, die Maria Egger von Lehren
2238 528 2298 604 9
2282 528 3689 646 ballm deren sub 113. apr letsthin sie statt für eins und
2275 615 3694 707 alle mahl verbotten werden, sey ihro zu behallten, mit an¬
2270 671 3611 787 erbieten auf solche wohl zu achten unnd guth für ihre auf¬
2287 700 3666 866 kehrung zu sein sage, solle sie erkandtnuß von 11. tag
2272 776 3687 934 apr in toto bestättiget und in sollen dero ihre die Statt
2269 845 3676 1003 fur eins und alle mahl verbotten sein, den froghose aber
2279 903 3690 1046 insinuiert werden, solche auf betretten ein zu zechen, als dann
2262 979 3615 1116 mine gnädigen Herren sie mit gemaßener straß zu belegen nicht er¬
2271 1062 2699 1206 deanglen werden.
2300 1203 3656 1351 Ward auf anhalten der Verena Schindler von Groß hoch¬
2279 1284 3673 1414 stetten ein zedel dieses inhalts an die E. B. zu kaufleüten
2272 1359 3623 1493 erkent, ihro deren kind, so anfangs letst verstrichenen
2241 1419 3666 1563 jahrs Ferdinand Castenhofer dero zunfft genoß als ohn¬
2267 1498 3653 1637 ehelich zu bekennt worden, abzunemmen und derowegen zu
2267 1573 3637 1709 laßen, damit meine gnädigen herren deßhalb ferners nicht befehliget,
2262 1659 2519 1774 werdind.
2265 1768 3656 1911 Vide voriges man auß einem zedel von min gnädigen Herren den Räthen
2270 1862 3664 1988 und beyligende supplicibus von herrn Johannes Schläfl von Burg¬
2243 1942 3652 2062 dorfer hatten mine gnädigen Herren zu ersuchet, waß gestallten selbiges sich
2265 1984 3612 2124 beklage, ob sollten min gnädiger Herren seinem sohn sonderen eine
2271 2055 3627 2181 buß von 1660 pfund abgeforderet haben, deß halb ihr sons
2238 2120 3655 2264 den bericht verlangt. Cogn: extract deß gantzen verlauff
2252 2188 3633 2319 mit bericht, daß es ein confiscation so nach dem praes¬
2260 2261 3630 2406 cripto und hiemit Competenter beschechen. Den 6. Juny.
2277 2345 3575 2469 nachwerts Langte folgendes Zedel von minen gnädigen Herren: den
2272 2459 3314 2583 Rähten dieses inhalts ein Vide infra. 82.
