4032 3024
513 232 631 368 82.
691 183 2022 400 Vide Supera. 33. Nach demme ihr Gnaden auss Eüweren
659 334 1986 490 minen gnädigen Herren gegen bericht, über deß vor etwas zeits euch
657 424 2040 583 communicierten supplication deß Johannes Schläfflins deß
656 540 2029 695 Kupferschmids und Alt Zollners von Burgdorf geklagten
642 622 2012 757 seinen Sohn auferlegten buß von 1600 lb. vernommen
671 733 2027 892 annebens auß dargelegtem Extract Chorgrichts Man:
669 831 2032 981 vom 22. September 1728 verstanden, wie deßen Sohn Samuel
650 951 2000 1081 Schläffli durch angebung Hans Widmers ab der
661 1030 2021 1190 düren Ägerten, Christen Grabers deß Metzgers
674 1145 2007 1297 deß Ammans und Wihrten zu Oberburg, in sonderheit
663 1249 2024 1409 aber der zwey ersteren seines vatters magt, nahmen
651 1320 2008 1496 Anna Simon von Bipp, so von ihme Schwanger, gegen
658 1447 1991 1615 erlegung 1500 lb, dem so genanten Traxler hauß
663 1514 2012 1674 anfencken wollen, und wie es in fehrneren mit diesem
659 1626 2015 1778 ohnanständigen wisen zugangen. Habend ihr
654 1732 2007 1874 Gnaden von puncten zu puncten erkent, wie folget
647 1787 1986 1966 Erstlich so viel die fünffzechen hundert Pfund
655 1897 1997 2066 antrifft, finden ihr Gnaden, daß sie rechtmäßig
658 2004 1995 2162 confisciert seyen, und von demjenigen entrichtet
657 2094 1930 2260 werden sollind, so selbige abzuführen versprochen.
649 2190 1986 2376 2. Ist Ihr Gnaden will, daß dieser Samuel Schläfli
665 2296 2007 2445 anstatt der gefangenschafft zu handen der Armen
675 2372 1993 2531 30 t. erleggen, und über diß, wegen vorgangener
647 2466 1980 2617 Kupplerey auf 2 jahr lang eydtlich von Ihr Be¬
662 2554 2011 2725 stätt und landen verwiesten und ohne vorweistende
2285 260 3605 413 gute Attestata nicht wider hin ein gelaßen werden solle.
2228 335 3683 504 3. Gelangend die Kupplern Widmer und Graber, so wollend
2257 425 3680 595 ihr Gnaden jeden derselben auf zwey jahr lang eydtlich von
2271 526 3329 674 den statt und Landen verwiesten haben.
2252 614 3617 737 4. Was aber ansicht die tirnen Anna Simon und dem
2268 698 3657 867 Traxler Haußi, wollend ihr Gnaden gleichmäßig erkent
2237 787 3621 947 haben, daß eint und andere dieser freyen persohnen
2264 879 3652 1049 zu Wohl verdienten straff auf zwey jahr lang von Statt
2270 977 3442 1112 und Landen eydtlich verwiesen werden sollind,
2265 1070 3660 1224 endtlichen dann, so viel der Ammann zu Oberburg zuanred
2276 1172 3626 1311 deßen conduite belanget, wollend ihr bei seinethalb
2260 1248 3632 1396 gegenwährtig annoch nichts erkennen, sondern erwahrten
2269 1345 3634 1487 waß durch von euch mine gnädigen Herren einhohlenden Bericht her¬
2263 1422 3624 1580 außkommen kommen werde. Deßen ihr mine gnädigen Herren
2250 1530 3623 1665 hiemit über Eüweren vortrag nachrichtlich verständiget
2276 1609 3622 1751 werdet, mit dem beyfügen, daß ihr Gnaden deßwegen
2270 1698 3638 1848 den gemeßenen Befelch zur execution dero Erkantnuß
2264 1799 3639 1945 an den herren ambtsmann zu Burgdorff ablauffen laßen
2266 1901 2844 2021 Actum den 2. Juny 1729.
2978 1906 3433 2030 Canzley Bärn.
2251 1990 3642 2132 Cogn: Schreiben an Herr Schultheißen zu Burgdorff, so daß Ammans
2274 2073 3578 2217 zu Oberburg halb etwas Chor Grichtliches herauß kommen
2261 2190 3563 2297 würde, mine gnädigen Herren solches zu notificieren. Den 20. Juny.
2267 2250 3577 2383 nachwerts langte mine gnädigen Herren Antheil von Obiger Confiscation
2261 2366 3580 2473 ein, so alsbald under mine gnädigen Herren vertheilt worden; das Schreiben
2261 2438 3259 2594 nach Burgsdorff den empfang zu accusieren.
