4032 3024
467 2101 584 2228 146.
502 301 619 441 108.
494 1155 610 1261 109.
669 263 1929 447 Durch ein Proced von Avanches wurden mine gnädigen Herren be¬
639 403 1921 533 richtet, wie daß den 14. dis monaths daß nachts hinder
641 504 1910 638 Deß Anthoinas Martinus zu Donatire haus ein expo¬
621 591 1895 735 niertes kind gefunden worden seye, deßen elteren
633 692 1922 844 bis dato ohnbekant; Cogn. Schreiben an den Landtvogt zu Wi¬
634 763 1907 966 blispurg, mit gesinn die dis ohrts nöhtign nachforschung
638 881 1913 1058 zu halten, mithin dieser Casus min gnädiger Herr den Rähten
632 976 1027 1123 zu überschreiben;
656 1119 1931 1302 Durch ein Schreiben von Oberbalm wurden minen gnädigen Herren berichtet
642 1229 1904 1386 wie daß barbara Bachoffner auß den Aspen, die
636 1320 1918 1503 bereits mit Christian Gilgen von Rügisperg von zweyen
634 1414 1863 1564 jahren ein ohnehelich kind erzeüget und dahero ihnen
622 1491 1918 1662 beyden bey Commination gemeßener straff alle frequen¬
627 1577 1867 1745 tation verbotten worden, den 12. diß under gnug¬
604 1682 1902 1850 sammer Examination kinds geneßen und auf geachten
628 1758 1859 1946 Gilgen als Vatter ihres 2ten kinds verharret seyen
618 1846 1852 2032 Cogn. Schreiben nach Rüggisperg und Oberbalm partheyen
629 1944 1914 2127 auf den 11. August nachstkönfftig vor minen gnädigen Herren zu halten, Vide
635 2024 844 2136 infra 299.
637 2118 1847 2285 Vide Supra. 55. Mit Schreiben von Brembgahrten und Buchsee
605 2212 1898 2355 erschinnen die Brachbühl und das Arme, das sie dann
620 2278 1909 2454 lauth derselben, beyderseits im purgations eyd underwiesen
624 2371 1901 2552 worden sind und ohngeacht deßen auf ihren ersten außag
619 2435 1898 2642 verharreten, dahero er dann sich dieser anklag eydtlich
619 2570 1908 2703 entschüttet, mine gnädigen Herren seinethalb alles gott und der zeith
605 2627 1866 2818 heimbgestelt, und sind wegen ihres er fählers ihr Gnaden
2021 1952 2150 2031 122.
2024 741 2161 842 A14.
2199 267 3566 464 verleidet, welchen dann lauth sub 4. July darauf einge¬
2181 373 3546 546 längten Befelhs zedel zu erkennen belieben wollen,
2166 466 3562 658 daß sie zur gebührender Straff über die gewohnte Zeith
2192 555 3580 750 auß, annoch 5 Tag in der Gefangenschafft verbleiben solle.
2204 685 3508 902 Vide Supra 58. Mit Schreiben. von Affolteren im Emmentahl und
2181 821 3545 989 Burgdorff, erschinnen die Ryßer und der Jaggi, da sie
2184 904 3546 1075 dann lauth derselben beyderseits im purgations eyd
2162 996 3558 1164 underwiessen worden sind, und Ohngeacht deßen auf ihren
2174 1112 3499 1244 ersten Außagen verharreten, dahero Er dann sich
2172 1202 3496 1334 dieser anklag eydtlich entschüttet, mine gnädigen Herren seinet halb
2187 1288 3521 1447 alles Gott und der zeith heimbgestelt und sie wegen
2172 1382 3547 1538 ihres fählers ihr Gnaden verleidet; welchen dann lauth
2159 1481 3487 1633 sub 4. july darauf eingelangten befelhs zedel
2158 1572 3537 1719 zu erkennen belieben wollen, daß sie zu gebührenden
2163 1667 3539 1820 straff über die gewohnte Zeith auß, anoch 2. tag lang
2168 1763 3257 1903 in der gefangenschafft verbleiben solle;
2193 1903 3487 2105 Ward Johann Carl Schärr, weilen Er in der Magt zu
2141 2031 3457 2196 Schumacheren Beth ligend bezogen worden, eingesezt
2159 2115 3490 2273 und deßtlegen zu red gestoßen, welche beyderseits
2151 2223 3496 2377 alle thätlichkeit laugneten. Cogn: Solle er annoch biß
2139 2316 3509 2479 diesen abend in gefangenschafft erkent und nach¬
2124 2400 2793 2582 warts dimittiert seyn.
