4032 3024
434 233 546 337 23.
447 2506 541 2596 24.
617 175 1996 369 Vide voriges man langte ein zedel von minen gnädigen Herren den
615 293 1976 427 Räthen dieses inhalts ein auß Eüeren minen gnädigen Herren vortrag
636 363 1989 530 habend meine gnädigen Herren zu ersuchen gehabt, welcher gestalten Dorothea
635 449 1994 604 Brunier ihren, David Roth der ehe halb darumb belanget, weillen
630 543 1938 688 Er selbiger vor acht jahren in gegenwahrt ihrer mutter und
633 631 2016 791 Schwesteren eine ehe versprechung in ihr psalmen buch ein geschriben
629 717 1989 876 ihr mine gnädige Herren, aber selbige weillen herr Roth damahlen annoch
635 800 2015 949 undervogts handen werre, die versprechnung bereiths vor acht
635 907 2033 1053 jahren und nit nach in halt der Chorgrichtsatzung vor unparthey¬
647 979 2009 1127 ischen zeügen beschehen, auch ihne seither deshalben nit be¬
624 1061 2000 1205 jahet, alß unformbklich für null und nichtig erkent, bey
604 1145 1997 1303 Dießem anlaß aber für nöthin angesehen, die sambtliche
625 1226 1999 1370 Brunerinen mutter und tochteren meinen gnädigen Herren damit sie nit
623 1332 2019 1453 ehrlicher leüthen kindt verstricken und zum fahl bringen können,
588 1392 2018 1527 Dahin zu verleiden, daß sie entweders auß der statt gewießen,
630 1464 1990 1606 oder aber gut findender orthen ein gestehrt werden möchten,
623 1545 2006 1678 habend min gnädigen Herren, ihnen sambts zwar hiemit annoch für diße
632 1659 2008 1768 mahlen verschonen, hingegen aber auch min gnädiger Herren hier durch auff
633 1701 1971 1846 tragen wollen auff ihre künfftige conduite invigilieren
631 1768 1987 1923 zu laßen und fahls künfftig hin etwaß ohngebührliches auff die
614 1845 1995 2003 mutter und töchteren her vorkämme, deßwegen mine gnädigen Herren zu dero
628 1928 1984 2094 gehörigen abstraffung den bericht zu ertheilen, den zumahlen
615 2024 1951 2161 aber dem vortrag eine verzeichnuß auß Eüweren manualen
626 2082 1974 2245 beyfüeren zu laßen, waß ihrenthalb bereiths im vergangenen
617 2165 1978 2307 ihrer schlechten ausführung halb sich ein geschrieben befinden,
625 2251 2014 2378 möchten umb solchem nach selbige mit gebührender straff ansechen
624 2324 1983 2462 zu können. wie zu thun ihr min gnädiger Herren, bestens wüßen werdet.
617 2404 1590 2535 Actum den 2. tag May 1779. Vide infra 75.
614 2489 1989 2613 Vide voriges Man: Nun hatt Rudolph Runof von Basell angelobt der
616 2577 1924 2672 Cathri Stebler von Menkilchen kind, welches er schon für das seinige
623 2621 1990 2754 erkent, ihro innert 14 tagen abzunemmen. Dess Adois Schreiben nach Basell, denne
611 2686 1992 2813 solle sie ihme das kind anbiethen. Den 23. langte er Schreiben von Basell ein
609 2741 1683 2855 daß sie alles bey minen gnädigen Herren erkandtnuß bewenden laßind
2110 1967 2193 2040 27.
2121 750 2202 860 25.
2113 1056 2208 1173 26.
2436 214 3267 367 Montags den 9 may 1729.
2662 311 2925 453 Praeses
2489 420 3237 578 Min gnädiger Herr Ratherr. Jenner.
2627 524 3020 668 Assessorer
2560 612 3147 758 Mine gnädigen Herren omnes.
2276 738 3689 866 wardt herren Johan Ruodelof Stettler Amptsmann zu Castelen den 2ten
2261 805 3704 938 wahrnungs zedel wider herren Jacob Schäres predigkant zu Kau¬
2247 872 2993 1007 wenstein ertheilt. Vide infra 101
2270 1049 3677 1165 durch ein Schreiben von Buchsee wurden mine gnädigen Herren berichtet, wie daß Maria
2264 1149 3685 1225 König von teichweill der ehe und schwängerung halben beklagen Hans
2269 1200 3691 1306 Baumbgartner von Bangerten mit verdeüten, daß er am Mar¬
2277 1260 3634 1374 tini markt letsthin des nachts umb 9 uhren in ihr gemachen
2271 1337 3682 1416 kommen, die ganzen nacht bey ihre bliben und sie geschwängeret,
2283 1383 3673 1494 auch die ehe versprochen, welches er anfänklichen alles verneinen,
2269 1460 3683 1577 und beteüwert niemahl in ihrem hauß gewäsen zu sein, auf er¬
2268 1509 3677 1650 follgtes zusprechen aber bekennet, daß er selbigen abend zwahr bey
2276 1577 3686 1694 ihro gewäsen, dennoch aber nichts mit selbigeren zu thun gehabten
2273 1636 3666 1752 seyn. Schreiben nach Buchsee sie in ihres genist examiniers, und
2276 1701 3618 1810 mine gnädigen herren deß herauß kommenden berichten zu laßen. Vide
2286 1792 2504 1879 infra. 433.
2236 1902 3631 2099 erschinne mit einer sehr weith läufigen proced von Offrigen
2264 1953 3658 2076 so in gleichem chorgrichts tag zu finden Rudi, Haberthüechen von
2253 2092 3638 2215 Küngolfingen, so seine Ehefrau Maria Graber der treüw¬
2273 2154 3621 2272 losigkeit beklagt, und desst halb die schiedigung wider sie
2256 2231 3644 2339 begähret, als sie deß halb zu red gestoßen worden, hatt sie gantzlich
2244 2286 3657 2386 verneinet ihrem ehemann gemahl untreüw worden zu sein, obschon
2208 2352 3645 2474 durch sie procedur einen sehr verdächtigen umbgangen zwüschen ihra
2267 2411 3659 2548 und ihren gewäßnen knechten Joggli Räch und Einnanuchen Widerer
2246 2479 3651 2604 Sie aber auch alle that verneinet, erwiesen worden. Auf kräfftiges
2254 2545 3635 2685 zusprechen miner gnädigen Herren erläuterte er sich ihro das vorige zu verzeichen
2280 2612 3635 2761 und sie wider als sein eheweib auf- und anzunemmen, der
