4032 3024
405 1297 534 1400 134.
428 2124 556 2235 135.
561 258 1883 433 Zedul von Minen gnädigen Herren den Rähten ein; Sintemahlen
553 387 1805 522 Madle Moser ab dem Stalden Kirchhöri Münsingen
566 462 1859 612 der schwängerung beklaget fridenrich Mack, gebührtig
559 559 1832 707 bey Straßburg, so sich aber dermahls bey N. Guernier
565 631 1840 786 einen Schreiner in Genff hinder dem Röne auf¬
547 729 1867 863 halten soll: Wollend ihr Gnaden diese Mosserin, alß
567 827 1859 951 welche einen frembden zum Vatter angibet, nach weg¬
547 909 1876 1051 wysung des Ord. fort- und auß dem Land dem Vatter¬
576 1004 1860 1142 nach gewießen haben, Welche Erkantnuß exequieren
567 1104 1824 1247 zu laßen, ihr mine gnädigen Herren bestens wüßen werdet, vide
583 1193 803 1275 infra. 303.
577 1268 1865 1419 Erschinne Daniel Hoffmann von Arburg und brachte an
586 1367 1870 1512 wie daß er sich mit Elßbeth Füri von Inß Ehelich verlobt
564 1482 1872 1597 wider welche verlobtnuß aber Verena Käntzi von Wiedli¬
541 1543 1865 1684 spach geseztet habe, nachwerts sich geäußeret, und Ohnge¬
542 1639 1792 1757 acht ihro angelegter Citation nicht vor dem Richter
573 1721 1840 1874 umb ihr vermeint habende Recht zu gelten zu machen,
579 1814 1823 1952 erscheinen wolle; Cogn: Solle ihme Hoffmann bewilliget
569 1930 1888 2052 seyn, sich mit der Füri nach der gewohnten Verkündung
572 1974 1113 2116 verehrlichen zu können,
605 2143 1823 2280 eechinne Jungfrau Agathe Mariane de Welle von
594 2231 1867 2382 Wivis und begährte, daß Herr Bierre Francois Cotteaux
576 2330 1847 2462 von Morsee der ihre lauth producierten schrifftlich
579 2415 1814 2561 und 2 gezeügen underschriebener eheversprechung
575 2486 1869 2634 die Ehe zugesagt, und deßen Vatter Sub 16. februar letsthin
589 2577 1858 2739 6 wochen Termin ertheilt worden, ihro als ehelich zu¬
1993 1524 2106 1624 136.
2151 235 3547 450 bekent, der Vatter dann gegen ihre, umb alle dieser gantzen
2146 369 3559 526 sach halb ergangen kösten verfelt werden möchten auff
2149 449 3530 609 dißhin erschinne der Vatter, und brachte an sein Sohn be¬
2140 532 3541 736 finde sich zu Paris in kriegsdiensten also, daß er dermahlen
2150 639 3527 807 hier nicht erscheinen könne, bekente anbey daß sein Sohn
2143 714 3523 905 beÿ errichteter Eheversprechung würcklichen majorennis geweßen,
2137 820 3493 1002 Cogn: Weilen diesere Eheversprechung nach der Vorschrift
2138 902 3511 1059 minen gnädigen Herren und in gegenwahrt zu Zeugen beschechen, so solle
2135 1007 3509 1156 selbige in krafft erkent, und Herr Cotteaux der Klägerin
2146 1097 3478 1256 mit leib und guth zugesprochen seyn. Worbey deßen
2136 1186 3514 1341 vatter, weilen er zum 2. mahl übel vor minen gnädigen Herren recurriert,
2130 1255 3487 1429 umb alle dieser proceduren halb ergangen kösten auf
2130 1341 3218 1500 Moderation hin gegen ihre verfelt worden;
2155 1516 3452 1669 Mit einem Begleith Schreiben von Langentahl erschinne Elßbeth
2133 1622 3489 1793 Korn von Niderbipp und eignete ihr Sub 17. Marty letsthin
2130 1718 3483 1857 zur welt gebohrne kind Daniel Sägiser von Langentahl
2125 1804 3477 1959 zu, mit verdeüten, daß er sie under vorgangener Ehe¬
2128 1894 3482 2010 versprechung geschwängeret habe, der ihro dann auch deß
2113 1951 3477 2109 Beyschlaffs geständig gewessen, von getahnes Erversprechung
2122 2050 3477 2200 aber im geringsten nichts büßen wolle. Cogn: Weilen er
2108 2153 3454 2277 ein Eheversprechung verneinet, und sie solche nicht bewysen
2109 2217 3428 2367 können, so solle Er der Ehehalber ledig von ihra erkent, und
2102 2319 3472 2446 siner getahnen bekantnuß wegen der kind ihme nach der
2097 2391 3443 2500 Ord. de anno 1712. als ohnehelich zugesprochen seyn. Worbey
2108 2470 3439 2622 mine gnädigen Herren die Korn, als welche den Sägiser der einfaltig
2113 2554 3379 2679 und jung ist verführet, mine gnädigen Herren den Rähten verleidet:
2104 2630 3404 2769 Welche sich aber Lauth dero Erkantnuß vom 25. July 1729.
