4032 3024
504 1691 609 1797 56.
523 1975 604 2056 57.
511 748 599 827 55.
826 228 1608 400 Montags den 30. May 1729.
1133 350 1337 479 Praeses
1126 416 1581 556 Rathsherr Jenner.
900 454 1106 581 Min gnädiger herr
1103 511 1380 653 Assessores
850 610 1674 753 Min gnädiger Herr Oes. Exx. Herr Fischer.
651 736 2022 867 Vide conc: vom 21. und 28. Mertzen durch ein Schreiben von Bremb¬
662 809 2002 934 gahrten wurden min gnädiger Herren berichtet, wie daß Madle Brechbüehl
644 890 2001 1025 von Langnauw den 26. April letsthin lauth ertheilten befehls in
652 956 1978 1083 ihrer genißt Examiniert worden, und beständig auf dem
613 1029 2014 1162 schon zuvor beklagten Hans Arn von Buchsee als Vatter
641 1101 2006 1230 deß kindts verharret seye. Cogn: Schreiben nach Bremgarten
648 1174 2010 1298 und Buchsee beide im purgations eid und der wichtigkeit
636 1256 1969 1376 deßselben wohl underweisen zu laßen, nachwärts solche in
651 1324 2004 1458 3 Wochen herzu hallten, und danzumahlen min gnädiger Herren den bericht
645 1393 2021 1534 ihrer lümbden so wohl als empfangener eydts instruction
652 1480 1395 1605 ein zu sanden Vide infra. 110
1303 1632 1503 1738 von allhier
674 1654 1945 1795 Wardt herr Heinrich Pättscherin predigkant in der Lenge
660 1750 1998 1887 mit Jungfräulein Helena Rocher auch von allhier kirchenrecht hallten
656 1821 1126 1941 zu können bewilliget.
659 1942 1967 2068 durch ein Schreiben von Bolligen wurden minen gnädigen Herren berichtet, wie
638 2023 1947 2165 daß Johanna Hürtzel von Rapperßweill den 7. diß eins
656 2092 1950 2235 kandte, so aber allso balld verstorben niderkommen, und
655 2171 1999 2285 auf Joggi Amman dem Stallknecht allhier beim weißen
649 2243 1963 2375 kreütz beharret seye. Cogn. Schreiben nach Bolligen sie habind
650 2319 1989 2433 beide allhier abgebüeßt, und er den fähler sub 17. mertzen
648 2390 1295 2523 letsthin vor minen gnädigen Herren bekent.
2137 1177 2214 1283 59
2047 2194 2280 2320 7 nach den Ord.
2100 2291 2278 2371 de anno 1712.
2150 2365 2229 2454 60.
2134 244 2218 330 58.
2277 221 3680 341 durch ein Schreiben von Afollteren im Emmenthall wurden minen gnädigen Herren berichtet,
2267 296 3686 421 Wie daß Barbara Ryser von allda, vor inn- und nach ihrer ge¬
2273 356 3686 453 nißt, sie den 27. mertzen letsthin under gnugsammer examination
2282 441 3675 541 beschehen beständig auf Peter Jaggi auß der Lengg als Vatter
2269 491 3667 616 Ihres kindts beharret, mit verdeüten, daß er sie 8. Tag vor der
2275 554 3663 655 ernd und inert 3 wochen darauf annoch 2 mahl beyschlafen habe,
2287 609 3678 722 er aber habe den beischlaff verneinet, dennoch aber bekannt, daß er
2267 688 3686 794 Den 19. may ferndrigen jahrs mit solcheren in der underen stuben im
2276 754 3690 866 wirthshauß etwaß geganget. Cogn. Schreiben nach Affolteren und Burg¬
2267 840 3692 954 dorf beide im purgations eyd wohl underweisen zu laßen, nachbahrs
2286 898 3671 1016 har zu hallten, und mine gnädigeen Herren alsdann so wohl ihrer lümbden als empfan¬
2285 963 3664 1095 gener eydts instruction sey bericht ein zu sanden. Vide infra. 111
2279 1131 3642 1279 durch ein Schreiben von Gampelen wurden min gnädiger Herren berichtet, wie daß
2288 1249 3599 1333 Lison Schreyer von allda, so aber zu Waberen wonhafft, der
2279 1295 3622 1420 Schwängerung halb beklagt habe Hans Willhelm Tschampion
2289 1362 3649 1495 auch von allda, mit verdeüten, daß er sie ferwichenen herbst
2257 1437 3651 1556 ohngefähr mitten Octobris in seinem hauß zu Bals an einem
2278 1503 3642 1636 tag zu 3en mahlen beschlaffen, er diesere klag aber gantzlichen
2266 1579 3604 1708 verneinet habe. Zugleich erschinen 2. Weibspersohnen,
2269 1649 3637 1783 und brachten an, Klägerin seye vor etwa tagen kindts
2262 1722 3644 1859 genäsen und auf sein Tschampion verrharret. Cogn. sollind
2261 1797 3654 1924 veranstallten, daß das kind getaufft werde. Item Schreiben an
2246 1893 3626 1982 Könitz und Gampelen beide im eyde zu underweisen, nach¬
2261 1941 3639 2073 währts, wann sie im stand sein werde zu erscheinen, solche
2265 2023 3635 2148 mit bericht beideren lümbden und empfangenen eydts
2240 2092 3657 2204 instruction har zu hallten den 14. July nachwerts erschinnen, sie beyderseits
2278 2185 3597 2276 da Er Tschampion dann nach langen terqiversieren angelobt, der Schreyerin kind
2296 2225 3624 2346 anzunemmen. Dahero dann min gnädiger Herren ihme solches als ohnehelich zu bekent, und
2294 2287 3448 2398 beÿde alhier zur ab büßung gehalten. Daß Schreiben nach Gampelen,
2267 2360 3599 2504 Erschinne mit einem begleith Schreiben von Fümolet Barbara Michel
2270 2454 3570 2551 von allda, so der ehe und schwängerung halb beklagt
2267 2519 3601 2649 Christen Baumann auch von allda, welcher ihra der schwän¬
