4032 3024
433 321 546 423 122
432 1199 551 1280 123.
435 1895 547 1992 124.
585 276 1842 458 Erschinne Verena Ochsenbein ab der Schwartzenegg
555 403 1842 548 so vorigen tags wegen laugnender schwangerschafft von dem
561 492 1784 626 Hebammen visitiert worden, und beklagte dermahlen
558 581 1791 721 der Schwängerung Hans Ulli Sahli von Wohlen,
573 661 1858 808 welcher Sie 14 tag vor Michaeli letsthin beschlaffen zu
555 751 1831 907 haben bekennet; den 30. diß brachter Frau Bäntz, die
572 861 1852 989 Hebammen an, die Ochßenbein seye letsten montag kinds
564 931 1873 1098 gewessen und auf dem Sahli als vatter deßen verharret,
564 1031 1795 1168 Cogn. Verschoben biß Sie erscheinen wird; Vide infra. 259.
587 1157 1828 1329 Erschinne Elßbeth Linder von Schüpfen und brachte an
564 1278 1818 1425 sie befinde sich Schwanger von Abraham Blüß von
571 1359 1838 1516 alhier, welcher auf der Wanderschafft, und Sie 8 tag nach¬
557 1451 1791 1607 Gallentag und 14 tag hernach beschlaffen habe; Cogn:
546 1530 1795 1683 zedul an mine gnädigen Herren. Die vorgesetzten der Nydeck Kirch
538 1623 1813 1759 zu veranstalten, daß sie in der genißt examiniert
555 1709 1811 1843 und mine gnädigen Herren ihrer aussag berichtet werden. Vide infra. 207.
578 1863 1811 2049 Auß einem Schreiben von Herr Castlauen zu Frutingen hatten
555 1960 1817 2154 Mine gnädigen Herren zu vernemmen gehabt, daß gestalten Barbara Ißler
549 2056 1813 2241 von Äschi der Eheversprechung halber beklage Heinrich
551 2141 1789 2291 Burri der vogtey Lentzburg, deßen aufenthalt aber
554 2216 1815 2377 dermahlen nicht zu vernemmen seÿe, mit verdeüten
547 2323 1811 2496 daß es ihre in bey seyn Hans Graaffen und Anthoni
548 2406 1779 2558 Güllers auß dem möntahl die Ehe versprochen habe
542 2468 1806 2659 welche dann auf getahnes begahren folgende kundschaft
538 2570 1841 2754 außag von sich geben haben, namblichen, daß er müller
1959 1267 2060 1380 125
2097 264 3496 441 Burri ihr Ißlerin in ihr der zeugen beydern gegenwahrt die
2100 334 3478 514 Ehe zugesagt und versprochen, mit dem beyfügen Sie
2101 432 3476 595 möge immer seyn wer sie wolle, auch sie gezeugen deßen
2097 497 3448 698 eingedenckt zu seyn, selbsten darumb ermahnt habe.
2081 603 3449 771 Cogn: Solle ihre obliegen ihne Bürri zu entdecken, und
2095 692 3478 891 nachberts an dem orth umb ihre ehe ansprach zu actioniren
2078 778 3450 992 Wo Er mit feür und liecht sitze, daß Schreiben nach Frutigen
2092 892 3487 1045 mit gesinnen fahls die Ißler Schwanger wäre, in der
2092 984 3434 1154 genist nach der ord. examinierung und mine gnädigen Herren deß
2075 1064 2999 1220 herauß kommenden berichten zu laßen.
2098 1264 3411 1447 Vide supra 65. Langte ein antwort schreiben von herren schultheißen
2084 1354 3434 1545 zu Murten ein, Er habe von diesem Peter nichts vernemmen
2075 1441 3399 1615 können, außert, daß es verlauten wolte, ob solte er
2073 1528 3430 1699 vor etwas zeits alhier in der insul gestorben seyn. Auf
2071 1614 3419 1780 diß hin erschinne auch der von der verstorbenen Gfellerin
2072 1724 3425 1875 angebene Jacob Claußer, und laugnete gentzlichen die
2078 1808 3437 1970 Gfellerin jemahls beschlaffen zu haben, Cogn: Recharge
2078 1923 3411 2073 nach Murten an herr Schultheißen dieser Peter seye
2083 2004 3428 2130 nicht gestorben, solle derowegen selbigen nachfragen laßen
2075 2093 3400 2241 und lauth ergangenen befelches in die öhrtigen kind¬
2042 2189 3406 2346 sschafften zu vernemmen, und deren gesagen mine gnädigen Herren ein¬
2061 2281 2305 2418 zusanden;
