4032 3024
440 236 542 323 72.
459 609 547 697 73.
373 745 572 854 # von min gnädiger Herr
491 1294 562 1373 74.
607 169 2018 349 erschinne mit einer Proced: von Meyri Barbille Concet von Conge¬
610 277 1995 434 vaux, so ihr kind Jaques L´Ador von Treyterrens zugeeignet, der
603 342 1992 498 solches auch nach etwelchem tergiversieren, als das seine anzunemen
619 426 1486 584 angelobet hatt. Cogn: sollen beiden abbüeßen
608 541 1918 699 durch ein Schreiben von fürren roth wurden mine gnädigen Herren berichtet, wie daß
612 638 1988 797 Matheuß Reß und Elisabeth Ladermann beide von allda, obschon
618 718 2010 829 sie den 23. August 1728 und den follgenden 27. August von minen gnädigen Herren ihrer begährten
636 773 1975 933 ehen abgewiesen worden, weillen für Reß und der Ladermann
622 858 1917 1004 erster mann sol geschwüstert kind gewäsen, ihren verdächtigen
625 934 1998 1040 umbgang, ohngeacht alles ernstlichen erinnerens nicht under¬
624 1012 1978 1116 laßen, sonderen sich außert landts kirchen recht gethan. Herr Chorweibel
625 1060 1881 1217 legt der Bericht ab sie seyend hier Cogn: sollen cittiert werden.
631 1262 1955 1405 Vide supra 29. bedenkens getragen hierüber anoch etwaß zu
633 1334 1979 1473 erkennen und in follg deßen auch min gnädiger Herren diß geschafft wider
644 1401 1997 1527 zusenden wollen, mit gesinen selbiges in mehrerem und zwahr
628 1478 1991 1616 gründtlich zu Examinieren ein guthachten abzufaßen und Herr jeh:
628 1528 1983 1680 zu referieren. Darüber ward follgendes ihr Gnaden refferiert zu
631 1608 2000 1729 laßen erkent. Zu follg Euw: Gnaden mine gnädigen Herren deß oberen Chorgrichts
638 1710 1991 1824 zugesanten solchen befehl das geschafft ansechend Victor Meyers
643 1765 2007 1882 deß schloßers mit Susanna Willi vorhafenden ehe in mehreren
646 1810 1959 1959 zu undersuchen ein guthachten abzufaßen und erst gehe zu
1442 1878 1600 1941 Chorgrichts
649 1882 1994 2023 refferieren, habend mine gnädigen Herren deß oberen solches ohne anstand zur
658 1952 1995 2081 hand genommen, ihre gedanken daruber wallten laßen und be¬
647 2012 1999 2181 funden, daß, weillen besagter Meyer sie E. Gesellschafft zu
635 2100 1975 2257 Scheinen nicht erhallten, er hiermit weder als ein gesellschafft
660 2170 2015 2298 genoß noch als ein burger sonderen als ein frembder betrachtet
660 2238 1995 2372 werden können einerseits, anderseiths dann solcher vor nicht
650 2305 1939 2419 mehr als einem jahr die Cathri Willi zu ehelichen und zu
642 2374 1938 2499 diesem und von Minen gnädigen Herren deß oberen Chorgrichts einen eheschein
663 2442 2038 2562 begährt, deßen extradition aber, weillen, sothane durch die E. gesell¬
649 2511 2023 2662 schafft zu Schmiden behinderet worden, nicht erfollget, nach abschlage
652 2591 2010 2740 dieser dann er sich allso balld nach der jüngeren schwester Susanne
2104 796 2218 896 475.
2269 207 3652 362 gewendt und solche geschwängeret, wordurch dann bereits ein
2268 296 3706 425 mächtige ergernuß entstanden, welche annoch großer werden wurden
2249 364 3629 481 wann die blatz finden und vor sich geschen sollte, diesere ehe hir¬
2270 427 3633 541 mit nicht zu bewilligen, sonderen er deren abzuweisen seye. Es über
2272 491 3659 618 laßend aber wohl ermellt mine gnädigen Herren alleß Euw: Gnaden hochweisenn guth¬,
2263 567 2424 684 finden.
2213 751 3682 888 Vide supra 23. langte ein zedel von minen gnädigen Herren den räthen dieses innhaltes
2265 841 3663 948 ein nachdemme min gnädiger Herr von seiten eüwer miner gnädigen Herren hinderbracht worden.
2263 893 3617 1003 welcher gestalten Catharina Brunner zu dem in Anno 1723. zur
2270 954 3666 1071 welt gebohrnen kind, als vatter einen gewüßen Johann Ludwig von
2270 1013 3663 1123 Schwanenbach von Zweybrüggen angegeben, seithero aber deßen herr
2278 1062 3642 1182 Hauptmann Augspurger implicieren wollen, ihr Buch dann ihne
2275 1122 3660 1256 herren Augspurger deßen liberiert, als habend selbige in Conformitet
2256 1175 3656 1284 der ordnung erkennt, daß sie Catharina Brunner eidtlich von
2271 1270 3676 1346 dero statt und landen bannisiert, die bastardin aber auß milten
2267 1314 3665 1426 considerationen alhier gelaßen werden solle, inmaßen herr Groß¬
2263 1364 3652 1482 weibel und herr Grichtschreiber den befelch zu daheriger veranstal¬
2251 1428 3650 1552 itung bereits empfangen, deßen ihr meine Herren und Gnaden hiemit benacht¬
2290 1504 2599 1623 richtet werden.
2253 1546 3663 1682 und weilen annebend verlautet, daß so wohl die muetter, als ihre
2275 1618 3638 1766 übrige töchteren sich gegen auch mine gnädigen Herren und anderen persohnen
2268 1669 3628 1783 in specie aber wider herr Hauptmann Augspurger, seine frau und
2269 1751 3615 1882 ehrgeliebte kinder und haußbediente frech und ohngezimmend
2282 1795 3624 1963 Aufführind, als langet ihr beden fründtliches gesinnen hierdurch
2271 1857 3655 2011 An euch min gnädiger Herr diese muetter und töchteren vor eüch zu bescheiden
2275 1916 3653 2055 ihnen mine gnädigen Herren Mißfallen hierüber zu bezeügen und sie zu besserer
2260 1980 3596 2104 aufführung und ohndadelichem wandel krefftig anzumahnen,
2269 2048 3643 2185 auch zu bedeüten, fahls sie mit ihren bösen nachreden oder molesta¬
2256 2116 3624 2268 tionen continuieren, Herr Bruch ihnen dero Indignation kräftig
2273 2168 3630 2336 verspühren laßen würden; und übrigens krafft miner gnädigen Herren befelche
2272 2233 3607 2377 vom 2. diß monaths, so dieselben hierdurch früscher dingen
2280 2289 3589 2459 bestätigen, auf ihre Conduitte achten zu laßen. Nach dessen
2260 2350 3614 2545 wegweisung zu verfahren und Herr Buch zu der bestrafung
2266 2429 3269 2607 den vortrag zu thuen. Acte 12 tag may 1729.
3138 2505 3527 2620 Canzley Bern.
2262 2584 3473 2752 Obiger min gnädiger Herren befelch ist exequiert worden. Vide infra 200.
