4032 3024
532 271 615 367 83.
556 1400 663 1522 84.
675 229 2025 411 Von der Erbahrkeit zu Lassaraz wurden mine gnädige Herren be¬
654 394 2013 512 richtet, wie daß Marie Morell ihre angehörige letsten
652 457 2020 605 Zeith von Genff her bey ihrem Ende angelanget, also
652 536 2022 710 bald hernach eines Kindts genesten, und zum Vatter desßen
644 664 2004 780 Francois Hem von Nimes en Dauphine ernamset
656 743 2014 895 habe, welcher wahr dermahlen nicht in Genff alles er
668 819 1993 977 sie beschlaffen, seye, sondern sich auff Nimes begeben
648 918 1971 1067 habe, mit Versprechen, daß er mit nechstem widrumb
661 1028 1999 1177 nacher zunff kommen wolle. Cogn. Schreiben nach Lassaraz
659 1098 2000 1257 solle sie Morell Lauth ord: dem frembden vatter
657 1196 1576 1346 samt ihrem kind nachgeschickt werden.
695 1386 2005 1586 Durch ein Proced: von Escherlitz wurden mine gnädigen Herren be¬
662 1514 2010 1663 richtet, wie daß Maria Banchaud von Bolier le Grand
663 1599 1979 1745 der Schwängerung halber beklage Jaque Vuilliamoz
656 1706 2016 1842 ein ehemann von Crissier, welcher ihro aber dieser an¬
654 1801 1987 1934 klag in abred seÿe. Cogn: Schreiben nach Escherlitz sie in
665 1871 1979 2004 ihrer genißt lauth ordi de Ao 1712. Examinimieren und
651 1999 2023 2126 mine gnädige Herren deß heraußkommenden berichten zu laßen, Mithin
647 2068 2028 2228 fahls sie etwas wegen proponierter Ehe widerger Vuilliamoz
670 2179 2023 2297 bewyßen könten kundschafften zu vernemmen und dero
665 2261 2004 2408 außagen mine gnädigen Herren einzuhanden, den 20. hujus Langte
669 2346 2003 2493 der Bericht von Escherlitz ein, die Banchaud seye d. 8.
670 2438 2036 2581 diß monaths under gnugsammer Examination kinds gewesen
675 2526 1997 2666 und auf ihrer ersten außag verharret, Cogn: Schreiben nach
662 2606 2028 2754 Ifferlitz beyde im Eyd instruieren zu laßen und nachber
664 2710 2010 2857 selbige mit dem nöhtigen Bericht vor mine gnädigen Herren zu halten, den 22
674 2781 1219 2880 Aug: Vide infra. 241 1/2.
2124 1858 2218 1954 86.
2141 311 2245 422 85
2295 306 3678 510 durch einer Procedur von Roll wurden mine gnädige Herren berichtet
2277 409 3605 554 wie daß Jeane Marie Jeanin von Motier Travers den
2271 520 3664 666 7ten Marty letsthin under gnugsammer Examinatione Kinds ge¬
2256 594 3592 744 nesten und auf Jacob De Martine ihrem angehörigen
2271 694 3665 841 als Vatter deselben verharret seye, mit verdeüten, daß
2267 780 3643 916 Er sie in dauff allwo sie mit einander gedienet, under
2259 859 3624 1009 getahner Ehelichen Versprechung geschwängeret haben,
2268 949 3635 1101 dieser De Martine aber befinde sich dermahlen auf
2267 1033 3636 1177 seiner wanderschafft demme dieses klag halb annoch kein
2262 1126 3634 1268 bott bezogen, außert, daß sie vorgeben, daß es seit seine
2263 1213 3664 1357 abreÿß ihre und annoch ander Leüthen über diese Schwän¬
2235 1308 3643 1450 gerung zugeschrieben habe. Cogn: Schreiben nach Rolle, sollind
2268 1386 3551 1541 diejenige kundschaffts wyß denen er zugeschrieben
2243 1482 3603 1624 haben soll vernemmen und minen gnädigen Herren deß herauß kommenden
2257 1577 3645 1717 berichten, mithin dann die muter samt ihrem Kind wegen
2253 1657 3319 1802 zugefallener Kranckheit zu verpflegen;
2283 1856 3590 1989 durch ein Proced: von Blonay wurden mine gnädigen Herren berichtet
2258 1941 3600 2068 wie daß Catherine Meillau von alda der Schwängerung
2241 2020 3621 2156 halber beklage Anthoine Dupran auch von alda, welcher¬
2266 2105 3597 2229 aber ohne daß ihne dieses klag halb ein bott bezogen, sich
2268 2192 3566 2330 außert Lands befinde. Cogn: Schreiben nach Blonay, solle Sie
3564 2233 3597 2313 .
2258 2270 3626 2409 in der Genißt Examiniert, und die dißöhrtige Kundschafften
2258 2360 3593 2505 erst nach seiner heimbkunfft vernommen werden, ihro dann
2257 2447 3636 2593 das kind biß nach derselben samt des erhaltung überlaßen
2249 2557 2778 2691 seÿn. Vide infra. 159.
