4032 3024
410 1760 524 1881 A 19.
436 294 541 397 44.
447 1026 553 1128 118.
587 258 1882 435 Mit einem Begleith Schreiben von Schöfftland er schinne Elßbeth
577 384 1858 520 Gaßler Jacobs Tochter von Bottenwyl, und eignete
576 470 1884 621 ihr kind, wie auch in ihrer Genißt beschehen Hans Hundt¬
565 548 1885 721 tziger von Oberwynauw zu, der solches als das seinige
581 631 1884 798 anzunemmen sich erlaütheret. Cogn: Solle ihme dero¬
542 726 1847 861 halben selbiges nach der Ord. de ct. 1712. als ohnehe¬
563 836 1875 986 lich zu bekent seÿn, dess Schreiben. nach Schöfftland und Wynauw,
587 992 1830 1203 langte ein Zedul von Minen gnädigen Herren den Rähten dieses in¬
535 1113 1828 1248 halts ein, daß ihr Gnaden wohl zugeben mögen,
565 1204 1836 1371 daß mine gnädigen Herren zu nachspühr und behändigung verdächtigen
565 1268 1812 1435 Gesindels auß mangel der bestelten Choreweiblen
573 1354 1824 1527 anderen provosen sich bedienen zu können, dahero
557 1467 1846 1652 mine gnädigen Herren Selbige vor sich bescheiden, und ihnen Zurhaltung
551 1567 1471 1705 guter Vigilanz das glübt abgenommen,
577 1730 1839 1927 Erschinnen Mister Hebler der Sigrist, und seine Ehefrauw
558 1859 1858 2007 von alhier an einem, denne Christian Gottfried Langen¬
526 1915 1798 2080 kopf samt seiner Enfrauwen von Spandaub, da beyde
537 2025 1811 2187 partheyen wegen übelen Tractaments in empfindtlich,
535 2098 1812 2272 wohrten ab der anderen sich Beklagte, und beyderseits die
544 2196 1793 2347 einte der anderen solches verneinete, in sonderheit
542 2321 1803 2470 aber wolte Mister Hebler sich diß ohrts auf Kundschafft
530 2385 1807 2558 beruffen: Cogn: sollen beyden partheyen insinuiert
529 2491 1837 2654 bleiben, sich der gleichen sachen zu müßigen oder widrigen
511 2546 1509 2738 fahls angemaßener straff gewährtig seÿn;
1969 1559 2091 1631 121.
2010 308 2128 420 120.
2171 252 3518 481 Wurden Hans Bodmer von Wattenwyl und Anna¬
2127 382 3482 551 Neüwenschwander von Ansoltingen, umb weilen Sie
2125 478 3472 660 einandern seit langer Zeith verdächtig nach gezogen,
2139 567 3471 748 eingesetzt und destwegen zu red gestoßen, welche
2136 667 3443 844 aber alle thätlichkeiten Laugneten; Cogn: Sollen für
2120 742 3504 939 dißmahlen dimittiert, ihnen aber alle fehrnere umb¬
2101 855 3456 1002 gang verbotten seyn. Den 30. septembris ward sie abermahlen be¬
2113 946 3469 1056 tretten, eingesetzt und ihro die statt für eint und allemahl ver¬
2121 1000 3378 1115 botten, mine gnädigen Herren Schreiben nach Ansoltingen, mit gesinnen sie zu versorgen.
2378 1046 3191 1220 Montags den 27. Juny 1729.
2719 1178 2914 1269 Præses.
2455 1234 3115 1404 Mine gnädigen Herren Rauwherren Mutach.
2687 1352 2936 1478 Assessores.
2191 1414 2493 1544 Min gnädiger Herr oes.
2126 1512 3467 1719 Mit einer Proced: von Grandcour erschinne Daniel Mathey
2103 1628 3439 1828 von alda, und brachte an waßgestalten er von dasiger
2084 1726 3463 1905 Erbahrkeit, umb weilen es an einer Rejouissance tantzet,
2090 1829 3447 1980 zimlich hart büßet worden, vermeine nicht, daß er etwas
2081 1932 3440 2077 zu zahlen schuldig seye, in maßen er nichts anders ge¬
2078 2012 3431 2150 tahn, als was in dergleichen occasionen im brauch geweßen.
2070 2088 3419 2255 Cogn: Schreiben an Herr Landtvogt zu Wiblispurg, Mine gnädigen Herren hatten
2076 2188 3403 2347 erwünschen mögen, daß er diese sach außgemacht hätte.
2075 2255 3390 2421 Weilen aber selbige vor Sie gelanget, und dieser Tantz
2082 2367 3425 2500 an einer gewohnten rejouissance beschehen, als wollend
2069 2454 3408 2594 mine gnädigen Herren ihme diese buß nach gelaßen haben, der meinung
2061 2541 3381 2661 jedoch, daß er dem secretur und Weibel 18 batzen entrichten
2061 2630 3402 2774 sollen und ihme verwyßlich vorgehalten worden, seyen, daß
2058 2706 2942 2863 diß alles mit excess zugangen seye;
