4032 3024
529 279 640 391 93.
537 2368 642 2468 95.
542 1113 652 1228 94.
687 212 2041 411 Vide Supra. 66. Langte im Antwort Schreiben von Herr Predicanten
676 329 2016 497 zu Haßle ein, darinn vermeldet worden, daß diß sein
679 419 1997 588 Sohn Abraham d. 30. May letst hin auf seine Wander¬
657 526 2036 688 schafft verreißet seÿe, ohne daß Er ihme dieses anklag
670 629 1994 769 zulaußen machen können. Cogn: Schreiben nach Bümplitz die
687 720 2019 889 Stadlerin in ihrer bevorstehenden genißt lauth ordnung
694 825 1996 960 de Ao. 172. Examinieren, und mine gnädigen Herren nachwarts ihrer
680 922 2007 1077 genisstlichen außag berichten zu laßen. Vide infra 486.
707 1087 2006 1260 durch im Proced. von Mont la Villa Ambts Pferten
671 1190 2034 1350 wurden mine gnädigen Herren berichtet, wie daß Jeaner Guetti von alda
672 1285 2032 1436 so wohl vor, in alß nach ihrer Genißt, die da den 6. Martij
687 1360 2019 1531 letsthin under gnugsammer examination beschehen, zum
687 1445 2023 1607 vatter ihres kinds ernamset Abram Leuger Denvy, der
680 1558 2009 1711 ihre als er das erste mahl vor dem under Chor Gricht
670 1635 2002 1798 gestanden, dieser anklag gentzlichen in abred gelesten
680 1736 2019 1888 nachwerts aber ohngeacht ergangenen Citationen, und an
681 1838 2020 1976 ihne formierten Eheansprach das rechten deseriert haben
663 1913 2004 2072 Cogn Schreiben nach Mont la Ville, Sollend den Ecuyer annoch
682 2028 2011 2167 3. mahl von 24 zu 24 tagen vor minen gnädigen Herren citieren laßen.
685 2085 2005 2267 und so von ihme nichts zu vernemmen wäre, Wohlgedacht
674 2172 1600 2324 mine gnädige Herren deßen zu berichten: Vide infra S27.
693 2373 2007 2526 Vide Supra. 5. Erschine Madle Känckler bemelten Hans
692 2470 2005 2619 Köllis Eheweib und begährte wider ihne, als der bereit
683 2566 2030 2738 zum 2te mahl an ihro getreüt worden, die schiedigung
679 2645 1687 2780 Cogni Schnidbrieff ad formanum accordiert,
2130 304 2238 443 96.
2121 991 2229 1108 91.
2132 2321 2240 2428 98.
2276 288 3672 454 Vide voriges man langte ein bericht Schreiben von Selpein, daß
2260 402 3652 551 die Nägeli, so bereits zwey Ehebruch begangen, einer ehr-
2250 483 3643 635 bahrkeit alda ihre niderkunfft verborgen, so daß sie den a
2260 572 3661 729 Aprilis letsthin ohne der bestelten männeren bey seyn, kindt¬
2267 659 3640 824 genzten seÿe, Lage: So nach Schelp, diese Elisabeth Wägeli
2275 756 2976 897 gbahrsamlich alharo zu halten,
2274 963 3647 1143 Vide Supra. 44. Langte der Schriftliche Bericht von Apples ein,
2256 1083 3606 1245 bemelter Herr Eschiffeli seye vor dasiger Ehrbahrkeit ge¬
2258 1172 3602 1316 standen und ander bekennet die Isenschmid beschlossen
2256 1263 3595 1424 zu haben, beschwäre sich aber diß ihr kind anzunemmen,
2265 1353 3630 1501 in maßen sie sehr verdächtig mit dem müller knecht
2254 1446 3609 1600 umbgegangen, und sie bereits vorhin ein ohnehelich kind
2254 1539 3642 1691 erzeüget, Cogn: Schreiben nach Apples. Weilen Er den beyschlaff
2264 1637 3614 1784 bekennen und sie ihne in ihres genißt als vatter diß
2259 1735 3642 1863 kinds angeben, so solle ihme solches als ohnehelich zu bekent
2268 1810 3611 1959 seyn, und so es selbiges nicht annemmen wolte, herren Tschiffeli
2265 1916 3629 2062 Auf den 11. july nechstkönfftig vor min gnädiger Herren zu halten, ihme
2268 2003 3585 2157 übrigens überlaßend einen anderen gständigen vatter
2260 2088 2657 2231 laßen zu stellen.
2277 2308 3609 2437 Durch ein Schreiben von Kilchdorff wurden mine gnädigen Herren berichtet, wie¬
2250 2390 3620 2516 daß Madle Christen von Jaburg, die bereits bey 20 jahren
2249 2458 3584 2600 sich im Elsas aufgehalten, mit Hans Pfilipp Fäich der
2246 2546 3618 2697 Herrschafft Hochenloche im Schwabenland bey ihrem schwangeren
