3024 4032
250 3280 313 3391 d
305 2783 358 2879 h
271 2917 347 3051 9
308 2509 370 2627 .
279 297 412 377 128.
338 2050 392 2173 E.
367 717 437 838 Pr
530 317 1261 523 Sweytes Examen¬
738 476 860 554 mut
437 532 1232 718 Miclaus Hugi
466 724 1448 873 Obschon ihme bey Erster Verhöhr alle mögliche
459 810 1421 937 Vorstellungen zur Bekantnuß der Wahr¬
434 896 1438 1026 rheit gethan worden, Er aber selbige nicht
431 990 1456 1131 an den Tag gegeben, So werde Er noch mahls
434 1071 1421 1203 alles Ernsts und gütlich Erinneret über diese
430 1158 1420 1296 Sach die Wahrheit zusagen, ins besonders
451 1244 1433 1382 kann, weilen er beklagt und geständig, daß
430 1332 1430 1466 Er Stand angelegt, so solle Er die Umbständ
433 1407 1426 1542 freymüthig erzellen, damit nicht strenge¬
416 1501 1427 1627 Mittell dazu müssen angewandt werden.
348 1598 1396 1742 d. Er könne nichts anders sagen, als daß er
418 1691 1400 1816 mit der Haust die Gallmer zu zumahlen ge¬
406 1791 1349 1917 gschlagen, Er seye nicht von Anfang her
410 1870 1363 1994 dabey gewesen, und könne also nicht alle¬
406 1946 913 2083 Ambständ hersagen.
403 2051 1372 2186 Ob Er nicht bewehrt gewesen, da er sie ge¬
385 2138 1400 2263 schlagen, indemme die Wunden nicht von der
380 2225 1371 2363 Haust, sonderen von mehrerem Gewalt¬
361 2318 1393 2449 hergekommen, solle also offenbahren, wor¬
370 2408 859 2545 mit er geschlagen?
397 2491 1400 2618 Er habe nichts in der sand gehabt, und ber
367 2594 1393 2718 Zeüge, daß er mir mit seiner Haus die
349 2671 741 2811 Streichen gethan.
369 2773 1371 2920 Ob Er sich nicht vorgenommen, und gesagt, E
352 2850 647 2969 wolle Kraus
369 2946 1395 3077 In, Er habe das wohl gesagt, wann die anderen
353 3021 1378 3138 alle draus wollen, so wolle er auch mit gehen,
339 3112 1382 3235 und das darumb, weilen er die Kösten ger¬
337 3192 577 3315 efruchtet.
333 3278 1280 3429 Was Er dadurch verstehe die Anderen alle,
1278 3329 1358 3396 und
316 3371 941 3501 wen Er damit gemeint habe?
1223 3408 1323 3534 R.
2662 259 2785 367 129.
2680 357 2712 422 .
1639 287 2680 484 do Examen mit Niclaus Tugi.
1682 434 2737 593 der Scherz, sein Inquisitin Bruder, Burren¬
1585 509 1656 637 d
1665 553 1985 705 und Herrsche
1672 613 2748 782 Warumb er gemeint, daß Scherz draus solle.
1583 705 1652 800 4.
1667 745 2700 867 Weilen Er anlaß zu diesem allein gegeben
1588 791 1660 896 G.
1654 828 2763 946 indemme Er auf sein und seines Bruders Anrathen
1660 915 2575 1024 das Meitlin nicht gehen laßen wollen,
1666 1008 2749 1158 ob er den Scher sehen auf die Ballmer schlagen.
1582 1034 1651 1149 4.
1591 1125 1776 1246 I. Man¬
1596 1174 2745 1327 2., Ob Er dann nicht vermuthe, daß er geschlagen
1648 1291 1793 1383 habe?
1666 1360 2680 1471 vermuthen müße ers wohl, sintemahlen er¬
1587 1367 1656 1502 .
1643 1449 2736 1579 sich wie wild und rasend gegen die Ballmer¬
1645 1551 2716 1664 bezeigt, Auch habe Er von des Tischmachers
1649 1619 2740 1753 Töchteren zu Lübeley Elsbeth und Mädi ge¬
1631 1711 2778 1853 ghört, daß der Scherz zweymahl mit den Kerls¬
1643 1807 2440 1949 von Zalin sich zu Boden gelaßen.
1563 1956 1620 2019 9.
1655 1907 2770 2056 Was er dem Schertz geantwortet, als Er demselben
1639 1999 2382 2155 von der freundlichkeit geredet?
1570 2094 1641 2238 d
1655 2120 2726 2268 Mann habe nicht zu ihme geschickt, und also habe
1642 2207 2359 2352 er mit dieser Sach nichts zu thun.
1487 2305 1674 2434 Moliers
1700 2335 2720 2499 Es seye ein klarer Wiederspruch, inmaßen
1619 2434 2658 2581 Er ja selbsten bekennen müßen, daß Er zum
1636 2540 2733 2643 land hinauß wollen, wie den könne geglaubt.
1612 2626 2708 2751 werden, daß Er mit der Freundlichkeit nichts
1618 2693 2245 2834 habe wollen zu thun haben?
1554 2780 1652 2907 d
1654 2805 2674 2972 Weilen Niemand der Freundlichkeit halber.
1621 2888 2669 3036 zu ihme geschickt, zu demme seye es damahls
1633 2983 2682 3127 umb den Riesen noch nicht so übel gestanden.
1562 3025 1619 3168 .
1653 3094 2709 3222 Warumb er dann geglaubt, daß sein Bruder
1620 3175 2342 3317 zum Land hiraus gehen solle
1544 3254 1615 3355 G
1632 3261 2666 3414 Er habe nur gemuthmaßet, daß sein Bruder
1624 3354 2717 3507 möchte geschlagen haben, weilen er auch dabey
1594 3441 1844 3537 gewesen.
2576 3511 2605 3566 .
