3024 4032
340 332 468 416 112.
368 2715 438 2821 d.
378 2880 435 3004 .
242 3019 442 3147 Instiert
414 806 482 951 .
434 1091 495 1210 3.
430 1263 485 1366 d
675 380 1050 530 Examen
779 464 913 575 mit
497 523 1482 678 Christen Burren, in der Kircheren
505 625 1476 755 der Kirchhöri Könitz atatis 20. Jahr etc.
518 768 1462 934 wo Er zu der Gesellschafft gekommen, be¬
502 879 1473 1018 wußten donstags Abendts, da nach werthe
486 967 1361 1107 die leydige Schlägerey vorgegangen.
518 1056 1463 1222 bey der Fraus derseth Hauß habe er die
502 1175 789 1281 angetroffen.
520 1236 1479 1372 ob nicht wahr, daß er hiehar dem Weißen
490 1329 1476 1479 Stein Höltzli sich zu denen Anderen Könitzigen
493 1418 1472 1530 geschlagen, und die Ballmer geholffen auf die
486 1500 1140 1638 Seithen und zu boden stoßen.
490 1603 1463 1714 Er bezeuge, daß er nicht nahen gewesen, umb
416 1617 480 1741 d
474 1680 1464 1801 sich bey dieser Hergangenheit einzufinden,
481 1765 1482 1904 weiniger, daß er selbsten einichen Stoß gegen¬
475 1867 593 1943 ben
491 1909 1467 2050 Als nachwerths in dem Holtzli die Schlägeren
400 1945 463 2035 H.
478 1999 1452 2132 vorgegangen, ob er auch nicht darbey gebe¬
457 2100 1143 2209 1sen, und was er da gesehen
389 2173 1440 2318 R. Er seyn erst spath hinzugekommen, und habe
465 2294 1472 2412 niemand gekennet, habe nichts gesehen, als
461 2369 1456 2496 einen Guth auf dem Boden ligen, Als er¬
450 2463 1462 2590 aus dem Höltzli gekommen gegen könnt, habe
455 2536 1452 2659 er den Scherz vor sich gesehen, den er am
449 2624 864 2757 Jauch zen gekennt.
457 2702 1463 2829 Ob er damahlen und seithar nichts von dieser
440 2792 921 2919 Sach gehöret reden
466 2903 868 3029 Nein, gar nichts.
484 3013 1455 3144 Seine schlechte Negativen machen ihne sehr
424 3106 1449 3234 verdächtig an der Schlägerey selbsten theil ge¬
418 3195 1444 3312 habt zu haben, zumahlen genugsamme Runde¬
419 3267 1473 3394 schafft geredet, daß er unterwegs die Bal¬
1246 3405 1426 3489 met
1667 1019 1710 1136 .
2715 379 2809 469 174.
1805 392 2422 566 Christen Bürren.
1740 555 2788 703 Ballmer gestoßen, also bey denn Könitzeren und
1733 672 2771 796 der Schlägerey nothwendig müeße gewesen seyn
1720 757 2758 866 Auch wegen der zimlichen Tags Zeitern, Alles
1724 840 2779 957 oder das Meiste gesehen habe, wann er nicht gar
1733 923 2283 1045 ein Mitgethäter gewesen?
1748 1022 2739 1153 Er bezeuge nochmahlen, daß er nicht darbey ge¬
1734 1107 2447 1228 wesen und nichts gesehen habe.
1834 1234 2457 1354 Abgelesen und bestätiget:
1708 1365 2544 1504 Actum den 17.te Juny. 1752.
