3024 4032
312 344 403 433 44.
413 1678 477 1765 S.
325 2068 469 2185 Antbi
381 2653 454 2781 3
299 2973 445 3075 Antb.
351 793 498 915 Ant.
569 355 1225 502 Marion Walette.
497 489 1489 618 so ihme zur Seithelige, warumb es nicht
509 575 1410 720 die nöthige Hulß durch die Schlöster
494 664 1080 811 hinzugeruffen habe?
520 787 1477 914 Es habe seiner Schloester gesagt, daß
500 877 1432 1002 es ihme zu Hulß kommen solle, seÿn¬
490 983 1448 1098 aber bieder herauß in die Ruche ge¬
490 1077 1465 1200 " gangen, und habe unterdeßen, damit
494 1174 1437 1288 es solter umb Hulf ruffen könne, mit
496 1276 1447 1397 der Scherr dem Kindt die Sabel Schnur
491 1382 1459 1508 abgeschnitten, habe aber nicht gelußt,
501 1478 1435 1607 daß vermitlest deßen, dem Kind das
486 1572 1119 1686 Leben genommen burcke.
497 1673 1442 1818 Man es aller dießer Sachen so unberich¬
483 1775 1377 1893 stet, bie es dann die Sabel Schnur, so
468 1872 1371 1987 Iest in gehöriger Länge von deß
473 1975 1135 2107 Kindts Leib abgescheitten?
497 2067 1451 2196 Wan sie am rechten Ohrt abgeschnitten
475 2176 1383 2294 worden, so seÿe es für gelauß von
472 2279 1447 2392 ohngefehrd geschehen, Maßen es nicht
454 2374 1471 2493 gelußt, bie man mit der Kabel-Schuur
465 2468 1443 2613 umbgehen, noch daßselbe und erbunden
462 2574 877 2693 werden müße.
478 2667 1470 2797 Obes mit Niemand seiner vermuthen
440 2770 1418 2909 der Schlangerschafft halber sich be¬
458 2867 659 2968 vetis3
472 2964 1429 3094 Ohngefehrs Zbeÿ Monath vor der
447 3063 1482 3208 Benißt habe deß dechen ScheurMeisters
428 3183 1447 3316 Braub in ihrer Nachbahrschafft ihns darum
438 3281 1468 3421 fart angeret und Examinirt, auch sein¬
443 3375 1353 3516 Schbester dafür befragt, beilen sie
1290 3510 1401 3612 auch
1602 1989 1759 2091 Antl.
1661 1028 1739 1142 52
1816 432 2462 575 Marion Walette.
1755 567 2677 716 auch den Lieutenant wernier eff bey
1753 674 2687 795 ihme Inquisitin möchte gesehen haben,
1747 764 2683 892 habe Sie auch mit demselben davon ge¬
1761 853 2713 989 redt, und ihme seine vermuchtete Schban¬
1751 957 2322 1068 "gerschafft angezeigt.
1778 1045 2662 1169 Auß allen dießen Umbständen und
1758 1133 2705 1254 Antworten erhälle, daß es die Wahr¬
1750 1229 2670 1355 heit nicht gesagt, worzu es doch auf-
1758 1322 2641 1444 das nachtrücklichste vermahnt und
1742 1426 2629 1557 ihme die Unwahrscheinlichkeit seines
1742 1515 2671 1643 Vorgebens vorgestellet worden; solle
1742 1622 2622 1741 also in sich selbsten gehen, und durch
1736 1711 2691 1825 hartnäciges Laugnin sein ohne dem
1744 1813 2704 1950 schon so großes Verbreches nicht noch
1745 1910 2115 2023 vergrößeren.
1814 1995 2730 2111 Sostarck als es biß dahin versicheret,
1736 2085 2755 2194 daß es die Schlangerschafft nicht geglaubt,
1730 2185 2635 2314 sothue es solches noch, und verbleibe
1741 2278 2740 2425 bey seiner Außaag, könne auch bezeugen
1738 2371 2773 2503 daß ungeachtet der Lieutenant Wernier
1726 2472 2667 2571 ihme selbige zugemuthet, und mit ihme
1735 2563 2664 2682 darüber geredt, mit hinzuthun, bau
1736 2665 2719 2790 schon die halbige Zeit der Schbängerschaft
1730 2764 2701 2886 vorbey wäre, er ihme Inquisitin denoch¬
1730 2859 2687 2963 von einem gelußen Mensch Mittel das
1723 2952 2698 3070 Kind abzutreiben zu komen laßen könte
1729 3052 2586 3173 Es dennoch nicht geglaubt, daß es
1726 3157 2133 3261 schlanger seye.
1731 3239 2705 3383 Obschon der Inquisitin noch kräfftig zu
2679 418 2767 486 45.
