3024 4032
256 2415 328 2513 2.
185 2510 320 2624 Antl
228 370 345 446 210.
482 371 1188 541 Niclaus Stahler etc.
404 513 1383 654 deß Inquisiten Kirsche Hänger die Umb¬
392 603 1377 730 hang abgescheidten, welches dann der¬
398 710 1396 835 rjenige Firschwänger, so nachhero in dem
390 789 1380 927 Zimmer geblieben und gefunden worden.
503 889 1389 1032 Was ihme von diesem diebstahl zu¬
380 991 1378 1129 Theil worden, seyn der Silberne Kirsche¬
386 1074 1381 1205 Sänger und Ruppel samt einer gemein
387 1180 1365 1313 seidenen Recke und in denen Stucken, so
389 1279 1344 1377 in dem zu Münster verbliebenen Päcklin
369 1371 1379 1522 sich befunden, und was die Anderen be¬
387 1460 1387 1598 gkommen, seye, so viel ihme bekant, Ander¬
386 1563 1381 1693 eres nichts als deckenen und Umbhänge
365 1655 1377 1795 so sie zerscheidten und getheillet /: Außert
368 1763 1378 1871 einer Großen Parade, Deden 1) welche der¬
363 1848 1381 1987 Groß Languedor und la Rose zusahmen
362 1948 1378 2079 in Durchen verkaufft, Sie haben auch eine
351 2042 1377 2163 Uhr oder Pendule genommen, wie sie aber
367 2135 1357 2267 nicht gewußt, wie und wo selbige zu ver¬
354 2244 1354 2379 ekauffen, haben sie solche auf der Terrasse¬
335 2321 671 2447 stehen laßen,
353 2417 1165 2553 Wielange sie sich da verweilet?
366 2506 1357 2646 biß umb 12 Uhren, da die Kunde ange¬
347 2610 1366 2749 pfangen starck zu bellen, darauf Er Inqui¬
334 2718 1371 2831 nsit geförchtet, es möchten die Leuthe kommen,
706 2797 770 2865 S
328 2815 1362 2935 und habe seine Cameraden Avertirt, worauf
310 2904 1350 3046 sie in der Eyl, was sie gekommen, zusamen
327 2990 1287 3133 in Sach eingepacket, welche die Welschen
333 3102 1225 3240 bey sich gehabt, und haben hierauf die
321 3205 1350 3329 Blucht genommen, der Andres aber habe
1217 3330 1270 3442 ich
1496 1557 1565 1662 1.
1469 1761 1589 1869 Arnstl.
1502 2138 1572 2246 8.
1444 2332 1559 2408 Antl
1497 2706 1561 2792 .
1446 2870 1572 2986 Ant.
1476 3062 1544 3168 2.
1438 3257 1577 3366 Auto
2486 369 2564 466 IIII.
1604 300 2357 514 Niclaus Stahler etc.
1564 465 2496 627 sich noch länger in dem Schloß verweilet,
1570 549 2547 714 und seye erst wieder zu ihnen gekommen et¬
1571 635 2544 805 wan ein Stund hierwerts Langenthal, All¬
1560 735 2541 921 wohin sie alsobald sich verfüget, und auch
1564 856 2545 1024 schon bey Anbrechen dem Tage angekommen
1569 984 1781 1077 waren.
1577 1055 2538 1200 zu Langenthal haben sie sich nicht aufge¬
1574 1158 2510 1286 halten, sonderen seyen geraden Wegs¬
1573 1236 2542 1384 ins Holtz bey St. Urban gewesen, wo sie
1570 1335 2534 1475 dan deß Tages ihr Raub mit ein ander
1575 1460 1858 1576 getheillet.
1594 1543 2547 1695 Ob unter denen gestohlenen Sachen sich kein
1575 1641 2227 1770 Silber- Gescher befunden.
1623 1743 2568 1868 Seines Wißens nicht, wohl aber etwas
1570 1824 2541 1955 Metallenes, welches zweiffels ohne beym
1574 1928 2541 2070 Entwenden vor Silber werde angesehen.
1580 2034 1942 2152 worden seyn.
1594 2102 2568 2247 Mann und umb welche zeith deß jahrs dieser
1568 2217 2537 2356 Einbruch zu Kindelbanck geschehen seyn?
1599 2296 2580 2429 Etwelche kleine Zeit vorher, ehe er zu Münster
1576 2402 2526 2539 in Verhafft genommen worden, müße also
1588 2484 2543 2625 etwelche Tage vor Meyhnachten deß 1750.
1576 2615 2080 2732 Jahrs gewesen seyn.
1584 2665 2556 2806 Was vor Wetter es gemacht in der Nacht¬
1561 2772 2371 2938 als sie diesen Einbruch verübet.
1597 2857 2606 3029 dage eine stermische Große Regen Nacht¬
1594 2999 1796 3097 gewesen.
1598 3058 2598 3187 Ob sie nicht in dem eingebrochenen Zimmer
1593 3165 2116 3298 Riechter angefundet?
1610 3248 2590 3386 da, sie haben die dorten gefundenen Riechter
2314 3335 2587 3444 angezendet
2554 422 2636 531 3)
2579 702 2612 749 6
2585 996 2628 1181 .
2592 2019 2634 2071 ex
