3024 4032
227 343 390 433 256
307 406 398 494 Von
425 342 1306 482 Wegen Vieronimus Röster.
407 472 1400 607 falsche Freyheit so weit getrieben, daß sie
403 546 1420 700 die Wahrheit zu reden, oder die Unbahr¬
397 646 1386 809 rheit, dießes oder jenes zu thun gleich¬
399 757 1398 896 gültig halten, zumahlen sie sich Gotte
394 847 1383 989 einzig und gar überlaßen; Wormit die
383 941 1369 1073 dan̄ in alle sundliche Lust und Kaster
389 1028 947 1132 eingeflochten werden.
383 1111 1378 1240 Dieser Weg habe Ihne für den Zimmels
386 1216 1335 1361 Weg allzuleicht gedunckt, wormit
377 1319 1376 1452 ihme dan̄ die Augen, Gott seyn dancke,
388 1432 877 1550 aufgethan worden.
383 1533 1352 1644 Münschte herzlich, daß diese Gnad auch
380 1613 1342 1738 Anderen wiederfahren, und der Grund¬
367 1704 1402 1811 aufgedecket werden möchte, zumahlen
369 1800 1396 1934 die Sach noch weit auß gebreitet, und ein¬
353 1889 1354 2006 gewurzlet seyn. Da seye insonderheit
371 1988 1342 2115 ein gewüßes Radty s. N. Soll die Ber¬
344 2090 1392 2210 kante Cannerin seyn aus dem Appen¬
351 2183 1374 2306 Zeller Lands in des Obermacht bey Peter¬
352 2274 1356 2398 und Hans Hand, welches ohngefehrd, wie
345 2365 1287 2488 die Elsbeth Kißlig, lehre und rede,
412 2475 1280 2592 Ansehend das Lehr Ambt, haben sie
331 2577 1377 2696 sonderbahr daßelbe nicht geschmahet, doch
341 2666 1287 2792 aber sich deßen auch nicht viel geachtet,
338 2770 1348 2882 Äußert Herr Lutz seel. welchen Er Be¬
325 2861 1122 2981 ponent auch offters besuchet.
353 2951 1301 3080 Actum den 30.ten Octobris. 1752.
317 3129 1343 3261 Underem 3ten Decembris 1752. widerholt
323 3239 1342 3383 und bestätiget der Christen zugeben obige
1180 3347 1342 3495 seine
2505 329 2614 407 257.
1494 317 2478 512 de Wegen Hieronimus Rohler
1567 473 2564 613 seine Außag dem Muß Kohler under
1573 575 2559 708 Augen, und füget hinzu: daß der¬
1573 671 2543 818 Muß kohler eine völlig gleiche Lehr
1571 767 2589 897 geführt, wie der Christen, wie er dann
1577 861 2583 1002 solches von verschiedenen Anhängeren
1579 957 2595 1117 öffters vernommen. Er für seine Persohn
1577 1066 2513 1198 habe mehr den Christen angehöret,
1630 1166 2609 1305 von dem Muß aber müße er Zeuge¬
1573 1275 2591 1388 nnß abstatten, daß er ihn mehrmahlen
1576 1363 2592 1525 gesehen sich mit Brönten Maßeren der¬
1576 1466 2580 1597 gestalten übernemmen, so daß er kaum
1587 1559 2540 1697 von dem Platz kommen können, demme
1575 1657 2580 1806 auch, daß er seinem Weib in seiner ge¬
1577 1759 2586 1907 genwarth angerathen, Mann er Depo¬
1582 1856 2579 1985 ment dießes Anhangs wegen, vor die
1558 1955 2565 2100 Richter bescheiden würde, solle er alles
1583 2046 2588 2178 ablaugnen, gleichwie er selbsten alles
1584 2126 2607 2282 auch Theer und hart abschwehren wolte.
2308 2286 2357 2354 4.
2231 2277 2300 2379 8
1599 2309 2554 2447 Hhierners Zeugete der Sepeler, wie
1597 2394 2586 2552 daß er auch mehrmahlen, so wohl vom Chri¬
1563 2499 2582 2665 gsten als vom Meß Kohler die Erschröck¬
1570 2588 2575 2728 gliche Worte außsprechen gehöret. Mann
1578 2687 2592 2833 Ihre Verkündigungen nicht wiederfahren.
1582 2763 2552 2925 und auf die von Ihnen vorgesagte Zeit¬
1583 2876 2569 3026 eintreffen werden, so seye Godt, nicht
1581 3000 2116 3143 ein Gerechter Gott¬
1663 3118 1758 3238 9
1605 3132 2571 3289 Der Beyelis erhielte dem Inquisiten
1593 3244 2545 3384 under Augen mit vielen Umbständen,
2440 3332 2596 3423 daß
