3024 4032
301 365 371 454 18.
278 1110 431 1258 befragt.
307 1920 381 2020 R.
494 384 609 495 8
467 398 1050 599 Bisten Auner
407 535 1444 725 gebunden, und ihnme alsobald der 25: Ebige Stein
421 648 1453 818 angehencet, zugleich die hievorige öffters Bieder¬
415 744 1454 895 hohlte kräffigst, und beleglichsten Ermahnungen¬
427 831 1462 986 nochmahls angedreckt borden; Ins besonders dan
1085 1068 1519 1166 angenen ui
484 1093 1492 1238 Ob Er nicht schon öfffers geständig seyn mueßen
409 1202 1488 1301 und noch anjezo seyn, daß Er auch nach seinen eigenen¬
404 1274 1486 1404 selbst bekanten Umbständen ein vorsetzliche und Boße¬
411 1355 1481 1491 hoffter Mörder seines Weibs geborden: Also die Ver¬
414 1449 1496 1585 hählung der Mehreren Umbständen ihme nur ein Hhar¬
415 1547 1457 1663 steres Urtheil zu ziehen werde, Solle also in Bottes,
420 1632 1481 1763 Nahmen noch dermahlen die völlige Mahrheit der Her¬
417 1734 918 1852 "gangenheit offenbohren?
412 1896 1481 2027 Er habe die gantze Wahrheit bekennet und könne nichts
419 2003 727 2113 mehrers sagen.
394 2159 1492 2283 Hhierauf wurde Er aufgezogen und nach deme Erbey¬
400 2246 1501 2369 2. Minnten an der Folter gehangen, Bate er, daß män
406 2326 1491 2455 ihne herunter laßen möchte, und Er bereit seÿn zu be¬
396 2419 586 2526 kennen.
367 2542 1493 2728 Da Er dan declarirte, daß nach deme er eine Zeit lang¬
394 2669 1502 2800 sein Weib Glouschen der Thur und Schloellen gekloment,
394 2762 1515 2890 allloo sie geschreyen, habe er ihr die Haarschnur zbeÿmahl¬
402 2846 1492 2984 umb den Half gemachet, dieselbe zugeschnärt, und also¬
392 2933 1053 3071 sie in die Stuben hineingezogen.
318 3141 1511 3277 X. Ob Er dann die Haar= Schnur nicht also zugedrahet, biß
400 3239 1086 3380 Er gesehen, daß der Tos Erfolget?
1213 3323 1404 3476 H. Er.
1607 641 1679 762 .
1582 878 1648 988 8
2255 319 2452 471 D
1740 402 2422 553 Gristen Riener.
1678 616 2736 747 Er habe die Schnur nicht gedrahet, sondern nur zuge¬
1666 707 2317 853 zegen, biß der Sadt erfolget.
1679 851 2717 1003 Ob Er lange zu vorschon den Vorsatz gehabt sein Weib
1671 947 1931 1052 abzuschaßfen?
1681 1108 2723 1250 Nein, sondern nur den Morgen seÿn er also über sie
1656 1229 2750 1351 Zornig borden und seÿe die Sach übrigens Hergegangen
1674 1292 2498 1432 bie in vorigen Examinibus vermeldet seÿn.
1669 1450 2723 1562 Moraufhin der Belingiient bieder aufgeloßt, die¬
1662 1548 2775 1660 stes Examen ihme von Mort zu Wort abgelesten worden
1675 1625 2726 1747 so Er auch als der Wahrheit gemäß bestätiget, nache¬
1654 1698 2558 1829 "Werths läieder an sein Ohrt geführt burde.
1792 1793 2175 1932 Bate um n3.
1635 1915 2698 2089 Ar Lctum durc Michg huen Zung Herr Tilier
2017 2056 2069 2098 2
1678 2060 2734 2173 als von Wngshern den Rästen unter gestrigen
1671 2134 2746 2247 Dato wohlterordneten Herren Ober Examinatoren
1672 2199 2724 2335 nebst Melchuo Vice Großbeibel Herbort, und
1660 2274 2732 2434 Brichtschreiber Batchet. In der Oberen Befangen¬
1671 2365 2319 2497 schafft den 17. ten Juny. 1751.
2717 333 2788 442 19.
