3024 4032
259 3068 457 3236 besagt
352 3268 429 3411 I
342 343 445 427 92.
409 558 495 675 11.
623 338 1311 483 Continuirte Informationen
553 494 1476 669 Christina Buggisters auch
530 626 1500 754 dem Büehl, Kirchhöri Zimmerwald, atatio
536 710 1080 854 25. Jahr, deponirte
594 794 1504 939 Nach vorheriger Ernstlichen Erneüerung
536 885 849 987 ad veritatem.
504 1077 1510 1235 Sie seye donstag Abendts umb 8 Uhr mit
515 1180 1486 1303 ihren Bruederen zur Statt hinauß gegangen,
508 1267 1419 1403 Als sie sich in dem Sulgenbach bey einer
487 1348 1401 1484 halb Manß Wein verweilet, seyen die
1185 1445 1215 1495 a
514 1447 1488 1557 Bursch von Konitz auf dem deß, doch et
513 1522 1479 1652 was entfernt gefolget, da haben sie gehört
507 1610 1475 1724 Tancken, allda habe es andere Leüth ange¬
487 1689 1442 1817 etroffen, mit denen es sich auf die Seithen.
478 1780 1425 1924 gestellt, biß die Rodt vorbey gegangen
493 1876 1403 2005 Wie sie nun in das Höltzlin gekommen
471 1964 1461 2098 haben sie die Schlägerey gehört, und etwas
487 2067 1473 2203 davon gesehen, so weit die angehende Nacht¬
489 2162 1488 2301 es zugelaßen, habe aber niemand gekennt,
484 2261 1473 2376 welches sie mit gutem Gewüssen bezeuge,
508 2335 1487 2472 Als die Sach vorbey, seyen sie ihres Wegs¬
467 2428 1429 2553 fortgegangen, da sie dann auf dem Platz¬
461 2520 1472 2636 etwelche stillstehend angetroffen, andere
457 2614 1440 2729 aber, die von dem Handel weggegangen,
449 2690 1456 2797 habe sie nachwerts wieder gefunden und mit
443 2781 1476 2910 ihnen biß zu der Könitz Stapfen gegangen.
456 2865 1478 3002 darunter seyen gewesen hendlicht Michel vor¬
448 2956 1212 3111 Mengestorff, zendicht Span.
476 3078 1461 3243 Ob sie nicht den Christen Riesten seith dem
447 3199 1104 3318 Gestüchel auch angetroffen.
461 3302 1469 3433 Ja, habe ihne angetroffen, daß er seinen
1270 3416 1427 3551 such.
1602 1587 1698 1669 12
1635 555 1678 627 N3.
1662 1078 1719 1172 .
1658 1241 1727 1370 3.
2682 445 2781 519 geh.
1744 526 2752 660 Ruth gesucht, habe einer von sein Deponentin
1740 637 2725 755 Gesellschafft gerathen, sich ehinder fort zumachen.
1724 724 2740 846 Worauf derselbe und zwar ohne Guth strenger
1732 800 2710 913 als Sie vorausgegangen, von welchem an
1727 882 2739 998 sie ihne nicht mehr gesehen, und es nichts von
1741 970 2344 1081 dieser Sach weiters gehört.
1751 1066 2731 1187 Ob Sie dann unterwegs biß zu der Stapffen¬
1742 1141 2394 1255 nichts davon reden gehört?
1745 1223 2712 1357 Nein. Auch seyn die Mengestorffer erst
1716 1324 2382 1443 Spath zu der Sach gekommen.
1737 1534 2733 1693 Bendicht Sparry, von Basel. 20.
1733 1657 2739 1767 Jahr alt, deponsirte Auf gemachte Vor¬
1699 1733 2673 1859 gstellungen, in einer solche wichtigen Sach die
1716 1820 2109 1923 Wahrheit zu reden.
1692 2040 2686 2168 Er seye Constags als den 8ten diß Monaths¬
1721 2135 2705 2237 umb halb 9 Uhr mit Hanß Scherz zum Thor
2616 2230 2646 2289 .
1693 2202 2612 2308 hinaus gegangen, allwo sie sich bey dem
1688 2267 2686 2401 Jost Gubel gestellt umb dem Heüler Werck¬
1709 2352 2730 2492 zuzusehen, darauf seyn die Christina Burge¬
1708 2449 2691 2561 sperg mit dem Niclauß in der Oberhalten
1712 2527 1741 2596 G
1706 2533 2723 2643 und einem Anderen aus dem Fürst Graben
1707 2600 2727 2754 Auch hiezu gekommen, Als sie in das Höltzlin
1705 2705 2673 2812 gekommen, habe er einen Kerl angetroffen
1698 2781 2702 2902 der niedergebucht wäre, und deßen Saar über
1695 2855 2726 2963 das Gesicht hierunter gehanget, worauf der
1675 2934 2676 3074 selbe zu dem Scherz Benz gegangen und mit
1683 3030 2719 3155 hieber Stimm gesagt, Bentz hast du mir mein Guth,
1688 3113 2706 3239 worauf derselbe erwiederet, sein, ich habe
1676 3183 2699 3326 ihne nicht, worüberhin Er Deponent dem Kiesten
1666 3267 2709 3391 so er aber damahls nicht gekennet, gerathen,
