3024 4032
227 347 343 414 250.
244 396 343 486 ven
343 347 1375 513 Mann Hieroris Röhler.
409 467 1411 596 und segen die Tempel Gottes der Chri¬
398 561 1390 703 isten habe sich als den Tempel Gottes deß¬
408 664 1393 770 Vatters, der Muß, Gottes deß Sohns¬
405 759 1378 895 und das Elsi, Gottes deß Heil. Geißen
401 851 1390 990 und als die neuen Erla gestellet, und dar¬
392 958 1387 1073 für außgegeben: Sagende, sie seyen
398 1046 1375 1160 außgesandt von Godt zu lehren, der
382 1144 1263 1259 Muß, dann habe auch offters gesagt,
1261 1170 1300 1277 .
393 1236 1299 1380 Godt habe ihme zu seinem Knecht ge¬
1305 1291 1362 1327 .
398 1335 1393 1459 edinget, und mithin solle er nicht mehr
394 1435 1359 1557 arbeiten, firners haben sie sich vor
389 1537 1384 1647 zween Reuchter außgegeben, und zu ver¬
389 1629 1354 1767 stehen gegeben, sie sollen aus der Einster¬
383 1729 1369 1857 runß liecht machen, samt noch viel An¬
380 1812 1381 1962 deren höchst ärgerlichen Reden, an die er¬
371 1931 1369 2055 sich anjetzo nicht mehr wohl zu erinneren
366 2023 528 2131 Cuße.
350 2073 1344 2190 Doch müße er noch das Beyfügen, auf¬
356 2186 1337 2308 welche weis sie die Leuthe angeführt, und
346 2266 1355 2414 zu ihren Anhängeren gemacht. Darmit
356 2373 1291 2501 daß sie die Gerichte Gottes verkündet,
352 2464 1353 2591 und selbigen eine Zeith gesetzet, nach welcher
341 2578 1313 2675 Niemand keine Gnad von Gott mehr
344 2666 1344 2800 werde zu hoffen haben, und war sich also
344 2763 1297 2882 nicht ihnen und ihrer Lehr werde zu be¬
331 2858 1329 3005 kennen, dieser werde verlohren gehen in
340 2949 1308 3103 Ehrigkeit: Auf diese Weis haben sie sich
332 3061 1333 3200 die Leuthe zu Anhängeren gemacht, und
323 3177 1380 3298 haben (: doch ohne Praecise zu heischen ) mehr
317 3266 1365 3390 Einkommens, als die beste Pfrund im Land gehabt,
320 3356 1333 3483 die einfaltigen leüthe haben allzeit geopfferet und
310 3438 509 3532 gebracht.
1241 3435 1335 3537 I.
1502 2407 1558 2509 H.
2531 252 2660 362 251
1483 261 2474 498 vestern Vieronimus Röhler.
1576 398 2596 557 Was ihme aber an ihrem lebwesen anstößig
1478 502 1562 617 H.
1562 527 1843 663 vorkommen
1571 612 2601 765 Haubtsächlich, weilen er gesehen, daß die¬
1484 689 1553 803 I.
1555 706 2619 888 unkeüsche liebe bey Ihnen sehr über Hand
1553 812 2595 966 genommen, der Muß habe zwey Weiber
1563 928 2632 1077 gehabt, die Einte sein rechtmäßiges Weib
1551 1029 2599 1175 das andern aber seyn die Elsbeth Rischlig,
1562 1135 2601 1258 die er außgegeben vor die wahre himb¬
1557 1227 2604 1392 glische Braut, und sich selbsten habe er vor¬
1559 1331 2616 1458 den Bräutigem gestellt. Mit diesen Bey¬
1563 1428 2605 1559 den Weibsbilderen habe er ein freye un¬
1577 1531 2571 1673 geschochene Gemeinschafft gepflogen.
1545 1601 2530 1767 So habe er Deponent auch selbsten von
1564 1717 2577 1864 einem Meibsbild von Kosten gehöret,
1552 1824 2559 1966 der Muß habe sie umb die Unkeüschheit
1564 1934 1945 2063 angesprochen.
1683 2003 2590 2144 Noch mehrere dergleichen Koster habe er
1563 2113 2627 2244 an ihnen gemercket und verspührt, die er aber
1560 2219 2573 2324 nicht sagen wolle, weilen er nicht ein Augen¬
1566 2308 2138 2432 zeug derselben gewesen.
1563 2384 2568 2517 Ergebe vor, er habe, ansehend den schuldigen
1564 2494 2595 2607 Gehorsamb gegen einer hohen Oberkeit, von
1571 2598 2570 2725 denen Brüggleren anders nichts gehöret,
1565 2686 2544 2809 Als mann solle Gott mehr gehorchen, als den
1553 2758 2598 2912 Menschen, da er doch meiner, vor bald 4. Jahr
1555 2869 2595 3005 eren, mit Ihme zu Schwartzenburg gehaltene
1564 2957 2585 3100 Verhör, gestehen müßen, daß er bey herren
1553 3039 2595 3185 Pfarrer zu Albligen geredet, Er erkenne keine
1553 3136 2596 3291 Oberkeit auf Erden, und Erkenne durch die
1554 3239 2592 3354 obschwebende oberkeit, niemand anders als die
2313 3331 2510 3432 Ob Er
1558 3341 2087 3463 Seilige Frey Einigkeit.
