3024 4032
266 3280 439 3422 Instiis
328 2277 475 2381 Antl
361 345 446 451 54.
345 1066 491 1213 Antb
398 1581 487 1686 5.
614 339 1237 482 Marion Valette.
521 457 1443 611 durch Hartnäcigkeit nicht schloever¬
533 563 1447 706 machen, sonder in Aufrichtigkeit ei
517 662 1467 811 Volständige Bekantnuß abstatten;
512 769 1442 904 Sonsten und ferners ablaugnenden
500 875 1462 1026 falls härter an ihns gesetzt werden.
521 973 744 1076 burde?
527 1057 1463 1199 Es habe einmahl die püre Mahrheit¬
509 1155 1347 1292 über alles gerecket, und Beharre
515 1263 1472 1400 darauff, daß er keines legs das Vor¬
498 1377 1343 1514 haben gehabt sein Kind umb das¬
529 1485 964 1597 Leben zu bringen.
512 1573 1473 1713 Warumb es dann jederZeit seine Schbon¬
491 1679 1460 1827 gerschafft so frecher Meys abgelang¬
499 1787 1459 1917 gnet, Obgleich nicht nur es von seinem
499 1875 1454 2023 eigenen Vatter, sonderen auch von vielen
479 1980 1387 2117 Anderen Persohnen mehr und so gar
482 2082 1472 2212 von dem Melschen Chorgricht darumb¬
485 2165 1151 2301 zu Res gestoßen borden?
518 2291 1448 2409 Es habe einmahl nicht geglaubt, daß
487 2368 1459 2508 die Zeit seiner Niederkunfft so nahe seÿn,
478 2476 1448 2617 seinem Vatter dann habe es solches nicht¬
473 2573 1407 2696 gestehen dörffen, beilen er hierüber¬
484 2677 1458 2806 vielen Verdruß gefaßet hätte. Vor¬
478 2776 1453 2901 dem Melschen Chor= Gricht aber habe
470 2903 1432 3035 es aus Horcht vor der Straff gelange¬
454 2978 1446 3120 gnet, und beilen er Sinns gebesen Endlich
473 3092 1429 3213 dem Oberen Chor Gricht die Schbänger
466 3214 959 3334 schafft anzuzeigen.
478 3304 1453 3435 Wie es doch seyn könne, daß es gegen
454 3415 1444 3543 seine Leiber, Brucht keinen Mörderin
1552 1887 1705 2004 Antb:
1579 2189 1657 2285 5.
1555 2563 1713 2655 Antl
1833 257 2529 459 Marion Waldte.
1723 380 2737 595 Mörderischen Vorsatz gehabt; Was
1745 474 2794 702 es doch sonsten im Siin gehabt hätte, und
1735 600 2746 799 Wie es sich im wenigsten entschuldigen.
1721 736 2728 866 bolle, daß nach deme es deß Kindts¬
1734 830 2779 1006 glücklich genesen, und selbiges neben¬
1732 940 2712 1080 sichtigend gehabt, zur Zeit, da seine
1726 1023 2775 1180 Schlöster in der Stuben gelesen, daß
1731 1123 2840 1289 es nicht dieselbe umb Hulß auß geschedket
1728 1241 2798 1401 Anstatt es vorgeben dörffen, daß nach
1738 1360 2707 1495 abgeschnittener Sabel- Schner er¬
1737 1429 2797 1596 die Hülf selbsten hinzuruffen Bollen
1722 1548 2749 1709 belches gar keine Wahrscheinlichkeit¬
1724 1646 2751 1817 hhabe, sonder seinen Vorsatz und Böse¬
1731 1754 2755 1921 That in genegsames Kiecht stelle?
1733 1890 2700 2026 Er habe gehört, daß seine Schlooster
1717 1993 2685 2106 seinen Vatter Avertirt, habe also ge¬
1732 2080 2607 2200 hoffet, daß Hulß kommen werde.
1721 2176 2763 2309 Morum es dann die Sabel -Schnur abge¬
1712 2287 2689 2403 Ichnitten, da es Hülff erwartet; zu¬
1734 2389 2734 2505 mahlen sich da keine Nothwendigkeit.
1738 2467 2665 2617 Befunden dießer zu verrichten?
1744 2566 2747 2718 Weilen es gehöret, daß seine Schböster
1728 2680 2826 2830 von seinem Vatter zum Herren Predicanten
1729 2766 2826 2937 geschuckt worden, habe es selbsten auf stehen
1722 2863 2705 3038 von seinem Kend sich looß machen, zu¬
1719 2988 2762 3125 gleich die in gleichem Hauß bohnenden
1724 3088 2617 3251 Brauben zu Hülff rusten bollen.
1723 3184 2789 3361 Nachkemme aller Vorstellungen ungeachtet
1727 3275 2779 3475 über die vorgehaltenen Umbständ nichts
1731 3365 2823 3647 Beiters aus der Delinquentin zu bringen,
2554 3583 2760 3671 Burde
2745 200 2859 302 5.
