3024 4032
130 3221 279 3376 Sag
211 448 398 575 Antwort.
232 822 358 965 Hag
191 1032 382 1146 Antwort.
206 1736 320 1864 C.
169 1983 334 2109 vogt.
166 2176 348 2291 Gichwort.
430 465 1388 613 Er verspreche mit Gottes Hilff sich jederzeit, als ein
407 570 1398 723 getreuer und gehorsammer Unterthan MnGHHrn auf¬
412 676 1339 806 zufüehren, und ihren Gesatze und Ordnungen
400 763 963 889 in alle weg folg zu leisten.
419 859 1390 985 Ob Ihme nicht bekant, wo dießmahlen der
412 940 1067 1070 Christers Kohler sich befinde?
419 1037 1382 1166 Er habe offt und viel gehöret, daß Er wieder zu
403 1132 1326 1270 Brügglen und daherum seye, Gewüßes aber
397 1232 1095 1369 könne Er darüber nichts sagen.
562 1344 1231 1485 Also abgelesen und bestächtiget.
383 1421 854 1544 Actum ut supra.
676 1728 952 1804 Examen
379 1790 1353 1950 Mit Christen Büren Grichtshuß
604 1887 1052 2015 zu wahleren etc.
376 1994 1380 2131 auß was Ursachen Er verwichenen Freytag allhar
400 2098 900 2198 in die Statt gekommen.
370 2191 1391 2335 Auß Ursachen, daß der Hans Nydegger Ihne an¬
363 2293 1366 2425 gesprochen, mit Ihme auf Berrn zu kommen, und
341 2372 1366 2514 sich für Ihne zu einem vorhabenden Gelt aufbruch
328 2489 1393 2614 zu verbürgen, Seye auch Sinnes gewesen gleichen
335 2588 1377 2712 Abend wieder heim zu gehen, maßen er samstags
314 2673 1248 2803 zu Schwartzenburg im Schloß erscheinen sollen
339 2778 1374 2896 Seye auch bey keinem eintzigen Herren gewesen,
315 2855 1363 2999 und sonsten mit Niemanden deß Muß Kohlers
313 2953 1357 3093 halber geredet, also daß es Ihne billich verwun¬
322 3079 1360 3183 deret, als Ihne der Weibel mit samt denen An¬
311 3153 1225 3290 deren allhar in Gefangenschafft geführt.
337 3238 1327 3411 Richts desto weniger, und da bekant seyn, daß
1236 3372 1328 3473 6
1456 959 1601 1074 Antwort.
1433 1337 1572 1484 ag
1440 1542 1583 1629 Antwort
1445 1817 1575 1962 Spag.
1428 2664 1575 2784 Antwort
2535 418 2625 515 229.
1611 431 2619 660 Er mit diesen Leuthen vielen Umgang gehabt, auch
1620 572 2596 741 versamlungen in seinem Hauß halten laßen, so
1604 670 2576 831 seye wohl zu vermuhten, daß Er auch sich wohlen
1618 785 2603 929 gebrauchen laßen, eine Fürbitt für den Kohler
1608 873 1951 996 einzulegen?
1629 943 2575 1108 Er bezeuge, daß Er dieses nicht gethan, und auch
1609 1060 2543 1204 nicht im Sum gehabt, zumahlen Er seith der
1605 1145 2577 1307 Köhleren banisation dieselben nicht gesehen,
1601 1257 2176 1382 noch sich ihrer angenommen
1613 1354 2573 1495 Ob Er auch sithar in keiner Versamlung sich ein¬
1621 1440 1915 1556 ebefunden.
1616 1539 2592 1674 Nein, begehre auch nicht in einiche mehr sich einzu¬
1598 1653 2609 1776 finden, werden auch bey seinem wüßen keine mehr
1594 1731 2224 1868 in seiner Kirchhöri gehalten.
1612 1835 2560 1955 Ob Er dermahlen nicht erkenne, daß Er sich ehemahlen
1591 1930 2583 2050 schuldig gemacht mit Angehorsam, mit hin verspreche, füro¬
1604 2022 2545 2142 hin nicht nur für seine Persohn alle oberkeitl. Geboth
1591 2114 2557 2233 und verbott in allen Fällen zu befolgen, sondern als
1590 2203 2580 2326 ein Beeydigter und vorgesetzter Hand obzuhalten, daß
1583 2294 2575 2433 Jedermann sich Gehorsam gegen eine hohe Obrigkeit und
1594 2392 2537 2510 elte dero Gesatze aufführe, gesonderheit aber auf
1588 2471 2539 2593 alle Schwermereyen und verbottene Lehren und
1565 2569 2237 2698 zusahmen künfften zu achten.
1609 2659 2559 2807 Er bekenne, daß Er sich ehr deßen deß Ungehorsams
1570 2740 2565 2888 mit dieser Seitschuldig gemacht, wolle sich hinführe
1576 2860 2538 2984 aber desto gehorsammer, und seiner auf habenden
1566 2947 2103 3097 Pflicht gemäß aufführen
1716 3038 2343 3172 Also abgelesen und bestähtiget.
1576 3152 2019 3255 Actum ist supra
2609 2516 2671 2604 d.
2624 1378 2686 1456 .
2629 618 2683 733 3
2651 769 2680 873 .
