3024 4032
227 363 343 428 188.
406 491 1345 635 gestellte Übelthäter Niclaus Bugi
401 594 1307 734 von Liebeweil, kilchhöri König gebürtig,
392 686 1368 802 bekantlich werden müßen, daß er nicht nur¬
380 770 1363 894 neben verschiedenen Anderen seinen Mithafften
396 867 1329 974 die eingangs vernambsete beyde Gallmer
383 948 1329 1078 auf ihrem Leimb weg ohne habende Ursach¬
383 1044 1350 1159 noch vorgegangene Reizung thätlich ange¬
374 1136 1356 1265 griffen, und mordtlich mißhandlet, sonderen
386 1223 1351 1344 daß Er Niclauß zug ins besonders, mit be¬
369 1299 1327 1419 wehrter Haust, und dem Hafft seines Sach¬
381 1389 1357 1505 Meßers dem Riesen solche Streichen und
377 1476 1300 1604 Stunden in das Haubt geschlagen, daß der¬
1296 1540 1333 1589 .
372 1576 1372 1686 selbige in wenig tagen sein leben Elendiglich
364 1656 1117 1784 zu setzen und verlieren müßen.
404 1739 1358 1869 Mann Unß nun von dem Allerhöchsten Re¬
356 1829 1349 1950 genten das Schwert der Gerechtigkeit nicht
356 1921 1370 2035 enksonst, sondern zu Schuz und Sicherheit
346 2011 1378 2125 Unserer getreuwen Lieben Angehörigen so
350 2094 1374 2220 wohl als zu bestraffung der Kösten und Koster,
331 2172 1370 2309 schafften, anvertraubet ist, anbey dann nach
340 2262 1367 2402 dem außtruckenlichen Göttlichen zufelch
323 2360 1342 2475 oblieget, durch gerechte Vergeltung auf den
332 2436 1342 2571 Kopff der Todt Schlägeren, das Land von dem
324 2527 1366 2645 Anschuldig vergoßenen Blut zu reinigen
326 2616 799 2747 und außzusohnen,
370 2686 1339 2857 So haben Mir zu Recht erkennt und
378 2807 803 2951 Gesprochen,
307 2969 1370 3127 Es solle dieser Allhier vorgestellte Niclauß
331 3076 1339 3197 Jugi, als ein Tod Schlager, nach Empfehlung
309 3151 1316 3275 seiner Seel in die Erbarmung Gottes, zu¬
313 3233 1315 3392 Wohlverdienter Straff und Schreibung der
1148 3342 1329 3496 besten
2548 404 2646 517 189.
1585 451 2612 646 Höfen, dem Scharpffrichter übergeben, von
1602 578 2605 724 demselben gebunden, oben auß auf die gebohr¬
1589 667 2559 785 te Richt Statt geführt, und allda mit der¬
1599 771 2605 886 Schwerdt vom Leben zum Tod hingerichtet,
1601 857 2585 983 Sem Reichnam aber under das Hochgericht in
1597 935 2620 1051 die Erden gebracht werden, sein Gutt dann
1589 1024 2590 1173 Unserem Troco zugefallen seyn, Geben
1589 1124 2584 1273 in Unser Großen Raths Versamblung den
1585 1238 2085 1369 21. July 1752.
