3024 4032
347 324 449 411 86
374 2289 438 2408 I.
380 2553 442 2677 .
502 409 1483 579 seye er noch mehr gestoßen worden, ohne daß
497 526 1491 672 Es beider mit Worten noch Wercken Anlaß ge¬
496 635 1477 758 geben, und ob schon er immer seines Wegs
496 704 1480 836 fort, der Riesten dan̄ vorhergegangen, seyn
486 798 1466 925 ihme entweder mit einem Stecken, Stein, oder
480 880 1484 1022 Meßerhafft oder ein Schlagung ein Streich¬
490 955 1470 1079 oben auf den kopff worden, daß er ver¬
487 1051 1488 1169 ewendet und blutrunst worden, weße
473 1152 964 1269 aber nicht von wei¬
495 1226 1479 1392 Auf dieses hin seÿn der Niclauß zeender
493 1318 1457 1440 auf dem Gubeli ihme beygestanden, der
474 1392 1497 1526 Scherz aber habe ihne in eine Forneren ge¬
477 1486 1471 1622 stoßen, darüberhin der Zeender mit einem
471 1577 1422 1695 Stecken dem Scherz einen Streich gegeben,
1424 1583 1477 1679 .
491 1645 1483 1803 nach deßen Empfang der Scherz hervorge¬
468 1721 1389 1867 schoffen, und gegen den Riesten geeilet,
480 1824 1472 1962 Worauf Er Deponent sich zurückbegeben,
472 1910 1474 2036 und auf seine Conraden gewartet, wäh¬
1415 2051 1450 2100 .
471 2007 1416 2144 wrend demme er schon gehört, daß Streichen
466 2088 1438 2227 und Schläg so ergangen, als ob man einen
460 2181 1167 2313 Schsten niederschlagen wollte.
468 2280 1440 2428 Ob er gehört also auf den Ruesten zu schlagen
454 2385 1465 2486 ehe er Deponent verwundet worden, oder
441 2462 1359 2600 ob daßelbe erst hernach wiederfahren?
463 2579 1463 2722 Er habe Streichen schon vorher gehört, aber nach¬
429 2667 1490 2802 werts seye es noch viel strenger zugegangen.
426 2772 1474 2919 Auf diesem Rucke Weg seye ihme Bentz geendir¬
442 2882 1469 3022 und sein weib begegnet, mit welchen er wieder
418 2967 1477 3091 seines Wegs fortgegangen, wie sie nachwerts
443 3066 1467 3191 wieder zu der vorigen Gesellschafft gekommen,
409 3123 1462 3264 so habe deß Zeenders Weib dem Scher vor¬
412 3223 1456 3361 gehalten, Er seye ein Unglücks Macher, daß
413 3307 1477 3454 er sie nicht ihres wegs könne fortgehen laßen
1257 3425 1472 3534 Überlichet
1616 2714 1676 2807 Bu
1614 2878 1685 3003 d
1624 2168 1686 2256 H.
1622 2317 1681 2414 d
2786 227 2873 342 27
1704 421 2848 564 Welches der Scherz mit wüsten Reden Beant¬
1728 510 2825 658 wortet. Er aber habe bey Ihnen vorbey gehen
1733 602 2740 734 können und habe den Peter Schiedler von
1713 685 2838 834 Ober Schwerli angetroffen, welchen er befragt,
1716 788 2833 919 woo der Stiefen seyn, der ihme dann gesagt, daß
1722 863 2792 1000 er beßer vor seyn, und der habe dem Riesten
1725 964 2822 1101 auch gesagt, er solle voraus und abseits gehen,
1713 1045 2865 1184 sonstenen Kiesten noch zu tod geschlagen werden,
1724 1144 2808 1287 würde. Wormit er allein fort und gegen den
1699 1212 2781 1381 Riesen zugeeglet, den er bey der Stäpffen
1703 1325 2360 1455 shulden König angetroffen.
1737 1461 2828 1589 bey ihme seyn gewesen Muß Gilgen auf dem
1707 1549 2825 1678 Gübel bey Oberschwerli, so vorausgegangen
1716 1628 2712 1724 und von diesem Handel nichts gewußt.
1715 1728 2801 1859 Da dann er deponent, Riesen, Gilgen und
1702 1820 2844 1938 deß Chor Richter Kannis Tochter (so zu ihnen
1705 1900 2843 2023 Bey der Stapffen mit deß Riesen Buth gekommen.
1699 1982 2761 2109 nach Schlien in des Chor Richter Hannß
1688 2082 2123 2186 Hauß gegangen.
1708 2152 2804 2272 Was er von dem Riesen nachwerts vernommen
1708 2245 2258 2347 Wie es ihme ergangen.
1717 2327 2799 2433 Er habe ihme Deponent gesagt, daß er von dem
1700 2400 2846 2538 Bendicht Scherz angegriffen, von so vielen Streichen
1702 2488 2769 2595 aber, die Er empfangen, wüße er nicht von bei
1689 2568 2754 2692 ihme die gröbsten und härtesten beygebracht
1702 2635 1899 2724 worden.
1714 2716 2824 2887 Was er in deß Hannß Hauß selbige nacht geredt¬
1695 2804 2536 2957 habe und wie es ihme ergangen seyn?
1706 2893 2824 3055 Er habe von der Sach selbst nicht viel geredt, maßen
1660 2991 2750 3128 er schlach sich befunden, Gegen Morgen aber
2745 3069 2799 3128 .
1655 3067 2806 3219 habe er geantwortet, als wann er nicht wohl hörte
1671 3168 2801 3317 Dennoch aber habe er das, was er geredt, immer
1680 3239 2808 3394 mit gutem Verstand geredt. Gegen Morgen
1666 3335 2688 3504 seyn Er Deponent zu Erst nach Hauß gegangen,
2649 3517 2762 3588 und
