3024 4032
224 2497 353 2669 E
232 2993 338 3159 d.
266 252 373 345 64.
310 548 417 709 E.
339 770 414 930 .
477 277 1526 528 Lieutenant Gottlieb Wernien
464 431 1240 599 von Allhier, atatis. 28. Jahr.
454 569 1491 736 Ober gestehe, daß er die Marion valette
424 661 1494 824 in Unkeüscher Gemeinschafft gekennet
442 768 1398 896 Nein, Er bezeuge, daß er mit der
420 866 1517 1036 Valette keine narine bekan̄tschafft gepflo¬
410 963 1452 1102 igen, wohl habe er dieses Mensch gekennet,
411 1051 1493 1222 Als eine Brieff trägerin, die ihme auch
396 1140 1497 1290 etwan brieffen für andere Persohnen ver¬
402 1246 1408 1399 sorget, aber Leibs- Gemeinschafft habe
418 1339 1190 1472 Er niemahls mit ihr gepflogen.
401 1432 1484 1565 Ob dann die valette ihm nicht der Schwanger
269 1436 386 1570 E.
403 1516 1484 1690 schafft halber angeklagt, Er Ihr auch Mittell
400 1619 1391 1773 anerbotten, das Kind zu schmelzen, und
1406 1670 1485 1755 .
384 1719 1484 1853 auch endlich proponiert Ihns auf Tvonan¬
393 1808 1240 1939 zu füehren, umb zu kindbetten.
302 1905 1484 2062 R. Er bezeüge gleichfalls auf das stärckte, daß
383 2007 1433 2139 die valette ihne unmahlen der Schwänger¬
1431 2068 1469 2112 .
369 2105 1473 2245 schafft halber angeredet, vielweniger, daß
364 2220 1416 2356 er Ihr von einem Mittel, umb das Kind
375 2305 1413 2455 abzutreiben, noch ihns auf Gronar zu¬
360 2408 844 2542 führen gerecket.
363 2498 1483 2646 Ob dann auch nicht wahr, daß Er die Valette¬
350 2602 1437 2751 zu verschiedenen Mahlen betrohet, Mann
345 2692 1431 2843 sie ihne durch öffentliche Angebung prosti¬
335 2772 1461 2924 ituire, Er sie mit dem degen in Stücker zer¬
342 2876 756 3047 hauben wolle.
366 3015 1371 3178 daß Er die Valette auf abstehende
336 3125 1465 3261 Weiß und gedachten Ursachen bedrohet
328 3219 1429 3350 in Stücken zu zerhauben, seyn allerdings
316 3304 755 3453 nicht wahrhafft.
1221 3343 1394 3480 MG
2684 389 2802 508 ¬
1731 388 2689 576 Lieutenant Göttlieb Weinier.
1707 557 2692 703 Wohl habe er selbige mit zustritten zu¬
1706 673 2785 802 tractiren Comminieret wegen verschiedenem
1688 758 2758 916 Klappern Wercke, so er nicht leiden können.
1690 936 2743 1093 Hierauff wurde die valette wieder Her¬
1695 1045 2671 1191 vorbescheiden, und gegen den Lieuth¬
1676 1134 2732 1276 Wernier Confrontiert, und Ihre Specia¬
1689 1243 2739 1394 im vorgehalten: der Wernier negiere
1664 1340 2639 1498 vollkommen alle diejenigen Umbstände
1668 1440 2662 1616 so sie hierben über ihne declariert und
1678 1554 2007 1685 außgesagt.
1675 1656 2655 1809 Welches hierauf der Lieut. Wernier
1673 1770 2712 1896 selbsten noch ihr der Valette ins Gesicht
1663 1853 2730 1990 wiederholet auch so gar verschiedene Umb
1654 1953 2689 2096 gstände herführet, darauß er beweisen
2690 1982 2745 2065 .
1666 2061 2649 2195 wollen, daß diejenigen Biscoursen, so
1651 2142 2665 2285 er von Schwängerschafft geführt, nicht die
1646 2245 2701 2383 Valette sonder und andere Weibs Per¬
1643 2349 2701 2477 sohn angesehen; Oder was die valette be¬
2628 2496 2713 2539 .
1654 2438 2629 2587 etrifft, Er Ihr nur von hören sagen ge¬
1653 2533 2677 2664 wredet. Mit hartem betheuren, Er werde
1648 2634 2711 2787 auf seiner Declaration leben und sterben.
1615 2758 2591 2905 Die Valette dann beharrete Ihrer Seits
1651 2870 2684 3028 gäntzlichen auch auf ihrer Außaag und
1633 2947 2657 3092 Anklang, und bezeügete unter Angen
1647 3056 2611 3193 daß Werners, daß er sie etwelche
1628 3156 2584 3297 mahl in ihres vatters Hanß in ihrem
1649 3228 2620 3373 Zimmer beschlaffen, denne auch ver¬
