3024 4032
319 357 400 423 48.
298 1982 447 2090 Ants
383 1393 458 1503 2
577 347 1257 498 Marion Valette.
493 471 1452 635 die halbe Zeit in der Schlängerschafft
490 583 1369 724 gekommen, so werden solche Mittel,
486 680 1451 813 gleichbohl ihre Mürckung thun, Er¬
483 788 1382 920 Mernier habe ihns auch bedrohet,
477 868 1430 1010 ban es die Schloangerschafft und ihne
494 989 1442 1122 angebe, so wolle Er es in 1000. Stück¬
472 1071 1449 1223 Zerschneiden, bey loelchem dann sein¬
477 1184 1467 1330 Inquisitin Schlooster auch zugegen
478 1308 708 1413 gelesen.
501 1381 1467 1509 Da er nun bekennet, daß er sich in¬
485 1468 1455 1617 dem Kirset schlänger gesführt, solcher
483 1583 1473 1719 aber immer abgelangnet, so seyn anders
476 1686 1394 1821 nichts zuglauben, als daß es den
489 1777 1425 1908 unglücklichen Vorsatz gefaßet seine
490 1883 1179 1992 Leiber -Grucht abzuthun?
484 1981 1422 2107 Es versichere einmahl, daß es ne¬¬
453 2065 1460 2197 mahls auf dieße leidige Bbedandten
460 2168 1427 2301 gerathen seinem Kind das Leben zu¬
473 2268 1466 2404 nommen, im Gegentheil habe es deß¬
443 2378 1436 2494 Wermer Bedrohungen ungeachtet,
467 2477 1451 2599 immer im Sum gehabt die Schlänger,
445 2566 1454 2713 schafft anzugeben, habe aber nicht ge¬
449 2673 1479 2806 glaubt, daß seine Niederbouff so bald¬
455 2774 1450 2909 kommen berde, sonder vermeint, daß
458 2869 1413 3028 de es sich schlenger gesführt, nur die
451 3002 1434 3134 halbe Zeit vorüber, also noch Zeit ge¬
452 3098 1423 3249 ung seye solcher anzuzeigen, wor¬
436 3196 1456 3340 mit er von einem Tag zum Anderen¬
449 3296 1445 3428 gebartet, biß daß er von den Kindts¬
1212 3397 1434 3522 Hh
449 3417 1137 3526 Wehrn übernomnen Borden.
1641 1041 1729 1143 5.
1571 1418 1733 1530 Antl
1533 2364 1716 2461 Destritz
1539 3232 1712 3337 Ankl.
1817 427 2517 590 Marion Valette.
1738 535 2687 687 Daß er übrigens den Erschröcklichen
1747 647 2668 781 Vorsatz nicht gehabt, seinem Kind das¬
1769 762 2714 885 Leben zunommen, zeige sich daraus, daß
1745 854 2708 979 er die angebottenen Mittel nicht habe¬
1747 955 2227 1072 gebrauchen botlen.
1762 1041 2715 1166 Ohne Zleiffel werden sie verabredet
1747 1143 2722 1256 haben, waie es inß gekum solle Kindbette¬
1740 1230 2616 1330 rin berden, und bie Allfällig das¬
1736 1315 2531 1449 Kind solle versorget berden?
1763 1420 2685 1540 Er Wermer habe ihme vorgeschlagen,
1755 1516 2692 1647 daß er es auf sein Buth bey Ifderten
1728 1602 2691 1728 führen und allda vind betten laßen¬
1732 1715 2644 1833 wolle, welches aber von ihme Inqui¬
1743 1805 2635 1915 Sitin nicht angenommen worden,
1748 1894 2703 2009 auch sein Vatter ihme dazu nicht Zeit
1741 2002 2741 2122 gelaßen hätte, bezeuge, daß anders
1747 2095 2707 2205 nichts verabredet worden, und Burde
1745 2175 2620 2320 nicht die Mahrheit reden, Bau es¬
1739 2275 2251 2392 etbas andkers sagte.
1750 2347 2652 2488 Es habe sein Gelaußen noch nicht völlig
1739 2450 2716 2570 erleichteret, Indeme allen Umbständig
1740 2539 2685 2678 und seiner selbst eigenen Gebanknuß
1747 2653 2666 2768 nach es nicht anders seÿn könne, Als
1730 2734 2690 2848 daß es den Vorsatz gehabt eine Mör¬
1739 2839 2688 2971 derin an seinem Kind zu werden; solle
1738 2937 2715 3060 also dieße seine Situation Bohl erwegen
1741 3040 2695 3176 und durch eine freye Berantnuß noch¬
1750 3148 2485 3257 suchen seine Seel zu erretten.
1750 3242 2722 3364 Er bezeuge nochmahlr, daß es niemahls
1754 3351 2567 3458 an dieser leÿdige Mittel gedacht,
2429 3466 2694 3566 Erkenne
2677 414 2790 508 49.
