3024 4032
245 3215 322 3342 H
279 2612 336 2705 9
267 306 393 392 122.
317 2328 360 2421 .
307 1877 373 1981 d
335 1601 402 1732 .
372 761 418 892 .
501 371 1211 535 zweytes Examen
734 497 853 576 mit
433 560 1171 750 Genricht Scherz¬
449 767 1414 933 Bey vorigem Examine seyen ihme schon
430 888 1434 1015 alle mögliche Vorstellungen zu bekant
424 977 1415 1106 nuß der Wahrheit gethan worden, werde
419 1074 1394 1182 nochmahls gütlich und zu seinem Besten¬
425 1152 1423 1277 verwahrnet nähere Umbständ von dieser
431 1243 1346 1368 unglücklichen Hergangenheit zusagen,
406 1309 1387 1463 Insbesonders aber, ob Er nicht gestehen
413 1425 1402 1544 müße, daß Er selbst Hand an den Riesten
413 1496 1122 1622 gelegt, und ihne geschlagen.
413 1604 1284 1743 Er versichere nochmahls, daß er sich in
407 1719 1421 1861 mehrerem nicht an ihme vergriffen habe, als
399 1788 905 1908 daß er ihne gestossen.
406 1877 1378 2030 Weilen Er ihne gestoßen habe, so müße er
384 1978 1335 2090 auch müßenschafft haben, Wer ihne ge¬
1335 2030 1371 2083 .
377 2068 1382 2184 schlagen habe, maßen er immer dabey ge¬
368 2143 1338 2268 wesen, und ihme Inquisiten abgewehrt
359 2238 568 2336 worden?
382 2302 1347 2452 Er bezeuge einmahl, daß er keine Hand¬
376 2425 1311 2540 an ihne gelegt, auch wüße er nicht, wer
355 2510 858 2629 ihne geschlagen habe.
371 2606 1339 2749 Ob, da der Riesten auf dem Boden gelegen,
346 2689 1351 2805 und die Königer auf ihne geschlagen, der¬
335 2781 1321 2890 Clauß zeender Ihme Inquisit nicht ab¬
336 2856 1396 2972 gewehrt, worauf er denselben, in die Körn¬
331 2934 1365 3063 gestoßen, und da der Zeender aufgestanden,
331 3028 1293 3151 damahls von demselben mit dem Stecken
343 3107 1060 3236 einen Streich empfangen habe?
350 3198 1365 3340 Er versichern, daß er den Riesten niemahls
342 3301 1354 3418 an dem Boden gesehen, Also in diesen Amt¬
1180 3388 1371 3513 sständen
1608 1159 1666 1269 zu
1622 1330 1668 1423 .
2608 417 2707 492 123
1680 378 2650 577 Ies Examen mit Benzicht Scherz¬
1695 547 2690 726 Umbständen den Streich nicht könne Empfangen
1684 644 2692 790 haben, beruffe sich auf Kundschafft und nahment
1682 740 2643 885 glich Barbara kann, welche er damahls bey¬
1676 800 2097 944 der Hand gehalten.
1688 907 2700 1042 alabey seyen auch gewesen, Christen Spychers
1690 986 2655 1117 Knecht, beyde Gegen, und Peter Schindler von
1694 1079 1968 1204 Oberscheerli
1693 1145 2659 1299 Was Er auf den von dem Zeender Empfangenen
1673 1234 2315 1353 Streich vorgenommen habe?
1696 1329 2673 1467 Gleich darauf seye ihme geschwenden, so daß er
1682 1408 2663 1516 eine Zeitlang sturm gewesen, da er aber wieder
1673 1493 2677 1611 etwas zu sich selber gekommen, seye er von dem
1673 1552 2678 1672 Boden aufgestanden, und weilen er geglaubt¬
1673 1640 2617 1764 daß der Riesten ihme die Streich gegeben,
1658 1716 2683 1807 seye er ihme voll horn nachgeloffen und habe
1667 1792 2686 1913 ihme geben wollen, sein Inquisiten Bruder
1670 1869 2617 1993 aber habe ihne abwendig gemacht und ihne
1640 1953 1974 2065 hinderhalten.
1673 2027 2658 2155 zu was End er das Meßer offen in der Land
1593 2054 1658 2152 8.
1655 2119 2623 2247 gehabt, nach der Schlägerey, also Er also
1663 2192 2194 2303 angetroffen worden.
1660 2264 2607 2402 Er bekenne, daß er sein kleineres Meßer
1590 2280 1654 2378 3.
1657 2339 2641 2462 damahls offen in der Hand gehalten, Als er
1663 2419 2664 2534 nach der Schlägerer und jenseits der Stapfen
1655 2499 2387 2632 Tabach zum Rauchen gerüstet.
1576 2555 1637 2708 g
1657 2598 2641 2722 Mann dem also wäre, wie er vorgebe, so würde.
1655 2695 2653 2822 der Hugin ihne nicht geheißen haben, das Meßer
1640 2768 2101 2914 in den Sache stoßen.
1572 2854 2665 3020 R. Er müße nicht gesehen haben, daß er solches
1677 2949 2622 3079 Zum Tabacts schnetzlen gebraucht habe.
1666 3028 2661 3156 Wann er nicht würckliche Hand angelegt hätte.
1578 3043 1639 3161 .
1642 3130 2655 3246 warumb ihn dann die Elsbeth Zeender als einen
1635 3194 2652 3335 rechten Unglücks Macher auf dem Platz auß¬
1630 3299 2043 3422 gescholten hätte?
2452 3328 2548 3460 H.
