3024 4032
272 1301 331 1394 2.
267 1442 331 1523 B
295 1514 324 1578 E
315 368 383 434 10.
519 420 1096 593 sts Gramen
494 451 567 534 G
688 538 820 644 Mi
685 631 783 721 Ih
353 635 1458 775 Gristen Kiener, von Groß Höchstetten¬
379 734 1454 873 auf dem Hohbuehl, ob Boolÿl Bohnhafft, atatis¬
381 820 1411 955 Etlas über 50. Jahr, habe von seiner Ersten Ehe¬
385 890 1475 1034 "Fraub Terena Rohtenbühler seel. ein Sohn, von
389 978 993 1097 der Zloeyten aber kein Kind.
443 1071 1461 1213 Praemissa Exhortatione ad Veritatem¬
372 1241 1405 1407 Waßtbegen Er sich in diesen Sanden befinde?
376 1426 1477 1564 Er bolle in Godtes Nahmen die ründe Wahrheit¬
390 1522 1493 1645 bekeenen; Hierauf thate Er folgende Erzehlung
358 1699 1467 1810 Montags den 7ten diß seÿe Er am Morgen beÿ¬
375 1770 1425 1898 Zeiten nach Meÿeerind gelesen, umb Solz zu¬
376 1855 1462 1980 kaufen, als Er von der wieder nach Hauß gekommen
377 1956 1395 2072 und gerne Zmorgen gesthießen hödte, habe sein
364 2043 1381 2167 Weib ihme nichts gerochet, noch gerüstet gehabt,
353 2145 1364 2258 deßtwegen Er sehr verdrüßig worden, in den
353 2225 1459 2341 Barten gegangen, und Kraut auß gezogen Da¬
359 2319 1450 2420 ihme sein Weib nachgekommen, sagend, sie wolle ihre
344 2394 1471 2494 Sachen schon machen, Er dörffe sich mit dafür Bekumme¬
351 2474 1467 2605 eren, Als Er hierauf sein Weib gegen dem Hauß¬
347 2560 1465 2680 gesagt, habe sie eine Haulen aus dem Hauß gegen
352 2652 1466 2791 chen bersten Wollen. Morüberhin Er höring worden,
352 2756 1405 2873 sie Ergriffen, und zu Boden geborffen, so daß sie¬
347 2839 1460 2961 Zouschen die Thur und Schlellen mit dem Kopf ge¬
349 2931 1387 3052 fallen, nachwerts habe Er die Thür zugestoßen
360 3009 1445 3130 und daß Meibs Hald darmit geblemmet, in belcher
356 3108 1457 3264 Zeit sie sich gedrehet und 3. oder 4. mahl geschreyen¬
344 3216 1460 3341 Danenhar sie die Blaulden Moosten, so rings umb den¬
339 3273 1118 3402 Hals Hherum sich Befanden, bekommen.
1292 3353 1420 3434 Als
1561 1954 1651 2097 G.
1555 2176 1631 2327 2
1565 2741 1648 2866 E.
1559 3150 1636 3247 2.
1583 1058 1642 1160 J.
1837 332 2492 537 Bister Rane
1677 513 2769 674 Als Er sie looß gelaßen und vermeint, es seÿn
1670 614 2764 768 nicht gar übel gegangen, habe Er sie in die Stuben
1683 702 2774 831 Iieingetragen, sie auf das Stedt legen und ihra
1666 785 2778 931 shelfen wollen, sie seÿn aber innert einer Stund
1679 884 2448 1015 zu seiner Bestürtzung verschieden.
1686 1008 2662 1157 diese Erzehlung seye nicht bahrhafft; die
1677 1113 2749 1218 Moosten, so an seines ermordeten Weibs Hals¬
1683 1200 2718 1298 sich gezeiget, und rings heremb gantz gleich ge¬
1665 1276 2727 1395 besen, können gar nicht bloß von dem Kleinen
1677 1354 2733 1482 Zbuschen der Thür und der Schloellen herkomen
1680 1439 2728 1549 sondern Zeugen deutlich und blahr, daß er auf¬
1670 1519 2674 1646 eine gantz andere Mys sein Weib erwürget;
1657 1617 2737 1752 derohalben solle Er beßer in sich selber gehen, und¬
1676 1699 2730 1813 die Wahre Umbständtliche Hergangenheit dieser
1672 1785 2242 1895 leydigen That offenbahren.
1691 1953 2750 2112 Er habe die Wahrheit aufrichtig geredet und darauf
1678 2051 2112 2155 wolle Er beharren.
1678 2160 2743 2311 Ob nicht bahr, daß da die von ihme Berußsenen
1660 2280 2721 2439 Weiber gekommen waren umb sein Erblaßtes¬
1663 2364 2742 2503 Weib Einzunahen und Er damahls selbiges ange¬
1666 2460 2730 2599 rührt, Er angefangen an beyden Händen, allo¬
1672 2562 2346 2674 Er blätzhen abhatte, zu Bluten?
1671 2750 2660 2878 Er habe Burtz vorher selbigen Morgen in dem
1663 2847 2732 2982 Wald ob dem Riegen machen Bläthen abgemacht,
1663 2924 2659 3056 daß sie aber damohls geblutet, biße Er gar
1673 3004 1825 3121 nichts.
1681 3118 2746 3264 Wan mann diese seine Erzehlung schon vor Bekant
1663 3230 2638 3374 annemen Wolte, Ob schon sie völlig unmöglich
1671 3312 2492 3453 vorkomme; zu deme Er jetzund schon
2499 3345 2636 3432 zem
2500 3418 2715 3528 Keyten
2816 211 2881 279 11.
