<?xml version="1.0" encoding="UTF-8" standalone="yes"?>
<PcGts xmlns="http://schema.primaresearch.org/PAGE/gts/pagecontent/2013-07-15" xmlns:xsi="http://www.w3.org/2001/XMLSchema-instance" xsi:schemaLocation="http://schema.primaresearch.org/PAGE/gts/pagecontent/2013-07-15 http://schema.primaresearch.org/PAGE/gts/pagecontent/2013-07-15/pagecontent.xsd">
    <Metadata>
        <Creator>prov=University of Rostock/Institute of Mathematics/CITlab|PLANET AI GmbH/Gundram Leifert/gundram.leifert@planet-ai.de:name=German_Kurrent_XVI-XVIII_M5.4(htr_id=38771)::::v=2.6.7
prov=University of Rostock/Institute of Mathematics/CITlab|PLANET AI GmbH/Tobias Gruening/tobias.gruening@planet-ai.de:name=de.uros.citlab.module.baseline2polygon.B2PSeamMultiOriented:v=2.6.7
prov=University of Rostock/Institute of Mathematics/CITlab|PLANET AI GmbH/Gundram Leifert/gundram.leifert@planet-ai.de:name=Transkribus German Kurrent M2(htr_id=29820)::::v=2.6.7
prov=University of Rostock/Institute of Mathematics/CITlab|PLANET AI GmbH/Tobias Gruening/tobias.gruening@planet-ai.de:name=de.uros.citlab.module.baseline2polygon.B2PSeamMultiOriented:v=2.6.7
prov=University of Rostock/Institute of Mathematics/CITlab|PLANET AI GmbH/Tobias Gruening/tobias.gruening@planet-ai.de:name=/net_tf/LA73_249_0mod360.pb:de.uros.citlab.segmentation.CITlab_LA_ML:v=2.6.7
Transkribus</Creator>
        <Created>2022-05-02T15:21:58.536+02:00</Created>
        <LastChange>2022-09-12T15:27:23.481+02:00</LastChange>
        <TranskribusMetadata docId="1334850" pageId="52362829" pageNr="63" tsid="114644692" status="IN_PROGRESS" userId="9570" imgUrl="https://files.transkribus.eu/Get?id=XQCHKCZUBUHOKRSVLSWNLPFO&amp;fileType=view" xmlUrl="https://files.transkribus.eu/Get?id=HHCJGKXQOPCRSCOUIOAAZTNB" imageId="30687827"/>
    </Metadata>
    <Page imageFilename="IMG_6876.jpg" imageWidth="3024" imageHeight="4032">
        <ReadingOrder>
            <OrderedGroup id="ro_1687513627762" caption="Regions reading order">
                <RegionRefIndexed index="0" regionRef="r1"/>
                <RegionRefIndexed index="1" regionRef="r2"/>
                <RegionRefIndexed index="2" regionRef="r3"/>
                <RegionRefIndexed index="3" regionRef="r4"/>
                <RegionRefIndexed index="4" regionRef="r5"/>
                <RegionRefIndexed index="5" regionRef="r6"/>
                <RegionRefIndexed index="6" regionRef="r7"/>
            </OrderedGroup>
        </ReadingOrder>
        <TextRegion orientation="0.0" id="r1" custom="readingOrder {index:0;}">
            <Coords points="258,3154 258,3307 302,3307 302,3154"/>
            <TextLine id="r1l1" custom="readingOrder {index:0;}">
                <Coords points="253,3292 261,3292 275,3283 284,3283 292,3273 302,3277 311,3275 304,3186 296,3186 292,3191 280,3186 263,3199 246,3200"/>
                <Baseline points="258,3257 302,3254"/>
                <TextEquiv>
                    <Unicode>d</Unicode>
                </TextEquiv>
            </TextLine>
            <TextEquiv>
                <Unicode>d</Unicode>
            </TextEquiv>
        </TextRegion>
        <TextRegion orientation="0.0" id="r2" custom="readingOrder {index:1;}">
            <Coords points="287,262 287,415 380,415 380,262"/>
            <TextLine id="r2l1" custom="readingOrder {index:0;}">
                <Coords points="281,407 302,405 327,388 353,392 365,379 387,379 386,304 353,306 338,291 323,286 312,276 302,283 278,285"/>
                <Baseline points="287,365 318,362 349,363 380,362"/>
                <TextEquiv>
                    <Unicode>120.</Unicode>
                </TextEquiv>
            </TextLine>
            <TextEquiv>
                <Unicode>120.</Unicode>
            </TextEquiv>
        </TextRegion>
        <TextRegion orientation="0.0" id="r3" custom="readingOrder {index:2;}">
            <Coords points="234,414 234,3540 1398,3540 1398,414"/>
            <TextLine id="r3l1" custom="readingOrder {index:0;} person {offset:0; length:15;}">
                <Coords points="507,532 599,484 686,487 736,461 873,461 907,482 988,458 1113,469 1111,396 1090,387 977,379 929,403 844,349 718,372 655,337 503,349"/>
                <Baseline points="513,471 542,469 572,467 601,465 631,464 661,462 690,461 720,459 750,458 779,457 809,456 839,456 868,455 898,455 928,455 957,455 987,455 1017,456 1046,457 1076,458 1106,459"/>
                <TextEquiv>
                    <Unicode>Veter Schwister.</Unicode>
                </TextEquiv>
            </TextLine>
            <TextLine id="r3l2" custom="readingOrder {index:1;}">
                <Coords points="467,655 690,625 1001,657 1079,624 1381,669 1403,598 1195,549 1110,584 1010,537 910,544 857,586 699,525 574,562 469,550"/>
                <Baseline points="474,624 520,623 566,621 612,620 658,617 704,616 750,615 796,614 842,614 888,614 934,614 980,614 1026,615 1072,618 1118,620 1164,623 1210,627 1256,632 1302,638 1348,645 1395,653"/>
                <TextEquiv>
                    <Unicode>Ob die Streichen von vornen oder Kinden</Unicode>
                </TextEquiv>
            </TextLine>
            <TextLine id="r3l3" custom="readingOrder {index:2;}">
                <Coords points="361,655 374,652 381,646 405,655 417,645 435,641 426,552 419,553 399,570 393,564 386,567 373,561 358,548 350,548"/>
                <Baseline points="366,630 396,627 426,624"/>
                <TextEquiv>
                    <Unicode>I.</Unicode>
                </TextEquiv>
            </TextLine>
            <TextLine id="r3l4" custom="readingOrder {index:3;}">
                <Coords points="454,754 715,719 854,761 945,720 1105,776 1196,738 1384,762 1401,670 1267,652 1197,698 1108,649 902,677 822,644 719,677 456,660"/>
                <Baseline points="462,701 508,702 555,704 601,704 648,704 694,704 741,704 787,704 834,704 880,704 927,704 973,705 1020,705 1066,707 1113,710 1159,713 1206,716 1252,719 1299,724 1345,730 1392,737"/>
                <TextEquiv>
                    <Unicode>Ergangen, Als Er mit den Zwey Knechten</Unicode>
                </TextEquiv>
            </TextLine>
            <TextLine id="r3l5" custom="readingOrder {index:4;}">
                <Coords points="446,835 510,827 561,799 667,829 685,824 716,843 740,836 738,719 712,720 671,752 652,745 617,773 573,763 545,740 526,740 496,764 463,753 444,765"/>
                <Baseline points="452,797 477,798 502,798 528,797 553,797 579,796 604,795 630,795 655,795 681,794 706,794 732,795"/>
                <TextEquiv>
                    <Unicode>gezancket?</Unicode>
                </TextEquiv>
            </TextLine>
            <TextLine id="r3l6" custom="readingOrder {index:5;}">
                <Coords points="457,926 493,904 551,923 659,896 687,907 746,898 746,839 712,842 676,825 649,841 601,834 568,847 513,825 477,855 457,855"/>
                <Baseline points="464,893 491,892 518,891 546,890 573,890 601,890 628,890 655,890 683,890 710,890 738,891"/>
                <TextEquiv>
                    <Unicode>von hinden.</Unicode>
                </TextEquiv>
            </TextLine>
            <TextLine id="r3l7" custom="readingOrder {index:6;}">
                <Coords points="368,935 386,932 423,899 434,897 434,838 423,841 410,838 387,861 376,855 368,855"/>
                <Baseline points="375,894 400,894 426,894"/>
                <TextEquiv>
                    <Unicode>.</Unicode>
                </TextEquiv>
            </TextLine>
            <TextLine id="r3l8" custom="readingOrder {index:7;}">
                <Coords points="370,1006 377,1006 387,997 405,1001 410,996 418,996 418,925 407,926 390,941 387,939 384,942 370,944"/>
                <Baseline points="377,978 411,978"/>
                <TextEquiv>
                    <Unicode>.</Unicode>
                </TextEquiv>
            </TextLine>
            <TextLine id="r3l9" custom="readingOrder {index:8;}">
                <Coords points="463,993 711,1014 770,978 817,1010 1018,980 1114,1033 1212,990 1393,1016 1395,955 1303,965 1238,928 1139,953 1046,912 737,957 676,902 464,939"/>
                <Baseline points="471,975 516,977 562,978 608,978 654,978 699,980 745,980 791,980 837,980 882,980 928,980 974,980 1020,981 1065,983 1111,984 1157,987 1203,989 1248,993 1294,998 1340,1003 1386,1008"/>
                <TextEquiv>
                    <Unicode>Ob die Schlägerey vor oder nach deme der</Unicode>
                </TextEquiv>
            </TextLine>
            <TextLine id="r3l10" custom="readingOrder {index:9;}">
                <Coords points="449,1080 1041,1057 1080,1093 1190,1072 1354,1118 1364,1019 1283,1024 1240,989 1114,1033 1045,992 826,1010 770,978 725,1018 659,992 449,1010"/>
                <Baseline points="456,1058 501,1058 546,1058 591,1058 636,1056 681,1056 726,1055 771,1055 816,1055 861,1054 906,1053 951,1053 996,1054 1041,1055 1086,1055 1131,1056 1176,1059 1221,1061 1266,1064 1311,1066 1356,1071"/>
                <TextEquiv>
                    <Unicode>Braub dem Riesten Raht angesprützet,</Unicode>
                </TextEquiv>
            </TextLine>
            <TextLine id="r3l11" custom="readingOrder {index:10;}">
                <Coords points="415,1176 469,1175 526,1135 605,1168 623,1153 659,1166 706,1143 749,1158 769,1152 769,1118 752,1121 679,1073 577,1089 533,1074 496,1091 415,1072"/>
                <Baseline points="422,1137 448,1136 474,1136 500,1136 526,1134 552,1134 578,1134 605,1133 631,1133 657,1133 683,1133 709,1134 735,1135 762,1136"/>
                <TextEquiv>
                    <Unicode>sich verloffen.</Unicode>
                </TextEquiv>
            </TextLine>
            <TextLine id="r3l12" custom="readingOrder {index:11;}">
                <Coords points="380,1279 620,1225 709,1259 1009,1220 1393,1256 1394,1162 1266,1191 1072,1148 816,1196 619,1152 525,1196 482,1168 381,1189"/>
                <Baseline points="387,1229 439,1226 492,1223 544,1221 597,1220 649,1219 702,1218 755,1217 807,1217 860,1217 912,1218 965,1218 1017,1220 1070,1221 1123,1223 1175,1226 1228,1229 1280,1232 1333,1235 1386,1239"/>
                <TextEquiv>
                    <Unicode>R. Er glaube, es seye schon zu vor etwas vor¬</Unicode>
                </TextEquiv>
            </TextLine>
            <TextLine id="r3l13" custom="readingOrder {index:12;}">
                <Coords points="416,1364 800,1310 1381,1344 1381,1271 1225,1273 1144,1232 1081,1263 769,1248 683,1290 415,1278"/>
                <Baseline points="423,1310 470,1310 518,1308 565,1308 613,1307 660,1307 708,1305 755,1304 803,1304 850,1302 898,1302 946,1301 993,1301 1041,1301 1088,1301 1136,1302 1183,1304 1231,1305 1278,1307 1326,1310 1374,1313"/>
                <TextEquiv>
                    <Unicode>gegangen, seye aber nachwehrts noch mehr</Unicode>
                </TextEquiv>
            </TextLine>
            <TextLine id="r3l14" custom="readingOrder {index:13;}">
                <Coords points="425,1457 484,1442 533,1397 569,1428 635,1396 861,1404 888,1391 888,1338 823,1318 756,1350 720,1339 677,1370 634,1374 570,1344 424,1357"/>
                <Baseline points="431,1397 456,1394 481,1392 506,1392 531,1391 556,1391 581,1390 606,1389 631,1389 656,1391 681,1391 706,1391 731,1391 756,1391 781,1391 806,1391 831,1391 856,1389 881,1388"/>
                <TextEquiv>
                    <Unicode>geschlagen worden.</Unicode>
                </TextEquiv>
            </TextLine>
            <TextLine id="r3l15" custom="readingOrder {index:14;}">
                <Coords points="437,1508 1108,1486 1229,1495 1274,1533 1402,1500 1403,1426 1274,1448 1122,1402 985,1460 803,1455 682,1399 438,1452"/>
                <Baseline points="444,1487 491,1486 539,1485 586,1484 634,1484 681,1484 729,1482 776,1482 824,1482 871,1482 919,1482 967,1483 1014,1484 1062,1484 1109,1485 1157,1487 1204,1488 1252,1490 1299,1493 1347,1494 1395,1497"/>
                <TextEquiv>
                    <Unicode>Ob der Riesten ihme nachwerts, da er so</Unicode>
                </TextEquiv>
            </TextLine>
            <TextLine id="r3l16" custom="readingOrder {index:15;}">
                <Coords points="355,1524 365,1523 373,1514 384,1511 394,1514 403,1507 413,1507 406,1411 399,1412 381,1428 369,1426 358,1434 348,1434"/>
                <Baseline points="360,1497 405,1494"/>
                <TextEquiv>
                    <Unicode>H.</Unicode>
                </TextEquiv>
            </TextLine>
            <TextLine id="r3l17" custom="readingOrder {index:16;}">
                <Coords points="425,1580 578,1603 899,1560 1286,1614 1363,1580 1363,1506 1191,1538 1152,1500 999,1526 827,1491 708,1541 583,1505 425,1534"/>
                <Baseline points="432,1562 478,1562 524,1560 570,1560 616,1560 663,1560 709,1560 755,1560 801,1560 847,1560 894,1560 940,1560 986,1560 1032,1562 1078,1562 1125,1562 1171,1563 1217,1563 1263,1565 1309,1566 1356,1568"/>
                <TextEquiv>
                    <Unicode>übel zu gerichtet worden, nicht erzellt und</Unicode>
                </TextEquiv>
            </TextLine>
            <TextLine id="r3l18" custom="readingOrder {index:17;}">
                <Coords points="409,1680 609,1649 1171,1693 1396,1670 1371,1596 1300,1625 1228,1588 1119,1627 1022,1570 762,1590 719,1565 570,1620 482,1572 410,1588"/>
                <Baseline points="417,1641 465,1643 514,1644 562,1646 611,1646 660,1646 708,1646 757,1644 805,1644 854,1643 903,1643 951,1641 1000,1641 1048,1641 1097,1642 1146,1643 1194,1644 1243,1647 1291,1650 1340,1655 1389,1659"/>
                <TextEquiv>
                    <Unicode>geklagt, wie und von Wein er also muß</Unicode>
                </TextEquiv>
            </TextLine>
            <TextLine id="r3l19" custom="readingOrder {index:18;}">
                <Coords points="400,1764 481,1747 539,1767 581,1740 627,1737 691,1756 731,1735 814,1743 814,1672 734,1657 682,1688 631,1660 556,1660 526,1683 448,1679 400,1696"/>
                <Baseline points="408,1731 434,1731 461,1731 487,1731 514,1731 541,1731 567,1731 594,1731 620,1731 647,1731 674,1731 700,1731 727,1731 753,1731 780,1731 807,1731"/>
                <TextEquiv>
                    <Unicode>rhandlet worden.</Unicode>
                </TextEquiv>
            </TextLine>
            <TextLine id="r3l20" custom="readingOrder {index:19;}">
                <Coords points="337,1858 345,1857 351,1850 363,1849 375,1838 389,1843 396,1842 390,1754 379,1755 369,1766 363,1762 360,1765 349,1757 347,1760 331,1761"/>
                <Baseline points="342,1821 387,1818"/>
                <TextEquiv>
                    <Unicode>.</Unicode>
                </TextEquiv>
            </TextLine>
            <TextLine id="r3l21" custom="readingOrder {index:20;} person {offset:0; length:5;}">
                <Coords points="404,1831 415,1834 428,1823 435,1828 453,1827 474,1840 490,1836 515,1847 529,1845 530,1757 517,1760 494,1754 461,1769 417,1757 404,1760"/>
                <Baseline points="411,1820 438,1821 466,1820 494,1820 522,1823"/>
                <TextEquiv>
                    <Unicode>Stein</Unicode>
                </TextEquiv>
            </TextLine>
            <TextLine id="r3l22" custom="readingOrder {index:21;}">
                <Coords points="227,1933 424,1900 750,1939 967,1913 1072,1950 1163,1910 1396,1921 1358,1844 1208,1888 1085,1834 1015,1890 749,1827 227,1855"/>
                <Baseline points="234,1898 291,1899 349,1901 407,1902 465,1904 522,1904 580,1904 638,1905 696,1905 753,1905 811,1905 869,1907 927,1907 984,1907 1042,1907 1100,1908 1158,1908 1215,1910 1273,1910 1331,1911 1389,1913"/>
                <TextEquiv>
                    <Unicode>Instiert: Aus allen bißherigen verhören und </Unicode>
                </TextEquiv>
            </TextLine>
            <TextLine id="r3l23" custom="readingOrder {index:22;}">
                <Coords points="1306,1998 1314,1998 1318,2001 1324,2001 1327,1998 1328,2000 1337,2000 1337,1936 1328,1936 1327,1938 1322,1936 1319,1936 1318,1938 1306,1938"/>
                <Baseline points="1314,1985 1329,1985"/>
                <TextEquiv>
                    <Unicode>.</Unicode>
                </TextEquiv>
            </TextLine>
            <TextLine id="r3l24" custom="readingOrder {index:23;}">
                <Coords points="391,2026 555,2048 656,1994 696,2035 755,2003 789,2030 1011,2036 1125,1997 1305,2002 1305,1931 1224,1913 1164,1967 1042,1928 516,1948 446,1909 391,1936"/>
                <Baseline points="399,1979 446,1982 493,1985 540,1986 588,1988 635,1989 682,1991 730,1991 777,1991 824,1991 872,1991 919,1991 966,1989 1014,1989 1061,1988 1108,1987 1156,1986 1203,1985 1250,1983 1298,1983"/>
                <TextEquiv>
                    <Unicode>seiner Erzellung erhälle, daß er weit¬</Unicode>
                </TextEquiv>
            </TextLine>
            <TextLine id="r3l25" custom="readingOrder {index:24;}">
                <Coords points="392,2094 837,2120 1170,2074 1380,2092 1406,2040 1245,2000 1179,2041 1069,2010 988,2055 888,2013 738,2055 658,1994 521,2056 391,2045"/>
                <Baseline points="398,2073 448,2073 498,2075 548,2075 598,2076 648,2076 698,2076 748,2078 798,2078 848,2078 898,2076 948,2076 998,2076 1048,2075 1098,2073 1148,2072 1198,2071 1248,2069 1298,2067 1348,2064 1398,2061"/>
                <TextEquiv>
                    <Unicode>mehrere Mußenschafft hiervon habe, solle</Unicode>
                </TextEquiv>
            </TextLine>
            <TextLine id="r3l26" custom="readingOrder {index:25;}">
                <Coords points="364,2186 445,2167 565,2211 735,2173 1393,2170 1393,2127 1260,2091 1051,2103 1000,2143 912,2102 364,2118"/>
                <Baseline points="371,2156 421,2157 472,2159 523,2160 573,2160 624,2162 675,2163 725,2163 776,2164 827,2165 878,2165 928,2166 979,2166 1030,2166 1080,2166 1131,2166 1182,2165 1232,2165 1283,2163 1334,2162 1385,2160"/>
                <TextEquiv>
                    <Unicode>sich wohl begreiffen, und nicht ein harteres </Unicode>
                </TextEquiv>
            </TextLine>
            <TextLine id="r3l27" custom="readingOrder {index:26;}">
                <Coords points="376,2279 556,2258 606,2288 666,2297 757,2256 853,2254 854,2215 811,2225 782,2201 708,2186 614,2191 563,2212 515,2184 459,2205 430,2178 379,2185"/>
                <Baseline points="384,2240 409,2241 435,2242 460,2243 486,2243 512,2244 537,2244 563,2244 588,2243 614,2243 640,2244 665,2244 691,2244 716,2245 742,2247 768,2249 793,2251 819,2255 845,2259"/>
                <TextEquiv>
                    <Unicode>Schicksaal zu ziehen.</Unicode>
                </TextEquiv>
            </TextLine>
            <TextLine id="r3l28" custom="readingOrder {index:27;}">
                <Coords points="309,2375 315,2375 321,2368 333,2367 342,2357 348,2360 361,2358 353,2276 341,2279 328,2274 312,2280 307,2287 300,2288"/>
                <Baseline points="312,2337 351,2333"/>
                <TextEquiv>
                    <Unicode>d</Unicode>
                </TextEquiv>
            </TextLine>
            <TextLine id="r3l29" custom="readingOrder {index:28;}">
                <Coords points="376,2390 617,2342 734,2396 811,2342 915,2394 1025,2364 1149,2400 1236,2349 1396,2347 1397,2294 1054,2324 897,2273 820,2318 755,2285 678,2325 504,2263 377,2279"/>
                <Baseline points="384,2333 434,2334 484,2335 534,2336 585,2337 635,2339 685,2340 735,2340 786,2342 836,2342 886,2343 936,2343 987,2345 1037,2345 1087,2345 1137,2343 1188,2343 1238,2343 1288,2342 1338,2340 1389,2339"/>
                <TextEquiv>
                    <Unicode>Er könne einmahl nichts mehrers sagen, als</Unicode>
                </TextEquiv>
            </TextLine>
            <TextLine id="r3l30" custom="readingOrder {index:29;}">
                <Coords points="373,2426 448,2427 493,2464 540,2433 569,2458 601,2437 647,2450 683,2433 813,2431 832,2425 833,2343 734,2395 691,2394 648,2365 604,2402 549,2394 519,2370 421,2369 373,2390"/>
                <Baseline points="380,2415 406,2415 432,2415 458,2415 484,2415 510,2415 537,2417 563,2417 589,2417 615,2417 641,2418 667,2418 694,2418 720,2420 746,2420 772,2420 798,2420 825,2420"/>
                <TextEquiv>
                    <Unicode>was Er außgeredt.</Unicode>
                </TextEquiv>
            </TextLine>
            <TextLine id="r3l31" custom="readingOrder {index:30;}">
                <Coords points="293,2523 301,2523 315,2510 337,2509 345,2501 353,2501 353,2413 345,2413 340,2419 334,2419 322,2410 308,2417 293,2417"/>
                <Baseline points="300,2498 345,2498"/>
                <TextEquiv>
                    <Unicode>B.</Unicode>
                </TextEquiv>
            </TextLine>
            <TextLine id="r3l32" custom="readingOrder {index:31;} person {offset:14; length:6;}">
                <Coords points="364,2528 761,2500 814,2543 943,2513 1027,2547 1101,2509 1354,2513 1354,2433 994,2468 830,2415 633,2473 540,2433 495,2466 364,2428"/>
                <Baseline points="371,2502 419,2501 468,2501 517,2499 566,2499 615,2499 663,2499 712,2499 761,2499 810,2499 859,2499 907,2499 956,2499 1005,2499 1054,2499 1103,2499 1151,2499 1200,2498 1249,2498 1298,2496 1347,2495"/>
                <TextEquiv>
                    <Unicode>Weßtwegen der Scherz Morgens darauf</Unicode>
                </TextEquiv>
            </TextLine>
            <TextLine id="r3l33" custom="readingOrder {index:32;}">
                <Coords points="331,2614 857,2593 1093,2642 1377,2574 1377,2528 1212,2513 1103,2565 942,2513 744,2566 633,2522 496,2567 331,2507"/>
                <Baseline points="339,2583 390,2583 442,2583 493,2583 545,2583 596,2583 648,2583 699,2583 751,2583 802,2583 854,2583 906,2582 957,2582 1009,2580 1060,2580 1112,2579 1163,2579 1215,2577 1266,2576 1318,2576 1370,2574"/>
                <TextEquiv>
                    <Unicode>zu ihme gekommen, und was er mit Ihme</Unicode>
                </TextEquiv>
            </TextLine>
            <TextLine id="r3l34" custom="readingOrder {index:33;}">
                <Coords points="345,2692 397,2673 434,2683 457,2678 471,2686 491,2683 522,2663 546,2667 546,2588 519,2589 442,2639 429,2628 386,2639 374,2630 345,2644"/>
                <Baseline points="353,2664 379,2663 406,2663 432,2663 459,2663 485,2663 512,2663 539,2664"/>
                <TextEquiv>
                    <Unicode>geredt.</Unicode>
                </TextEquiv>
            </TextLine>
            <TextLine id="r3l35" custom="readingOrder {index:34;}">
                <Coords points="355,2771 548,2786 721,2753 757,2789 862,2762 931,2787 1011,2751 1351,2751 1350,2671 1254,2656 1066,2718 958,2671 862,2706 728,2675 574,2728 500,2679 354,2685"/>
                <Baseline points="362,2751 411,2751 460,2751 509,2751 558,2751 607,2750 656,2750 705,2748 754,2748 803,2748 852,2747 901,2746 950,2745 999,2745 1048,2744 1097,2744 1146,2744 1195,2742 1244,2742 1293,2742 1343,2742"/>
                <TextEquiv>
                    <Unicode>Selbiger habe von Ihme Inquisiten zu ver¬</Unicode>
                </TextEquiv>
            </TextLine>
            <TextLine id="r3l36" custom="readingOrder {index:35;}">
                <Coords points="286,2808 293,2807 309,2787 320,2788 326,2781 335,2783 341,2776 357,2774 346,2701 332,2703 317,2699 307,2701 303,2706 295,2700 286,2710 272,2711"/>
                <Baseline points="287,2765 317,2759 347,2756"/>
                <TextEquiv>
                    <Unicode>ih</Unicode>
                </TextEquiv>
            </TextLine>
            <TextLine id="r3l37" custom="readingOrder {index:36;}">
                <Coords points="337,2844 1173,2862 1360,2824 1359,2772 1118,2797 1006,2760 857,2804 581,2761 531,2806 336,2806"/>
                <Baseline points="344,2837 394,2835 444,2834 495,2833 545,2832 596,2831 646,2831 696,2829 747,2829 797,2828 848,2826 898,2826 948,2825 999,2823 1049,2822 1100,2820 1150,2819 1200,2817 1251,2815 1301,2813 1352,2810"/>
                <TextEquiv>
                    <Unicode>nemmen begehrt, wer ihne Scherz geschlagen</Unicode>
                </TextEquiv>
            </TextLine>
            <TextLine id="r3l38" custom="readingOrder {index:37;}">
                <Coords points="331,2936 608,2922 793,2960 850,2922 1255,2937 1371,2899 1369,2841 1326,2825 1215,2873 410,2840 329,2874"/>
                <Baseline points="338,2916 389,2916 440,2916 491,2917 543,2916 594,2916 645,2915 697,2915 748,2913 799,2912 851,2910 902,2909 953,2906 1004,2905 1056,2903 1107,2901 1158,2900 1210,2898 1261,2897 1312,2895 1364,2895"/>
                <TextEquiv>
                    <Unicode>und zu Boden geworffen, habe auch gesagt, </Unicode>
                </TextEquiv>
            </TextLine>
            <TextLine id="r3l39" custom="readingOrder {index:38;}">
                <Coords points="340,3012 438,2998 584,3051 723,3004 1162,3012 1279,2983 1278,2924 1117,2978 933,2927 703,2958 493,2920 339,2970"/>
                <Baseline points="347,2991 393,2994 439,2994 485,2996 532,2997 578,2998 624,2999 670,2999 717,2999 763,2999 809,2999 855,2998 902,2997 948,2996 994,2994 1040,2993 1087,2991 1133,2988 1179,2985 1225,2983 1272,2981"/>
                <TextEquiv>
                    <Unicode>dlaß Küesten sich verlauten laßen die 3.</Unicode>
                </TextEquiv>
            </TextLine>
            <TextLine id="r3l40" custom="readingOrder {index:39;} person {offset:15; length:6;} person {offset:26; length:6;}">
                <Coords points="335,3142 414,3103 510,3139 590,3093 707,3089 747,3120 1018,3084 1088,3123 1194,3078 1281,3098 1293,3007 334,3052"/>
                <Baseline points="341,3078 388,3080 435,3081 482,3081 530,3081 577,3083 624,3082 671,3081 719,3081 766,3080 813,3080 860,3078 908,3077 955,3075 1002,3074 1049,3072 1097,3071 1144,3069 1191,3068 1238,3066 1286,3065"/>
                <TextEquiv>
                    <Unicode>raschen, so er Scherz dem Riesen gegeben,</Unicode>
                </TextEquiv>
            </TextLine>
            <TextLine id="r3l41" custom="readingOrder {index:40;}">
                <Coords points="340,3194 451,3205 485,3187 555,3224 612,3190 639,3210 698,3180 765,3199 801,3172 933,3171 933,3102 842,3101 775,3143 708,3089 625,3133 570,3108 509,3140 403,3113 340,3139"/>
                <Baseline points="348,3161 376,3162 405,3164 434,3165 463,3165 492,3167 521,3167 550,3167 579,3168 608,3168 637,3168 665,3168 694,3168 723,3168 752,3168 781,3167 810,3167 839,3167 868,3167 897,3165 926,3165"/>
                <TextEquiv>
                    <Unicode>ihme nichts gethan hätten</Unicode>
                </TextEquiv>
            </TextLine>
            <TextLine id="r3l42" custom="readingOrder {index:41;}">
                <Coords points="349,3259 646,3262 713,3305 805,3257 967,3304 1039,3267 1219,3310 1344,3265 1344,3210 1272,3196 782,3186 711,3224 618,3190 567,3222 350,3192"/>
                <Baseline points="357,3251 406,3252 455,3254 504,3255 553,3256 602,3257 651,3258 700,3259 749,3260 798,3260 847,3261 896,3261 945,3262 994,3263 1043,3263 1092,3263 1141,3263 1190,3263 1239,3263 1288,3263 1337,3263"/>
                <TextEquiv>
                    <Unicode>Eben aus demme erscheine noch mehr, daß</Unicode>
                </TextEquiv>
            </TextLine>
            <TextLine id="r3l43" custom="readingOrder {index:42;}">
                <Coords points="333,3353 1251,3373 1345,3361 1346,3283 1230,3316 1029,3280 884,3319 781,3263 688,3317 444,3270 334,3308"/>
                <Baseline points="341,3333 390,3335 440,3335 490,3337 540,3338 590,3339 640,3341 689,3342 739,3344 789,3345 839,3347 889,3347 939,3348 989,3348 1038,3348 1088,3348 1138,3348 1188,3347 1238,3345 1288,3343 1338,3341"/>
                <TextEquiv>
                    <Unicode>er weit mehrere müßenschafft habe, indemme</Unicode>
                </TextEquiv>
            </TextLine>
            <TextLine id="r3l44" custom="readingOrder {index:43;} person {offset:4; length:6;}">
                <Coords points="324,3424 490,3464 587,3433 767,3463 849,3432 1039,3459 1181,3432 1247,3465 1333,3443 1333,3394 1076,3368 945,3389 858,3363 746,3406 652,3357 325,3368"/>
                <Baseline points="332,3411 381,3414 431,3417 481,3419 530,3421 580,3423 630,3425 679,3426 729,3426 779,3428 829,3428 878,3429 928,3429 978,3429 1027,3429 1077,3429 1127,3429 1176,3429 1226,3431 1276,3429 1326,3429"/>
                <TextEquiv>
                    <Unicode>der Scherz zu ihme gekommen, und ihme ange¬</Unicode>
                </TextEquiv>
            </TextLine>
            <TextLine id="r3l45" custom="readingOrder {index:44;}">
                <Coords points="316,3534 404,3510 559,3543 671,3505 812,3542 924,3514 975,3551 1127,3516 1228,3570 1316,3533 1318,3439 1154,3491 1111,3455 975,3486 565,3441 500,3467 438,3428 318,3460"/>
                <Baseline points="324,3491 373,3495 422,3497 471,3498 521,3500 570,3501 619,3501 669,3502 718,3503 767,3503 817,3503 866,3503 915,3503 964,3504 1014,3504 1063,3506 1112,3507 1162,3510 1211,3513 1260,3516 1310,3521"/>
                <TextEquiv>
                    <Unicode>halten, daß er ihme schonen solle. Sp.</Unicode>
                </TextEquiv>
            </TextLine>
            <TextEquiv>
                <Unicode>Veter Schwister.
Ob die Streichen von vornen oder Kinden
I.
Ergangen, Als Er mit den Zwey Knechten
gezancket?
von hinden.
.
.
Ob die Schlägerey vor oder nach deme der
Braub dem Riesten Raht angesprützet,
sich verloffen.
R. Er glaube, es seye schon zu vor etwas vor¬
gegangen, seye aber nachwehrts noch mehr
geschlagen worden.
Ob der Riesten ihme nachwerts, da er so
H.
übel zu gerichtet worden, nicht erzellt und
geklagt, wie und von Wein er also muß
rhandlet worden.
.
Stein
Instiert: Aus allen bißherigen verhören und 
.
seiner Erzellung erhälle, daß er weit¬
mehrere Mußenschafft hiervon habe, solle
sich wohl begreiffen, und nicht ein harteres 
Schicksaal zu ziehen.
d
Er könne einmahl nichts mehrers sagen, als
was Er außgeredt.
B.
Weßtwegen der Scherz Morgens darauf
zu ihme gekommen, und was er mit Ihme
geredt.
Selbiger habe von Ihme Inquisiten zu ver¬
ih
nemmen begehrt, wer ihne Scherz geschlagen
und zu Boden geworffen, habe auch gesagt, 
dlaß Küesten sich verlauten laßen die 3.
raschen, so er Scherz dem Riesen gegeben,
ihme nichts gethan hätten
Eben aus demme erscheine noch mehr, daß
er weit mehrere müßenschafft habe, indemme
der Scherz zu ihme gekommen, und ihme ange¬
halten, daß er ihme schonen solle. Sp.</Unicode>
            </TextEquiv>
        </TextRegion>
        <TextRegion orientation="0.0" id="r4" custom="readingOrder {index:3;}">
            <Coords points="1598,1820 1598,1973 1646,1973 1646,1820"/>
            <TextLine id="r4l1" custom="readingOrder {index:0;}">
                <Coords points="1588,1967 1615,1961 1639,1941 1652,1940 1658,1850 1636,1853 1629,1849 1616,1860 1596,1854"/>
                <Baseline points="1598,1920 1646,1923"/>
                <TextEquiv>
                    <Unicode>3.</Unicode>
                </TextEquiv>
            </TextLine>
            <TextEquiv>
                <Unicode>3.</Unicode>
            </TextEquiv>
        </TextRegion>
        <TextRegion orientation="0.0" id="r5" custom="readingOrder {index:4;}">
            <Coords points="1608,1337 1608,1487 1644,1487 1644,1337"/>
            <TextLine id="r5l1" custom="readingOrder {index:0;}">
                <Coords points="1601,1472 1613,1470 1620,1474 1624,1471 1630,1475 1644,1464 1652,1464 1652,1360 1639,1363 1636,1361 1608,1376 1601,1376"/>
                <Baseline points="1608,1437 1644,1437"/>
                <TextEquiv>
                    <Unicode>.</Unicode>
                </TextEquiv>
            </TextLine>
            <TextEquiv>
                <Unicode>.</Unicode>
            </TextEquiv>
        </TextRegion>
        <TextRegion orientation="0.0" id="r6" custom="readingOrder {index:5;}">
            <Coords points="1638,536 1638,686 1686,686 1686,536"/>
            <TextLine id="r6l1" custom="readingOrder {index:0;}">
                <Coords points="1631,678 1640,678 1683,643 1694,643 1694,562 1686,562 1675,574 1669,575 1655,587 1647,588 1644,585 1642,588 1631,588"/>
                <Baseline points="1638,636 1686,636"/>
                <TextEquiv>
                    <Unicode>.</Unicode>
                </TextEquiv>
            </TextLine>
            <TextEquiv>
                <Unicode>.</Unicode>
            </TextEquiv>
        </TextRegion>
        <TextRegion orientation="0.0" id="r7" custom="readingOrder {index:6;}">
            <Coords points="1629,420 1629,3330 2711,3330 2711,420"/>
            <TextLine id="r7l1" custom="readingOrder {index:0;}">
                <Coords points="2618,498 2630,495 2636,501 2673,500 2683,512 2694,508 2697,513 2712,511 2725,430 2714,426 2705,432 2688,433 2663,421 2646,428 2629,428"/>
                <Baseline points="2630,462 2657,464 2684,469 2711,474"/>
                <TextEquiv>
                    <Unicode>127.</Unicode>
                </TextEquiv>
            </TextLine>
            <TextLine id="r7l2" custom="readingOrder {index:1;} person {offset:0; length:15;}">
                <Coords points="1810,566 1988,527 2400,586 2403,459 2180,450 2148,421 2080,412 2025,440 1962,405 1813,404"/>
                <Baseline points="1818,524 1846,522 1875,520 1904,519 1933,518 1962,516 1990,516 2019,516 2048,516 2077,516 2106,517 2134,518 2163,519 2192,520 2221,522 2250,523 2278,525 2307,527 2336,529 2365,532 2394,534"/>
                <TextEquiv>
                    <Unicode>Veter Schindler.</Unicode>
                </TextEquiv>
            </TextLine>
            <TextLine id="r7l3" custom="readingOrder {index:2;}">
                <Coords points="1714,638 1851,684 2188,649 2332,694 2441,667 2525,705 2603,673 2699,689 2703,604 2485,633 2386,585 2211,576 2149,614 2018,573 1947,609 1718,555"/>
                <Baseline points="1721,633 1769,632 1818,630 1866,630 1915,630 1964,630 2012,630 2061,632 2109,632 2158,635 2207,636 2255,638 2304,642 2352,645 2401,648 2450,652 2498,657 2547,661 2595,666 2644,672 2693,677"/>
                <TextEquiv>
                    <Unicode>der Scherz seyn nicht allein bey ihme, sonder¬</Unicode>
                </TextEquiv>
            </TextLine>
            <TextLine id="r7l4" custom="readingOrder {index:3;}">
                <Coords points="1683,727 1853,747 1987,713 2154,769 2215,726 2459,774 2627,768 2630,708 2432,671 2332,694 2267,663 1790,689 1686,645"/>
                <Baseline points="1691,720 1737,719 1784,717 1830,717 1877,716 1923,716 1970,716 2016,716 2063,717 2109,719 2156,720 2202,722 2249,725 2295,727 2342,730 2388,734 2435,738 2481,742 2528,747 2574,753 2621,759"/>
                <TextEquiv>
                    <Unicode>wie er gehört auch bey dem Müller und</Unicode>
                </TextEquiv>
            </TextLine>
            <TextLine id="r7l5" custom="readingOrder {index:4;} person {offset:0; length:13;}">
                <Coords points="1693,820 1923,795 2083,840 2471,819 2658,856 2660,806 2576,771 2343,754 2285,790 2189,748 2109,773 2036,721 1975,757 1697,738"/>
                <Baseline points="1701,788 1748,788 1796,789 1843,789 1891,791 1938,792 1986,793 2033,795 2081,797 2128,798 2176,800 2224,803 2271,804 2319,807 2366,810 2414,813 2461,816 2509,819 2556,824 2604,827 2652,831"/>
                <TextEquiv>
                    <Unicode>Klauß Zeender gewesen, habe ihme aber </Unicode>
                </TextEquiv>
            </TextLine>
            <TextLine id="r7l6" custom="readingOrder {index:5;}">
                <Coords points="1692,902 1897,874 2037,910 2337,898 2420,945 2677,923 2679,874 2524,862 2470,823 2363,854 2256,822 2191,867 1938,804 1695,838"/>
                <Baseline points="1700,867 1748,867 1797,869 1845,870 1894,872 1942,873 1991,875 2039,876 2088,879 2136,880 2185,883 2233,885 2282,888 2330,890 2379,893 2427,895 2476,897 2524,900 2573,903 2621,905 2670,908"/>
                <TextEquiv>
                    <Unicode>nichts anders zugemuthet, als daß er sagen</Unicode>
                </TextEquiv>
            </TextLine>
            <TextLine id="r7l7" custom="readingOrder {index:6;}">
                <Coords points="1680,981 1781,963 1847,1001 1979,951 2217,1006 2419,983 2537,1037 2647,998 2650,923 2524,953 2459,923 2401,961 2167,887 2027,942 1853,885 1683,918"/>
                <Baseline points="1689,953 1736,953 1784,953 1831,954 1879,954 1926,956 1974,957 2021,959 2069,960 2116,963 2164,965 2212,967 2259,969 2307,972 2354,974 2402,975 2449,978 2497,980 2544,981 2592,984 2640,986"/>
                <TextEquiv>
                    <Unicode>solle, daß er am Boden gelegen, und auf</Unicode>
                </TextEquiv>
            </TextLine>
            <TextLine id="r7l8" custom="readingOrder {index:7;}">
                <Coords points="1695,1079 1749,1066 1791,1098 1895,1064 2140,1079 2235,1054 2435,1117 2471,1086 2623,1084 2625,1039 2242,992 2096,992 2040,1029 1917,978 1824,1021 1699,984"/>
                <Baseline points="1703,1038 1748,1038 1794,1039 1839,1040 1885,1041 1931,1043 1976,1045 2022,1046 2068,1049 2113,1051 2159,1053 2205,1055 2250,1058 2296,1059 2342,1061 2387,1064 2433,1065 2479,1066 2524,1067 2570,1067 2616,1067"/>
                <TextEquiv>
                    <Unicode>ihne geschlagen worden, welches Er ihme</Unicode>
                </TextEquiv>
            </TextLine>
            <TextLine id="r7l9" custom="readingOrder {index:8;}">
                <Coords points="1685,1156 1825,1196 1890,1159 2130,1146 2266,1187 2308,1156 2581,1193 2674,1132 2521,1089 2311,1106 2268,1073 2202,1100 1934,1081 1813,1118 1749,1067 1687,1084"/>
                <Baseline points="1692,1139 1740,1136 1789,1134 1838,1133 1887,1133 1935,1133 1984,1134 2033,1136 2082,1138 2130,1140 2179,1142 2228,1145 2277,1148 2325,1150 2374,1152 2423,1154 2472,1154 2520,1155 2569,1155 2618,1154 2667,1152"/>
                <TextEquiv>
                    <Unicode>aber außgeschlagen und gesagt, daß Er </Unicode>
                </TextEquiv>
            </TextLine>
            <TextLine id="r7l10" custom="readingOrder {index:9;}">
                <Coords points="1675,1240 1727,1270 1842,1222 1911,1263 2022,1229 2173,1237 2321,1289 2392,1242 2587,1244 2588,1218 2340,1163 2234,1186 2183,1148 2091,1180 1980,1155 1914,1203 1786,1162 1676,1169"/>
                <Baseline points="1683,1224 1727,1224 1772,1224 1817,1224 1862,1224 1907,1224 1952,1226 1996,1226 2041,1226 2086,1227 2131,1228 2176,1229 2221,1230 2266,1230 2310,1232 2355,1232 2400,1233 2445,1233 2490,1235 2535,1235 2580,1235"/>
                <TextEquiv>
                    <Unicode>dießes nicht thun könne bey seinem</Unicode>
                </TextEquiv>
            </TextLine>
            <TextLine id="r7l11" custom="readingOrder {index:10;}">
                <Coords points="1677,1364 1740,1364 1771,1346 1826,1371 1907,1322 1950,1350 2028,1324 2116,1333 2116,1296 2052,1272 1959,1253 1930,1279 1898,1281 1798,1229 1677,1286"/>
                <Baseline points="1685,1313 1711,1312 1738,1311 1764,1311 1791,1310 1817,1310 1844,1310 1870,1310 1897,1311 1923,1311 1950,1311 1976,1312 2003,1313 2029,1313 2056,1313 2082,1313 2109,1314"/>
                <TextEquiv>
                    <Unicode>guten gewüßen.</Unicode>
                </TextEquiv>
            </TextLine>
            <TextLine id="r7l12" custom="readingOrder {index:11;}">
                <Coords points="1685,1448 1783,1482 1978,1426 2135,1468 2238,1434 2580,1457 2666,1436 2666,1375 2555,1406 2423,1365 2332,1406 2218,1356 2134,1401 1980,1355 1864,1406 1770,1346 1685,1385"/>
                <Baseline points="1692,1433 1740,1430 1788,1427 1836,1425 1885,1424 1933,1423 1981,1422 2030,1422 2078,1422 2126,1422 2175,1423 2223,1424 2271,1425 2319,1426 2368,1427 2416,1428 2464,1430 2513,1430 2561,1431 2609,1433 2658,1434"/>
                <TextEquiv>
                    <Unicode>Ob Er auch von hören sagen, weiters nichts</Unicode>
                </TextEquiv>
            </TextLine>
            <TextLine id="r7l13" custom="readingOrder {index:12;}">
                <Coords points="1679,1523 1896,1505 1967,1543 2021,1508 2076,1548 2131,1518 2219,1546 2393,1509 2531,1550 2653,1523 2653,1474 2400,1434 2182,1474 2077,1442 2000,1486 1680,1458"/>
                <Baseline points="1686,1506 1734,1505 1782,1505 1830,1503 1878,1503 1926,1503 1974,1503 2022,1503 2070,1503 2118,1505 2166,1506 2214,1506 2262,1508 2310,1509 2358,1509 2406,1511 2454,1512 2502,1514 2550,1515 2598,1517 2646,1518"/>
                <TextEquiv>
                    <Unicode>vernommen, so zu Aufheiterung dieser</Unicode>
                </TextEquiv>
            </TextLine>
            <TextLine id="r7l14" custom="readingOrder {index:13;}">
                <Coords points="1660,1624 1850,1583 2325,1583 2397,1617 2526,1589 2593,1632 2689,1612 2690,1547 2629,1572 2303,1515 2094,1567 1911,1563 1855,1512 1661,1529"/>
                <Baseline points="1668,1578 1718,1580 1769,1581 1820,1581 1870,1581 1921,1581 1972,1581 2022,1580 2073,1580 2124,1580 2175,1580 2225,1580 2276,1580 2327,1580 2377,1581 2428,1583 2479,1585 2529,1587 2580,1591 2631,1595 2682,1601"/>
                <TextEquiv>
                    <Unicode>Sach dienen könne, als was er biß her auß¬</Unicode>
                </TextEquiv>
            </TextLine>
            <TextLine id="r7l15" custom="readingOrder {index:14;}">
                <Coords points="1654,1722 1759,1668 2193,1687 2350,1652 2489,1697 2641,1661 2640,1605 2335,1629 2257,1587 2155,1618 2113,1589 1849,1583 1788,1627 1653,1635"/>
                <Baseline points="1661,1658 1709,1658 1758,1658 1806,1658 1855,1656 1904,1656 1952,1656 2001,1655 2050,1654 2098,1653 2147,1653 2196,1652 2244,1652 2293,1650 2342,1650 2390,1650 2439,1650 2488,1650 2536,1652 2585,1652 2634,1653"/>
                <TextEquiv>
                    <Unicode>geredt, werde zum letstenmahl in Gute</Unicode>
                </TextEquiv>
            </TextLine>
            <TextLine id="r7l16" custom="readingOrder {index:15;}">
                <Coords points="1675,1753 1829,1778 2003,1741 2059,1784 2334,1745 2488,1774 2661,1736 2660,1670 2581,1659 2518,1715 2240,1661 2068,1716 1954,1669 1850,1707 1743,1666 1675,1715"/>
                <Baseline points="1682,1734 1730,1736 1779,1737 1827,1737 1876,1737 1925,1737 1973,1737 2022,1737 2070,1736 2119,1734 2168,1734 2216,1733 2265,1732 2313,1731 2362,1730 2411,1730 2459,1730 2508,1730 2556,1730 2605,1730 2654,1731"/>
                <TextEquiv>
                    <Unicode>vermahnt seiner selbst zu schonen, und die</Unicode>
                </TextEquiv>
            </TextLine>
            <TextLine id="r7l17" custom="readingOrder {index:16;}">
                <Coords points="1660,1866 1717,1876 1809,1834 1864,1854 1897,1826 2077,1872 2156,1834 2289,1834 2289,1725 2152,1792 2095,1763 2055,1788 2011,1749 1961,1767 1901,1751 1813,1782 1758,1743 1660,1800"/>
                <Baseline points="1667,1824 1697,1824 1728,1824 1759,1823 1790,1823 1820,1823 1851,1823 1882,1821 1913,1821 1943,1821 1974,1821 2005,1821 2036,1821 2066,1821 2097,1821 2128,1821 2159,1821 2189,1821 2220,1823 2251,1823 2282,1823"/>
                <TextEquiv>
                    <Unicode>Wahrheit hervorzugeben?</Unicode>
                </TextEquiv>
            </TextLine>
            <TextLine id="r7l18" custom="readingOrder {index:17;}">
                <Coords points="1681,1961 1784,1932 1854,1977 2086,1940 2153,1989 2384,1982 2427,1947 2611,1990 2704,1954 2705,1897 2552,1908 2417,1857 1997,1922 1895,1879 1842,1906 1752,1862 1682,1876"/>
                <Baseline points="1689,1926 1739,1929 1789,1930 1840,1932 1890,1932 1941,1934 1991,1935 2041,1937 2092,1937 2142,1938 2193,1940 2243,1940 2293,1941 2344,1943 2394,1944 2445,1944 2495,1946 2545,1946 2596,1947 2646,1949 2697,1949"/>
                <TextEquiv>
                    <Unicode>dleßen Errinnere Er sich noch, daß Morndrest</Unicode>
                </TextEquiv>
            </TextLine>
            <TextLine id="r7l19" custom="readingOrder {index:18;} person {offset:18; length:13;}">
                <Coords points="1653,2067 1789,2020 1877,2056 2078,2027 2130,2064 2459,2040 2632,2071 2633,2009 2564,1973 2195,1965 2052,2008 2005,1959 1815,1960 1723,1999 1655,1967"/>
                <Baseline points="1662,2018 1710,2018 1758,2018 1806,2019 1854,2019 1902,2021 1950,2022 1999,2023 2047,2024 2095,2025 2143,2027 2191,2027 2239,2028 2287,2030 2336,2031 2384,2033 2432,2033 2480,2034 2528,2036 2576,2037 2625,2037"/>
                <TextEquiv>
                    <Unicode>nach der Sach der Clauß Zeender zu ihme</Unicode>
                </TextEquiv>
            </TextLine>
            <TextLine id="r7l20" custom="readingOrder {index:19;}">
                <Coords points="1639,2111 1691,2145 2029,2120 2175,2161 2267,2121 2507,2151 2675,2122 2675,2086 2596,2053 1639,2068"/>
                <Baseline points="1646,2106 1697,2108 1748,2109 1799,2109 1850,2111 1901,2111 1952,2111 2003,2111 2054,2111 2105,2111 2156,2111 2207,2111 2258,2111 2309,2112 2360,2112 2411,2112 2462,2114 2513,2115 2564,2117 2615,2118 2667,2121"/>
                <TextEquiv>
                    <Unicode>Reponent gesagt, Er zuender habe gesehen.</Unicode>
                </TextEquiv>
            </TextLine>
            <TextLine id="r7l21" custom="readingOrder {index:20;}">
                <Coords points="2578,2208 2590,2210 2593,2211 2594,2213 2606,2215 2612,2187 2605,2186 2594,2180 2585,2178"/>
                <Baseline points="2586,2204 2601,2207"/>
                <TextEquiv>
                    <Unicode>.</Unicode>
                </TextEquiv>
            </TextLine>
            <TextLine id="r7l22" custom="readingOrder {index:21;}">
                <Coords points="1654,2243 2105,2208 2398,2248 2442,2211 2578,2209 2578,2148 2490,2136 2246,2130 2183,2172 2137,2133 2063,2158 2017,2128 1655,2152"/>
                <Baseline points="1661,2199 1706,2201 1752,2202 1797,2203 1843,2204 1888,2205 1934,2207 1979,2207 2025,2208 2070,2208 2116,2208 2161,2208 2207,2210 2252,2208 2298,2208 2343,2208 2389,2208 2434,2207 2480,2205 2525,2204 2571,2202"/>
                <TextEquiv>
                    <Unicode>daß die Könitzen den Riesten auf dem</Unicode>
                </TextEquiv>
            </TextLine>
            <TextLine id="r7l23" custom="readingOrder {index:22;}">
                <Coords points="1654,2334 2064,2309 2139,2348 2252,2322 2382,2352 2660,2321 2660,2269 2409,2254 2309,2288 2234,2233 2169,2282 2102,2226 1935,2278 1728,2223 1654,2243"/>
                <Baseline points="1662,2298 1711,2301 1761,2303 1810,2304 1860,2304 1909,2306 1959,2306 2008,2307 2058,2307 2107,2307 2157,2307 2206,2307 2256,2307 2305,2306 2355,2306 2404,2306 2454,2306 2503,2306 2553,2306 2602,2306 2652,2306"/>
                <TextEquiv>
                    <Unicode>Boden gehabt, und auf ihne geschlagen, und</Unicode>
                </TextEquiv>
            </TextLine>
            <TextLine id="r7l24" custom="readingOrder {index:23;}">
                <Coords points="1658,2430 1828,2443 1944,2395 2640,2438 2641,2384 2561,2338 2423,2376 2330,2334 2190,2371 1967,2322 1659,2345"/>
                <Baseline points="1665,2387 1713,2389 1761,2391 1810,2393 1858,2394 1907,2394 1955,2396 2004,2396 2052,2397 2101,2399 2149,2399 2197,2399 2246,2400 2294,2400 2343,2400 2391,2400 2440,2400 2488,2402 2537,2402 2585,2402 2634,2402"/>
                <TextEquiv>
                    <Unicode>als Er zeender abwehren wollen, habe ihne</Unicode>
                </TextEquiv>
            </TextLine>
            <TextLine id="r7l25" custom="readingOrder {index:24;} person {offset:4; length:6;}">
                <Coords points="1649,2503 1793,2544 1868,2513 1929,2539 2382,2493 2678,2509 2466,2409 2301,2475 2073,2399 1957,2474 1793,2428 1649,2458"/>
                <Baseline points="1656,2486 1706,2488 1757,2489 1808,2491 1858,2492 1909,2493 1960,2493 2010,2493 2061,2495 2112,2495 2163,2495 2213,2495 2264,2495 2315,2495 2365,2495 2416,2496 2467,2496 2517,2496 2568,2498 2619,2499 2670,2501"/>
                <TextEquiv>
                    <Unicode>der Schurz auf die Seithen in die Dorneren</Unicode>
                </TextEquiv>
            </TextLine>
            <TextLine id="r7l26" custom="readingOrder {index:25;}">
                <Coords points="1640,2636 1785,2602 2471,2615 2620,2592 2620,2507 2350,2567 2295,2536 2093,2564 1996,2528 1876,2573 1758,2530 1641,2549"/>
                <Baseline points="1647,2580 1695,2582 1743,2583 1791,2585 1840,2586 1888,2588 1936,2588 1985,2589 2033,2589 2081,2590 2130,2591 2178,2591 2226,2591 2274,2589 2323,2589 2371,2589 2419,2588 2468,2588 2516,2586 2564,2585 2613,2585"/>
                <TextEquiv>
                    <Unicode>gestoßen, welches ihne geschmerzet, und</Unicode>
                </TextEquiv>
            </TextLine>
            <TextLine id="r7l27" custom="readingOrder {index:26;}">
                <Coords points="1639,2701 2467,2720 2616,2680 2615,2618 2576,2606 2420,2614 2342,2656 2251,2615 2085,2656 2007,2606 1877,2670 1764,2624 1639,2650"/>
                <Baseline points="1646,2675 1694,2679 1742,2681 1790,2684 1838,2685 1886,2687 1934,2687 1983,2687 2031,2687 2079,2687 2127,2687 2175,2685 2223,2684 2271,2682 2320,2681 2368,2679 2416,2678 2464,2676 2512,2675 2560,2673 2609,2670"/>
                <TextEquiv>
                    <Unicode>er dahero dem Scherz mit seinem Stecken</Unicode>
                </TextEquiv>
            </TextLine>
            <TextLine id="r7l28" custom="readingOrder {index:27;}">
                <Coords points="1648,2776 1692,2793 1766,2780 1807,2821 1929,2816 1964,2792 2009,2791 2059,2819 2108,2814 2110,2724 2027,2759 1971,2741 1912,2752 1882,2723 1825,2731 1777,2706 1702,2748 1649,2734"/>
                <Baseline points="1655,2766 1681,2767 1707,2769 1733,2770 1760,2771 1786,2771 1812,2772 1839,2772 1865,2772 1891,2774 1917,2774 1944,2774 1970,2774 1996,2775 2023,2775 2049,2777 2075,2778 2102,2780"/>
                <TextEquiv>
                    <Unicode>im Streich gegeben,</Unicode>
                </TextEquiv>
            </TextLine>
            <TextLine id="r7l29" custom="readingOrder {index:28;}">
                <Coords points="1631,2904 2076,2914 2123,2951 2228,2901 2672,2908 2672,2873 2435,2814 2059,2859 1968,2823 1631,2835"/>
                <Baseline points="1638,2897 1689,2898 1740,2898 1791,2900 1843,2900 1894,2900 1945,2900 1997,2898 2048,2898 2099,2898 2151,2898 2202,2897 2253,2897 2304,2897 2356,2897 2407,2897 2458,2897 2510,2897 2561,2898 2612,2900 2664,2901"/>
                <TextEquiv>
                    <Unicode>Als nun Deponent /: alles zuredens un¬</Unicode>
                </TextEquiv>
            </TextLine>
            <TextLine id="r7l30" custom="readingOrder {index:29;}">
                <Coords points="1647,3026 1694,2993 1856,3033 2227,2983 2343,3019 2451,2984 2644,2999 2643,2956 2536,2900 2205,2962 1904,2906 1788,2956 1646,2953"/>
                <Baseline points="1653,2984 1702,2985 1751,2985 1800,2987 1849,2987 1898,2987 1947,2987 1997,2985 2046,2985 2095,2985 2144,2984 2193,2982 2242,2982 2291,2981 2341,2981 2390,2979 2439,2979 2488,2978 2537,2978 2586,2978 2636,2976"/>
                <TextEquiv>
                    <Unicode> geachtet) nichts mehrers wüßen und an¬</Unicode>
                </TextEquiv>
            </TextLine>
            <TextLine id="r7l31" custom="readingOrder {index:30;}">
                <Coords points="1643,3131 1813,3104 2461,3135 2651,3082 2650,3011 2496,3040 2143,3002 2047,3040 1999,3008 1905,3058 1702,2994 1641,3027"/>
                <Baseline points="1649,3080 1698,3083 1748,3084 1798,3086 1847,3086 1897,3086 1947,3084 1996,3084 2046,3082 2096,3080 2146,3078 2195,3075 2245,3074 2295,3071 2344,3070 2394,3069 2444,3068 2493,3068 2543,3069 2593,3069 2643,3072"/>
                <TextEquiv>
                    <Unicode>Tag geben wollen, wurde Er in Engere Ge¬</Unicode>
                </TextEquiv>
            </TextLine>
            <TextLine id="r7l32" custom="readingOrder {index:31;}">
                <Coords points="1621,3221 1682,3238 1762,3195 1855,3218 1912,3214 1938,3189 2011,3213 2101,3185 2102,3139 2063,3146 2017,3109 1964,3151 1835,3113 1781,3149 1733,3127 1703,3147 1681,3134 1622,3145"/>
                <Baseline points="1629,3170 1654,3171 1680,3173 1706,3173 1732,3175 1758,3176 1784,3177 1809,3177 1835,3178 1861,3179 1887,3179 1913,3179 1939,3179 1964,3179 1990,3177 2016,3177 2042,3176 2068,3174 2094,3173"/>
                <TextEquiv>
                    <Unicode>pfängnuß gethan.</Unicode>
                </TextEquiv>
            </TextLine>
            <TextLine id="r7l33" custom="readingOrder {index:32;}">
                <Coords points="1638,3328 2195,3302 2323,3343 2470,3334 2535,3277 2615,3271 2611,3193 2370,3224 2279,3196 1995,3258 1767,3201 1635,3268"/>
                <Baseline points="1644,3309 1692,3309 1740,3309 1788,3308 1836,3306 1884,3305 1932,3302 1981,3300 2029,3297 2077,3294 2125,3292 2173,3289 2221,3286 2269,3285 2318,3282 2366,3279 2414,3278 2462,3276 2510,3275 2558,3275 2607,3275"/>
                <TextEquiv>
                    <Unicode>Actum den 23ten Juny 1752.</Unicode>
                </TextEquiv>
            </TextLine>
            <TextEquiv>
                <Unicode>127.
Veter Schindler.
der Scherz seyn nicht allein bey ihme, sonder¬
wie er gehört auch bey dem Müller und
Klauß Zeender gewesen, habe ihme aber 
nichts anders zugemuthet, als daß er sagen
solle, daß er am Boden gelegen, und auf
ihne geschlagen worden, welches Er ihme
aber außgeschlagen und gesagt, daß Er 
dießes nicht thun könne bey seinem
guten gewüßen.
Ob Er auch von hören sagen, weiters nichts
vernommen, so zu Aufheiterung dieser
Sach dienen könne, als was er biß her auß¬
geredt, werde zum letstenmahl in Gute
vermahnt seiner selbst zu schonen, und die
Wahrheit hervorzugeben?
dleßen Errinnere Er sich noch, daß Morndrest
nach der Sach der Clauß Zeender zu ihme
Reponent gesagt, Er zuender habe gesehen.
.
daß die Könitzen den Riesten auf dem
Boden gehabt, und auf ihne geschlagen, und
als Er zeender abwehren wollen, habe ihne
der Schurz auf die Seithen in die Dorneren
gestoßen, welches ihne geschmerzet, und
er dahero dem Scherz mit seinem Stecken
im Streich gegeben,
Als nun Deponent /: alles zuredens un¬
 geachtet) nichts mehrers wüßen und an¬
Tag geben wollen, wurde Er in Engere Ge¬
pfängnuß gethan.
Actum den 23ten Juny 1752.</Unicode>
            </TextEquiv>
        </TextRegion>
    </Page>
</PcGts>
