3024 4032
245 347 373 419 282.
424 342 1191 511 Hieronimus Rohler.
206 474 380 575 Quast.
419 467 1418 600 16. Ob nicht nach seiner Banisation und
394 549 1308 714 Wieder Eintritt ins Land, er dorffen
378 643 1392 803 sagen, der Teuffel habe sie weggeführt,
398 766 1396 906 aber der Liebe Gott habe sie wieder her¬
384 860 695 982 ngebracht.
281 947 367 1068 B.
404 941 1067 1096 Er besinne sich nicht hieron.
215 1113 405 1240 Quaest.
438 1074 1394 1289 17., Ob er sich dermahlen noch nicht erin¬
377 1242 1371 1394 nneren wolle, daß er so wohl als sein Bruder
376 1330 1360 1457 gelehret, die begnadete können ohne
375 1432 1388 1571 Abbruch ihrer Seeligkeit thun, was sie wollen
364 1519 1364 1636 Item die Mahrheit oder Unwahrheit zu
381 1615 1212 1775 reden seye ihnen gleichgültig zu¬
261 1799 342 1921 S
392 1778 1329 1934 Er möge sich gar nicht erinnerin dießes
361 1914 1141 2027 geredet oder gelehret zu haben.
421 2122 496 2177 da
163 2097 363 2212 Quaest.
371 2096 1348 2236 3. Ober nicht auch zusagen schwere
350 2198 1372 2303 meßen, Er seye Gottes versicheret, Wer
346 2292 1369 2430 sich nicht sein, und seiner Lehr anzunemmen
351 2383 1356 2546 Begehre, werde nimmermehr seelig werden.
345 2488 1077 2645 Das wolle er auch gesagt haben.
236 2463 314 2630 H.
150 2645 1331 2795 Alerte hier aber nicht geben vergehenen wir
324 2778 1357 2892 tagen dörffen, was wider den Sohn Gottes
315 2867 1350 2997 gesundiget werde könne vergeben werden
327 2968 1332 3123 was aber wieder sie Kohler und die Els¬
328 3072 1333 3219 beth Rißlig geredt werde, könne nimmer
323 3186 901 3294 mehr vergeben werden.
240 3275 297 3396 2.
333 3273 1254 3387 Er wolle auch dießes für bekannt annemmen.
2467 408 2591 489 263.
1549 348 2483 537 Bussag der Gezeugen
1720 456 2305 584 in Confrontatione.
1489 588 2586 747 . Quaest. 16. an Hans Stüli der hortliche
1606 685 2586 818 versagt, Er habe dieses von dem Christin
1599 793 1990 894 Kohler gehöret.
1973 955 2009 1048 .
1464 1000 2580 1124 Ad Quast. 17 an Christen Beyeler erhielte dem
1588 1087 2559 1222 Inquisitin under Augen mit vielen Umb¬
1582 1178 2535 1308 estanden, daß er dießes mehrmahlen von
2308 1290 2339 1356 e
1594 1277 2566 1406 ihme und seinem Bruder dem Christen ge¬
1581 1382 1771 1483 p fornt.
1942 1380 2541 1501 deß letsteren, namlich der¬
1577 1457 2518 1583 Mahrheit, oder Unwahrheit halb fügt er.
1588 1552 2525 1685 dießen Umbstand bey, daß er Inquisit
1580 1644 2541 1749 dem Zugelers Weib in seiner Gegenwarth an¬
1579 1735 2545 1854 gerathen, wann sie seines des Inquisiten da¬
1583 1815 2533 1932 seyn wegen vor den Richter solte bescheiden
1584 1897 2550 2005 werden, so solle sie alles ablaugnen, gleich¬
1573 1968 2564 2083 wie er Inquisit selbsten auch alles abläug¬
1571 2039 2317 2120 mnen und Abschwohren wolte.
1453 2126 2022 2241 Ad Quaestin 18 vam d.
1959 2145 2572 2248 Christen Burtner erhaltet.
1903 2192 1934 2228 u
1575 2226 2442 2346 dießes dem Inquisiten under Augen:
1579 2307 2312 2448 deßgleichen Elias Bruhlhard.
1444 2688 2537 2814 ad Quast. 1. gram Hans Streit und Christen
1560 2776 2224 2897 Streit zeugen diß alle beyd
1564 2870 2559 3005 Hans Stübj der Chor kuchter Zeuget, daß er
1563 2940 2540 3084 von seiner Frauwen vernommen, daß der Inn¬
1552 3007 2543 3152 quisit diese Mort geredet, Auß Anlaß, da
1552 3078 2535 3256 einmahl der Herr Predikant zu Rüeggisterg
1543 3189 2530 3337 Scharpff wider die Kißlig geprediget habe.
2587 2006 2641 2136 4
2588 1084 2637 1190 .
