3024 4032
185 355 297 450 328.
295 378 1393 543 Ihr Grillden Will und verstand, daß in der
314 498 1340 625 ihme ertheillenden Censur, Ihme absonderlich
1338 562 1372 616 .
300 573 1402 689 ernstlich solle vorgehallten werden, Seine allhier
293 635 1394 755 gehalltene Bekante ohnbesonnene Reden, durch
298 706 1394 832 welche er der Oberkeit in Ihr Richterlich Ambt ge¬
300 782 1367 896 griffen, als weßenthalben Sie Messere Ihme
300 851 1418 975 das oberkeitliche Mißfallen kräfftigst bezeugen
296 936 1395 1055 und demnach Ihne nach Empfangener General
305 997 1384 1108 und Special Censur von Ihnen wegg zu Wohl¬
301 1082 1376 1195 verdienter gnädigen Straff in die gefangen,
291 1143 1414 1270 schafft bringen, und allda für 3. Mahl 24 Stund
299 1212 1408 1348 an Maßer und Brodt enthalten laßen, und
290 1294 1390 1422 Endtlichen damit dimittieren werden. Deßen
292 1365 1411 1490 Allesen nun die Messen hiemit berichtet werden,
290 1442 1399 1576 mit freundlichem gesinnen diesere Ihr Gnade
303 1511 1409 1647 Erkantnuß an diesen Leüthen allen zu voll¬
304 1585 1392 1726 estrecken. Maaßen nach anwohnender Meist¬
304 1652 1405 1792 rheit und Deateritar zu thun die in gnädigen Herren ersten
302 1754 1417 1904 wüßen werden. Act. d. 22ten Januarii 1753.
