3024 4032
322 350 453 466 96.
350 508 465 597 14.
514 449 1467 617 Christer Furren, in der Kircheren
488 573 901 711 Atatis 20. Jahr.
700 657 1020 802 Sagt auß¬
476 821 1453 972 Er seye etwann nach 8 Uhr mit seinem Tagbuer
503 906 1473 1041 Dentz Schönig zum Thor hinauß gegangen,
490 993 1465 1122 da er bey dem Schantz Graben gesehen, daß
475 1069 1452 1210 Sendlicht Scherz dem Riesen und G. das bey
469 1160 1477 1286 sich gehabte Meitschi weggenommen, Auf
481 1238 1369 1375 welches sie nichts geantwortet, sonder
1377 1315 1409 1368 .
472 1347 1440 1476 daßelbe gehen laßen, wormit sie sämbtlich
467 1442 1447 1586 und mit ihnen noch die Gebrüedere Jugi vor¬
467 1529 1437 1679 aus, Er und der Schön, aber ihnen nachge¬
456 1624 1445 1760 egangen, Wie sie nun in die Mitte deß
475 1723 1430 1853 Weißen Stein Holzlins gekommen, habe er
460 1798 1451 1947 einen Guth an dem Boden und viele Leuth
445 1898 1439 2027 alba theils stehend, theils gehend, gesehen, von
463 1997 1443 2114 darer mit dem Zentz Schönig, ohne sich auf¬
461 2069 1449 2212 zuhalten, fort, biß in das Könitz wirths¬
448 2152 1341 2298 Hauß gegangen, ohne daß er etwas
461 2268 844 2394 mehrers gehört.
477 2421 1365 2588 Wegen Entgegenstreitung Obiger
437 2551 1461 2662 Deposition, wurde hier abrumpiert, der
425 2632 1477 2775 Deponent aber in Gefangenschafft geschickt.
1292 3386 1391 3478 15
1443 1379 1509 1567 .
1433 1582 1487 1685 .
1598 520 1712 611 15.
1633 1957 1706 2071 .
1644 2056 1711 2178 .
1597 2164 1720 2257 Motte
1630 2775 1705 2907 d
2655 424 2765 503 97.
1757 509 2763 688 Willhelm Brauw von Oberend, der
1741 658 2608 796 mahlen bey Christen Spycher in diensten.
1979 779 2250 901 Sagt auß¬
1702 949 2743 1121 Als Er mit deß Christen Spychers Knecht zu¬
1721 1073 2724 1167 Herzweil zum Thor hinaus gegangen und in
1729 1146 2685 1270 das Weiße Stein Költzlin gekommen, habe er
1721 1221 2724 1360 allda den Bendicht Scherz und die Zollier an¬
1721 1316 2715 1438 getroffen, da er gesehen, daß Schertz nach dem
1724 1396 2724 1500 Einten Falliner gestoßen und die gebrüedere
1718 1496 2667 1627 Jugi nachbarths auf den gleichen Zallmer
1728 1578 2724 1705 geschlagen, Wormit er sich allein seines
1717 1666 2663 1799 Wegs fort begeben, und wie er vernommen,
1713 1753 2727 1904 seye die rechte Schlägerey erst nach werts an¬
1706 1893 1976 1970 gegangen.
1727 1943 2578 2081 Ob sich der Gallmer nicht gewehrt habe?
1732 2044 2268 2178 Er habe es nicht gesehen.
1722 2158 2740 2296 at. Es seye nicht zu vermuthen, daß er in
1697 2249 2715 2362 diesen Umbständen bey dieser Anlarschen
1703 2327 2715 2455 Bursch vorbey gegangen und nicht mehr von
1716 2415 2679 2535 dieser Sach gehört, als er angegeben, umb so
1700 2493 2736 2623 da weniger, als bereits verlauten wollen, daß
1697 2576 2663 2709 er auch nach der Haubt Schlägerey auf dem
1699 2658 2412 2786 Ohrt solle gesehen worden seyn.
1735 2760 2700 2888 Er könne doch mit wahrheit nichts anders sagen
1696 2852 2259 2971 Als wie er bereits geredt.
2517 3368 2626 3471 16.
