3024 4032
284 1629 350 1750 d
313 1233 364 1321 8
234 381 352 483 180.
400 407 459 501 fer
316 387 1373 595 ti und Peinliches Examen, nicht
514 509 1101 649 Berricht Scherz
347 663 1361 798 Riesen geschlagen zu haben, Alldieweilen er¬
359 756 1384 891 selbigen auf dem Boden, mit der einten Hand¬
374 838 1302 986 bey den Baaren gefaßt, bezeügete aber
371 923 1357 1069 auf das hefftigste, daß er mit der bloßen
367 1016 1320 1160 Haus geschlagen, und weiler Meßer noch¬
370 1099 1093 1233 sonsten etwas darinnen gehabt.
384 1195 1356 1322 Wiees dan komme, daß grad drauff mann
365 1289 1359 1417 ihme daß Meßer in der Hand gesehen, dann
369 1366 1338 1495 obschon Er gesagt, er habe das Meßer zum
372 1449 1371 1584 taback schnetzlen brauchen wollen, so seye
371 1544 1237 1662 dießes allerdings nicht wahrscheinlich
377 1639 1345 1754 Bezeuge nochmahls bey gutem gewißen,
356 1726 1333 1840 daß ihne der Jugi erst ein Zeitli darnach, und
364 1801 1356 1932 aueth der Stapffen mit dem Meßer in der
347 1878 1348 1988 Hand angetroffen, und daß er das Meßer
353 1965 1050 2075 nicht zum Schlagen gebraucht.
352 2056 1321 2189 Ob Er nicht auf dem Heimb Weg bey dem
274 2060 341 2176 G.
343 2143 1282 2287 Schanz Graben zu seinen Cameraden.
331 2235 1321 2359 gesagt, sie wollen den Ballmerin zu nacht
344 2325 804 2435 den Meister zeigen.
279 2386 1308 2534 d. Stein das werde niemand dörffen reden.
345 2557 1298 2697 Darüber wurde der Inquisit gegen den
325 2643 1317 2808 Clauß Jugi confrontiert, welcher ihme
322 2731 1316 2899 unter angen erhalten, daß freylich an dem
331 2819 1301 2974 Benanten orth, er gesagt. Mann müßte den
328 2936 1239 3065 Ballmeren hienacht den Meister zeigen:
329 3024 1334 3160 der Scherz wolte es dennoch nicht eingestehen,
323 3110 1278 3245 und sagte Er habe mit Ihme den ganzen
311 3186 1294 3326 Weg auß, biß aneth dem Meisten Steine
306 3283 951 3425 Holtz kein Wort geredt.
1139 3366 1251 3518 bey
1558 467 1625 556 4.
2564 366 2683 476 184.
1638 420 1708 522 2b
1647 427 2641 593 und Peinliches Examen, mit
1720 564 2352 713 Benzicht Scherz
1619 688 2590 819 Bey dieser Confrontation wurde der¬
1638 774 2518 899 Gugi annoch befragt, Ob Er den
1622 864 2572 997 Scherz gesehen zu schlagen? Oder ob
1633 966 2555 1089 derselbe Ihne und andere geheißen.
1626 1063 2009 1180 drem schlagen.
1624 1133 2597 1280 Beantwortet zuge beydes mit Stein¬
1695 1240 2634 1373 Wurden hierauf beyde Buder an
1612 1334 2152 1485 Ihre Ohrt geführt etc.
1713 1475 2472 1625 Abgelesen und bestätiget
1616 1611 2378 1783 Actum ut supra.
1565 2539 2465 2692 Montags den 17. Julii 1752.
1562 2659 2561 2811 Ist obige wegen Christen Rissen von
1568 2718 2615 2890 Ober Balm Entleibung verführte Procedur
1583 2832 2599 2994 Meine gnädigen Herren und Oberen Räth und Burgeren
1574 2920 2585 3086 vorgetragen worden, welche dann nach
1585 3030 2588 3173 geschehener Umbfrag befunden, es seye
1556 3120 2550 3274 diese Procedur, sonderheitlich ansehend
2373 3223 2509 3319 den
