3024 4032
220 862 350 994 Frag
197 1051 373 1140 getwort.
214 1513 360 1638 F. 29.
185 1709 353 1810 Antwort.
195 1969 333 2125 Prag.
143 2274 333 2374 Auctions
150 2403 306 2507 1729.
141 2647 323 2763 Antwort
162 2830 301 2966 Sag.
388 472 1428 636 . zu Gonsten der im Schallen hauß enthaltenen Elsbeth
386 591 1365 719 Rißlig aufgesetzten Supplication das beste reden
386 678 1412 805 wollen, allermaßen er diß Mentsch kenne, als eine
392 758 1006 896 elende krank müchtige Persohn
395 870 1389 1014 Ob Er nicht gesagt, der Kohler seye fälschlich ange¬
399 957 601 1078 klagt.
416 1065 1370 1192 da, Er habe in seiner Einfalt dieses ohngeferd also
374 1157 1408 1296 geredt, doch nicht anderst verstanden, als daß Ihme
391 1252 1391 1376 dieses unbegreifflich vorkomme von dem Koster
372 1343 1363 1481 begangen zu seyn, was man gesagt, weilen Er
366 1432 1313 1577 selbsten ein so gutes Zeugnuß von Ihme gehört.
389 1537 1406 1676 Ob Er nun von seinen Mitgefangenen auß deß Kohlen
375 1627 1371 1758 eigenem Mund belehret worden, was an der Sach seye?
389 1741 1378 1847 Ja, hätte aber niehmahls gemeinet, daß einem
373 1822 1361 1946 Menschen, wie Er den Kohler gekennet, möglich wäre
358 1906 966 2025 solche Sachen zu vollbringen.
369 2012 1378 2141 Ob Er dann nicht ohne diß der oberkeitlichen und
356 2101 1396 2227 pflichtmäßig aufgenommenen Informationen völligen
356 2196 980 2320 Glauben beygemeßen hätte?
373 2291 1032 2422 Er müße bekennen minder.
359 2402 1345 2506 Ob Er nicht auch gesagt, Er und die gantze neüwe
343 2482 1351 2613 Gemeind begehren, daß der Kohler auf ein frischer
346 2573 1218 2709 verhört werde, und zwar vor Ihnen?
347 2669 1372 2799 Ja, dann er hatte mögen wünschen, daß die wahr¬
333 2770 988 2893 heit völlig aufgedeket wurde.
351 2869 1350 3000 Ob er vernünfftiger weiß glauben möge, daß
328 2964 1345 3089 eine hohe Landes Obrigkeit, nach deme Sie eine
323 3054 1356 3185 Sach in reiffe und mühsamme Erdaurung genom¬
323 3149 1352 3288 men, und ihr höchstes Urtheil außgefält, oder
323 3252 1378 3398 außzufällen bereit seye, von gehorsammen Unterthanen
1461 905 1600 986 Antwort.
1467 1442 1575 1585 Sag
1449 1815 1598 1945 Antwort.
1444 2547 1573 2700 1729.
1426 2760 1570 2872 Antwort
1425 3033 1556 3174 Frag
1633 484 2565 684 Botme angesucht werden diese Untersuchung auf ein
1604 572 2589 751 Frisches und zwar vor Ihnen den Unterthanen vorzu¬
1622 703 2566 860 nemmen, und Ihnen also von ihren Handlungen
1622 786 2113 914 Rechenschafft zu geben?
1643 896 2608 1045 r bekenne, daß er hierinnen gefehlet, seye aber mehr
1612 965 2590 1128 seinem Unverstand, als einichem Ungehorsam beyzu¬
1612 1073 2599 1220 meßen, zumahlen Er aufrichtig erkenne, daß und
1608 1174 2570 1319 Goth durch die Und vorgesetzte Obrigkeit regiere
1615 1268 2599 1411 deren man sich auch hiemit gehorsam unterwerffen
1617 1357 1743 1455 solle.
1617 1478 2555 1583 Ob Er nicht noch weiters bey Menger Herr Rahts Herr
1608 1560 2579 1683 Bügsturger gesagt, er befinde sich sowohl schuldig
1597 1650 2557 1776 als der Muß Kohler, und begehre Er die gleiche
1589 1738 2403 1873 Straff, wo der Kohler außstehen müße.
2405 1748 2469 1834 2
1621 1821 2568 1956 Er bekenne dieses geredet zu haben, allein auch
1624 1921 2569 2056 in dem verstand, daß er erkenne, daß Er und
1594 2028 2484 2146 alle Menschen in gleichem verderben ligen
1604 2138 2565 2246 Weilen er aber überzeüget werden müßen, daß
1600 2211 2586 2342 Brauels der verwüstung, darein der Kohler ge¬
1586 2303 2560 2428 pfällen, so seye er auch überzeüget, daß auch
1583 2403 2568 2537 alles Gut seye, was eine Gnädige Obrigkeit über
1582 2487 2018 2604 denselben erkennet.
1615 2570 2563 2705 Ob seith der Zeit, da die Kosten banisirt worden,
1598 2683 2277 2808 Er keine Versamlungen besucht.
1621 2762 2559 2910 Nein niehmahlen, Er habe auch seithar die Kohler
1580 2877 2571 2990 niemahlen gesehen, obgleich Ihme mehrmahlen
2440 2974 2483 3067 .
1588 2960 2445 3091 angesagt worden, Sie seyen da oder dorten
1588 3050 2608 3175 Ob Er sich fürohin der versamlungen deß Lehrens und auß¬
1564 3139 2545 3279 bsprechend zu müßigen, und allen Gebott- und verbotten
1558 3225 2543 3354 Meine gnädigen Herren allen Fallen noch zugeleben gesenet seye?
2547 435 2621 505 37.
2623 2368 2656 2476 d
2612 973 2670 1135 .
2640 837 2674 879 .
2648 506 2677 593 .
2629 1362 2695 1470 .
