3024 4032
331 360 423 437 40.
498 332 1281 501 arion Valette.
497 517 1413 653 die Schböster habein der Ruche das
324 549 493 706 Mnstertz
466 640 1461 794 Kind schregen gehört, und habe sonsten¬
482 753 1449 882 alle Wahrzeichen eines gesunden, Voll¬
494 854 1413 971 kommenen und Lebendigen Kinder
488 954 1457 1091 bin es dann sagen könne; daß es solcher
472 1063 797 1185 nicht biße?
491 1137 1407 1274 Es könne nichts anders sagen, als
379 1151 459 1309 8
480 1254 1462 1377 lie oben, seyn so Consternirt gelesen,
474 1351 1440 1482 daß es nichts von sich selbsten gelußt.
381 1442 442 1612 E.
467 1449 1432 1591 Wiear das Rind empfangen hhabe in¬
462 1546 862 1679 der Benißt2
364 1635 445 1786 8
473 1656 1462 1778 Es seye neben ihme ins Bett gekommen.
472 1757 1335 1879 Wir es das Kins Entbunden habe?
394 1773 447 1858 E.
462 1841 1468 1987 Es habe neben dem Batt in einem Bürtunh
455 1942 1393 2050 eine Schare gehabt, die es aus dem
460 2042 1471 2168 Bett nommen können, mit Welcher es¬
449 2148 1423 2271 die Sabel Schner enthbaey gehaulen,
389 2279 418 2387 E
457 2242 1437 2377 Wie es nachbehrts die Rabel- Schner¬
439 2343 848 2460 besorget habe?
376 2450 439 2539 B
458 2445 1469 2578 Es habe nichts daran gemacht, sonderen
381 2529 434 2583 6
427 2555 1200 2673 solche an dem Kind hingelegt.
369 2656 1453 2794 R. Ob es dann nicht gelaußt, daß bar die
416 2738 1474 2877 Sabel Schner an dem Kind nicht gebüught
418 2843 1450 2991 bird, deßelben Tos nothbendig erfolgen
436 2980 662 3070 mneße.
361 3032 1408 3193 R. Nein, das habe es nicht gebußt, und
430 3161 1462 3269 wan dieße Schnur ihns nicht gehinderet.
421 3257 1443 3358 hhatte Athem zu holen, wurde es nichts
428 3349 1044 3473 daraus gemacht hhoben.
1274 3440 1398 3586 Er
1745 388 2579 537 Marion Valette.
1653 585 1739 730 E.
1756 560 2714 744 Wie lang nach dem Kind die S. H. Nach¬
1736 703 2330 842 "geburth gekommen?
1659 797 2707 932 R. Ohngefahrs eine halbe Stund, bin die
1739 908 2519 1023 Gebammen daher gekommen.
1666 1009 2722 1128 R. Ob es gantz allein gebesen, als es die
1724 1099 2414 1231 Rabelschner zurschnitten?
1672 1210 2729 1341 R. Ja es seÿn gantz allein gewesen, und
1712 1307 2694 1415 seine Schloester habe von allein, weder
1727 1397 2685 1524 von der Schlangerschafft, noch von der
1709 1486 2722 1604 Niederkonff gantz nichts geläußt,
1721 1588 2551 1718 Biß alles seÿn vorbey gelesen.
1657 1690 2678 1806 R. Aus allen Umbständen Erhalle der¬
1733 1775 2631 1900 leydige Vorsatz, so es gehabt, seine
1720 1883 2701 2005 Leibes -Brucht abzuschaffen, solle also¬
1714 1980 2695 2108 die That Ostenherzig bekennen, und
1704 2073 2525 2199 Bott umb Verzeichung bitten?
1666 2168 2690 2311 R. Es bezeuge, daß es ein solch Gottlosen
1725 2259 2621 2385 Vorsatz niemahlen gehabt, und daß
1714 2353 2678 2475 es gantz und gar nicht gelöeßt, wie die
1706 2447 2678 2572 Rabel Schner müße besorget berden
1722 2537 2653 2656 Dann sonsten es faden bey der Stell ge¬
1711 2633 2664 2776 habt, und garleicht dem Unglüch hatte
1717 2725 2184 2853 vorkommen können.
1815 2822 2519 2942 Abgelesen und bestätiget.
1702 2923 2743 3028 Geschehen in Ihr Bnaden Großen
1711 3010 2723 3145 Spittahl. durch Muhlrn Vice Großbeibel
1716 3107 2689 3239 Simner und Aman Mannal d. 26. ten
1699 3215 2207 3342 Septembris 1751.
2691 377 2793 455 41.
