3024 4032
224 363 351 468 294.
330 1284 361 1377 1
338 1182 372 1262 1
343 893 378 954 11
344 694 373 784 1
413 364 1206 523 Hieronimus Kohler.
403 495 1402 612 Was er geredt habe, nicht wahr seyn,
360 587 1378 719 so solle Gott ihne straffen und ihne
400 688 1390 818 hier nicht ab dem Platz laßen, darauf
400 779 1383 920 ist ihme zur Antwort worden, Gott
399 875 1400 1007 seyn langmüthig, und werde nicht also
393 953 1371 1108 bald straffen etc. Darauf hat er ge¬
346 1069 1389 1178 antwortet, Ergreiffe Gott im gerechten
376 1168 1376 1293 Gericht an, Er müße ihne straffen, oder
397 1249 1361 1416 nicht ein gerechter Gott seyn, und
379 1366 1318 1475 Ermüßte ein Schelm und Morder
347 1455 1025 1580 1 seyn, oder ihne straffen,
359 1554 1363 1664 Man̄ meine nach dem Sterben müße mann
326 1668 355 1717 7
371 1642 1363 1759 in den Himmel hinauf, wann er nach dem
344 1735 1326 1853 Sterben in den Zimmel müßte, würden
311 1811 1364 1925 ihne die Teufel Siebenmahl in den Küfften
317 1909 1355 2024 u nehmen und verreißen ehe und bevor¬
327 1996 978 2102 1 er in dem Zimmel wäre:
335 2063 1306 2202 darauf ist er hinder dem Tisch weggen¬
1304 2128 1339 2169 .
343 2170 1363 2301 gangen, und hat gesagt, er seye von sein
261 2218 310 2305 4
338 2277 1320 2404 nem Orth weg, und seye nicht ge¬
259 2320 296 2371 11
334 2362 1346 2490 strafft worden, darumb sehen sie, daß
264 2408 291 2475 1
334 2471 1176 2615 er die Mahrheit geredt habe. etc.
287 2517 324 2561 17
227 2583 316 2706 d
359 2579 1316 2707 Er könne nicht mehr sagen, wie und
328 2676 1296 2788 Was da geredt worden. Wohl gestehe¬
319 2747 1335 2897 er, daß dergleichen Morte dorten ge¬
308 2850 520 2971 fallen.
347 2976 1345 3109 Wie er selbst ablesend angehört, so werde
119 2970 344 3110 Iusticet.
303 3053 1333 3181 diese schröckliche Beschuldigung von ver¬
287 3131 1338 3260 schiedenen Persohnen, welche dießes alles
296 3214 1316 3326 selbsten angehöret, bestätiget, Namlich
305 3287 1248 3407 von Bendicht Scholl dem Saager zu¬
1081 3394 1332 3511 Pinterlen
1512 2233 1592 2359 d.
1526 1301 1605 1420 3
1526 1401 1593 1523 8.
2499 450 2636 542 295.
1633 406 2421 571 Hieronimus Röhler
1626 531 2542 683 Pinterlen, Ackam Scholl dem Müller
1611 644 2623 775 Hans Ulrich Kummer des Müllers knecht
1612 725 2623 872 Abraham Schneider dem Schuhmacher, und
1612 812 2628 943 Hans Heinrich Schneider, deß Ammanns Knecht,
1615 913 2594 1053 Und haben diese jetzt vernambsete funfft
1601 1013 2627 1141 Männer dieße ihre Außag mit einem feyr¬
1603 1086 2582 1244 rlichen Eydt zu Gott bekräfftiget, was er
1613 1220 2473 1327 nun hierleider einzuwenden habe?
1628 1304 2602 1428 Er habe darwieder nichts einzuwenden.
1628 1415 2618 1541 Ob Er Endtlich sich nicht auch erinneren wolle,
1596 1490 2599 1619 an die Underredung, so er tags darauf
1598 1583 2545 1709 mit dem Amman̄ Laubscher zu Pinterlen
2541 1638 2593 1713 .
1594 1683 2545 1814 gehabt, in welchen er den sel. Apostel¬
1589 1771 2570 1893 Paulus als einen Klappermann, als
1586 1856 2575 1981 einen Regner und Rugen Prediger ge¬
1572 1970 2584 2085 scholten etc. Auch sich verlauten laßen,
1589 2042 2595 2170 er wolle denselben im Fleisch zeigen, wann
1601 2158 2046 2266 mann wolle. Ew.
1599 2242 2574 2372 Er erinnere sich gar nicht mit dem Amman
1606 2319 2577 2458 Laubscher etwas dergleichen gereit zu¬
1578 2426 1788 2528 haben.
1595 2497 2581 2630 Schließlichen wurde diese ganze
1591 2603 2591 2739 Procedur abgelesen, und von dem Inqui¬
1589 2697 2603 2821 Siten dahin bestätiget, daß er also, wie es
1571 2778 2576 2915 verfaßet, geantwortet habe, welches aber
1583 2880 2401 3001 nach dem Geist zu verstehen seyn.
1625 2972 2618 3090 Actum durch nicht en Alt Haubherren
1543 3039 2534 3195 Chrischer, und Ihr Gnaden dienere
1562 3155 2511 3296 Groß Weibel und Gricht Schreiber.
1588 3260 2406 3407 dlen 8ten Decembris 1752.
