3024 4032
278 325 353 400 20.
529 350 1027 570 DEchill
389 525 1195 710 Ghisten Rucens
454 684 1359 843 Montags die 28ten Juny. 1751.
355 930 1465 1137 Hr Gelris Alin und
398 1066 1478 1219 Große Rath der Statt und Respublic Herrn
377 1159 1465 1293 Urkunden himit, Demmnach Wir auf¬
385 1245 1477 1394 den heutigen Tag bey Eyden versammlet Uns vor¬
379 1346 1495 1485 rtragen laßen die verführte Criminal Procedur
377 1428 1470 1581 mit Christen Kiener, Gebürtig von Groß¬
387 1529 1404 1669 Höchstatten letsthin aber auf dem Hochbuehl.
391 1618 898 1746 obher Bolögl. geseßen;
347 1713 1479 1885 Daß aus derselben höchstmißföllig Wir bahr¬
374 1825 1461 1933 nemmin mmesen das schware Verbrechen obge¬¬
361 1896 1462 2033 denten und alhier vor Recht gestellten Gristen¬
357 1992 1476 2106 Rieners. Welchergestalten dieser Mißethäter¬
358 2079 1486 2209 in Übertredtung Gödtlicher und Ntaturlicher Ge¬
351 2164 1498 2308 solzen, auch mit Heyseitsetzung der Menschlichkeit¬
348 2248 1423 2389 selbsten, ein Goßhaffter Mörder seines Ehewveibs¬
362 2337 1474 2476 Elobeth Moster von Zeglen, gewerden; Da Er den
341 2455 1471 2603 7iten diß lauffenden Monaths durch Unbillen und
342 2525 1476 2698 unbegründeten Horn sich verleiten laßen, Geballthä¬
334 2632 1494 2791 stige Hand anselbige zu legen, Sie zu Boden zu bersten¬
343 2736 1454 2872 und nachdem Er sie zlonschen seiner Hauß Ther und
339 2822 1504 2991 der Schbellen ohnbarmhertig miß hondlet, zuletst¬
352 2916 1496 3083 mit ihrer eigenen Haar Schnur jönmerlich erdroßlet¬
349 3013 1483 3200 und erbürget; Dieße Bekantnuß und Urgicht auch
335 3101 1437 3264 Obwohlen die Folter zu deren Vervollkommung ange¬¬
339 3195 1463 3356 glendet werden mueßen, nochwerts und seithero unge¬
341 3290 1469 3446 bunden und freybillig biederhohlet und bestätiget hat¬
1346 3445 1463 3538 Als
2697 369 2795 481 27.
1662 434 2720 632 Als haben Wie, denen von dem Allerhöchsten Rer¬
1661 589 2750 736 genten in Handhabung der Aerechtigkeit dergleichen
1662 676 2682 818 Greubel und Mißethaten zu rächen, und von¬
1678 765 2736 928 Unserem Lande zu tilgen anvertraulet und ge¬
1654 858 1938 981 botten ist:
1661 960 2703 1169 Bestrochen und zu Rech Ertennt¬
1656 1187 2755 1311 Es solle dieser allhier vorgestellte unglücksetige
1672 1291 2730 1393 Übelthater Christen Riener mit Leib und Guth
1666 1365 2731 1476 Unß der Oberheit heingefallen seyn; Denne
1656 1442 2729 1561 nach Empfehlung seiner Seelen in die Erbormn¬
1657 1526 2697 1652 de Liebe Ihres Erlösers zu Wohlverdienter¬
1652 1616 2731 1735 Straff, und anderen zum Schreiten und Abschiub
1657 1695 2708 1811 dem Schorpft Richter übergeben, von demselben
1654 1789 2737 1899 gebunden, oben auß auf die gebohnte Richt Statt
1642 1875 2726 1985 geführt, allda auf eine Sprechen geleget, und von
1645 1969 2721 2082 oben heründer mit dem Rad vom Leben zum Tod
1653 2048 2735 2171 Eingerichtet; der Leib nachberths aufs Rad ge¬
1636 2150 2729 2283 flochten, also in die Höhe gerichtet, nach Eingang
1649 2238 2732 2371 der Sonnen dann under das Hochgericht verschar¬
1643 2314 2708 2456 ret werden. Gegeben in Unferer Großen¬
1637 2411 2661 2561 Raths Versamlung den 28 ten Juny. 1751.
