3024 4032
236 3231 322 3361 I.
293 2392 336 2480 H
279 304 382 397 118.
310 1810 377 1957 I
344 840 416 963 I.
628 299 975 470 Examen¬
695 464 805 544 mit
448 554 1427 765 Veter Schindler, von Oberschmeich
436 827 1395 956 Er wüße wohl, weßtwegen Er in hiesigen
434 917 1400 1039 verhafft seyn, daß Er nemblich von der
412 995 1392 1140 unglücklichen Schlägerey Müßenschafft
395 1098 1408 1223 habe, doch aber hierüber in der Ersteren
413 1161 1421 1298 Verhöhr gar nicht vernüglich geredet, dero¬
410 1270 1384 1379 wegen ihme nochmahls vorgestellt werde
401 1347 1411 1493 mit bey seits setzung aller Menschen Fracht¬
401 1455 1375 1546 Gott zu Ehren, der Hohen Oberkeit zu
400 1524 1398 1679 gehorsammen und zu Erleichterung seines
382 1627 1396 1763 Gewüßens die Wahre Hergangenheit auß¬
385 1725 647 1849 u zusagen.
394 1829 1362 1956 Er habe gesehen, daß der Riesen gestoßen
372 1912 1368 2053 worden, könte aber nicht sagen von wein,
354 2013 1350 2128 Maßen es bereits finster gewesen, Er
364 2100 1378 2236 habe den Gugi, so zu Ihme gekommen, abge¬
366 2199 1370 2312 gwehrt, und gesagt, Es gehe zu grob, welche
359 2287 1384 2416 ihme gesagt, kein es gehe nicht zu grob.
368 2406 1353 2512 Er sage aus, daß er gesagte, es gehe zu
334 2490 1353 2593 Grob, und wolle von der Schlägerey, ins¬
336 2550 1386 2692 besonders aber, womit der Riesten geschlagen
334 2666 1344 2781 worden, nichts wüßen, womit und von
318 2762 1104 2894 Wein die Streichen Ergangen.
279 2855 1371 3000 R. Er versichere einmahl, daß er nichts anders
334 2958 1365 3061 gesehen, als daß dem Riesten mit einem
310 3035 1367 3169 Stecken ein Streich versetzt worden, könne
334 3134 1067 3248 aber nicht wüßen, von Wein¬
341 3239 1297 3372 Er solle begreiffen, daß er nach seinem
1109 3372 1280 3484 vesten
1586 2131 1656 2253 2.
1585 2243 1651 2359 9.
1584 2491 1629 2601 gr
1566 2626 1625 2727 d
1557 2895 1623 2990 g
1534 3108 1610 3191 3
1611 1191 1669 1299 d.
1603 1418 1661 1559 .
1606 1554 1661 1647 d
2597 423 2736 528 179.
1752 396 2345 588 Veter Schindler.
1693 618 2694 805 Besten Mußen reden müße, wie er die Sach¬
1690 716 2669 856 begreiffe, und glaube gesehen zu haben,
1699 812 2696 957 welches sein gewüßen Allenfalls umb so
1694 900 2688 1055 weniger beschworen solle, als seine Außaag
1679 997 2687 1119 durch die Thätern selbst werde müßen be¬
1667 1082 2084 1194 stätiget werden.
1699 1175 2656 1319 Er halte dafür, daß Scherz und die Zug, die
2178 1288 2206 1323 e
1688 1272 2665 1394 Anfängere gewesen, und auf den Ruesten ge¬
1659 1363 2047 1468 schlagen haben.
1684 1443 2471 1589 Ver dann noch mehr dabey gewesen
1691 1526 2646 1681 der Knecht zbinnen Hauß bey Christen.
1667 1613 2676 1752 Spycher, Willhelm Graus und Christen
1664 1708 2689 1838 Kirrschi, denen habe er abgewehrt, sie sollen
1648 1805 2671 1925 dieses laßen gelten, welche ihm aber ge¬
1661 1871 2644 2014 antwortet, was er darnach zu fragen
1639 1976 2681 2121 habe. Worauf die Zug, auch herzu ge¬
1646 2072 1923 2160 kommen.
1670 2162 2547 2294 Ob der Braut nahe dabey gewesen?
1672 2246 2650 2369 Ja er möge naher dabey gewesen seyn, als er¬
1658 2337 2678 2451 und könne beßeren Bericht geben, maßen
1648 2414 2497 2549 er dem Riesten Rath angeworffen.
1667 2497 2591 2625 Wie und mit Wein Er fort gegangen.
1666 2613 2673 2725 Sie seyen schier allsamtlich mit Einander
1647 2699 2616 2812 weggegangen, der Riesten aber seye schon
1646 2786 2410 2916 beyseits oder vorausgegangen.
1649 2870 2601 3009 Ob Er den Kiesten nach werths nicht mehr
1639 2976 1953 3091 angetroffen.
1656 3053 2669 3186 Wohl bald darauf und nicht über 50. Schritt
1626 3136 2641 3300 weit, da Er seinen Guth gesucht und gefor¬
1613 3267 1830 3364 nderet.
2522 3393 2600 3518 H.
