3024 4032
234 2344 338 2501 8.
230 2643 321 2779 E.
236 3052 346 3200 .
206 161 327 254 62.
192 1003 401 1172 befragt,
467 275 1269 436 Sunfftes Ramen
736 392 896 492 Mi
458 464 1250 660 Marion Valette.
434 578 1424 755 Lauth Ihr Bradt: Gefelch von Endsge¬
399 687 1469 846 meldtem Bato, verführt durch Michglu
402 765 1442 941 Rothsherr Steiger, nebst Mihl n Groß¬
396 844 1515 1057 Weibel Estinger und Grichschreiber Batsche¬
428 1017 1460 1212 Sinth leztem Examine habe es Zeit gehabt¬
400 1139 1452 1306 alles dasjenige, was in seinen vorigen Exomi¬
390 1240 1473 1404 nribus enthalten, noch reysflich zu überlegen,
388 1310 1453 1464 Deroldigen in Bedencken der betrüebten Umb¬
380 1413 1486 1565 eständen, in welchen es sich befinde, man von
374 1509 1485 1648 ihme verhoffe, es werde seine Aussaag Sie¬
370 1606 1466 1763 mandem zu Lieb noch zu Leyd, sonder alles¬
394 1692 1467 1828 der Mahrheit gemäß abstatten; Solle deme,
372 1802 1475 1927 nach nochmahlen sagen. Ob alles das jenge¬
368 1877 1487 1993 so in seinen Biß hörigen Examinibus ent¬
377 1973 1484 2116 halten (: so beit solches den Lieutenant Wer¬¬
363 2066 1477 2217 mer anschei) sich in der that, und so loies¬
343 2157 1252 2290 solches außgesagt, verhalte?
372 2349 1418 2512 Ja das Bezeuge es aufrichtig, und Bei¬
364 2457 1366 2616 stätige seine vorigen Außaagen durch aus¬
365 2621 1470 2752 Ob ins Besonders er darauf Beharre, daß der
369 2734 1475 2859 Lieutenant Wernies ihme proponiert, Ihns¬
350 2811 1432 2976 auf Svonan zu führen, umb daselbsten Zu¬
350 2948 681 3079 kindbetten?.
370 2986 1471 3142 Ta. und Gloav zu verschiedenen mahlen, das¬
332 3097 1439 3250 erste mahl im Majo und hernach nochmahls im
324 3170 1452 3341 Sommer, uns seyn das erste mahl sein Ini¬
1399 3273 1459 3357 2o
331 3283 1256 3465 quisitin Schlöster darbey gebesen.
1636 1014 1723 1169 8
1725 304 2632 485 Marion Walette.
1649 446 2725 686 E. Ober gleichfalls Behörre, daß der¬
1733 570 2797 724 Lieute Werner Ihme von einem Meneh
1724 641 2779 834 geredet, belches Kinder abzutrecken.
1718 761 2830 911 luße, und Er Weinier ihme diese Mittel
1728 882 2107 1029 gegebotten?
1765 964 2765 1099 Ja es beharre darauß, und zbar¬
1725 1071 2854 1196 habe er das erstemahl nur Discouro Weise
1730 1166 2839 1286 darvon geredet, das Zbeyte mohl aber, als
1719 1262 2875 1413 im Kirset, habe er gesucht, auch mit drohungen
1710 1344 2746 1486 Ihns zu Bereden, daß er diese Mithel¬
1726 1458 1973 1560 Brauche.
1722 1549 2746 1677 Obauches darauff Beharre, daß der¬
1628 1548 1707 1681 E:
1720 1639 2752 1766 Lieutenant Wernier ihns betrohet, Ihne
1708 1736 2739 1879 durch öffentliche Angebung der Schläänger¬
1694 1822 2820 1973 schofft nicht zu prostituieren, oder er wolle.
1724 1925 2464 2060 ihns in Stücker zerhauben?
1626 2013 2860 2166 d. Ja, deßen habe er ihns zu verschiedenen Mahlen
1693 2115 2152 2255 ernstlich betrohet.
1676 2525 2768 2715 Aber dieße biderholte Deporition.
1702 2679 2580 2833 hin wurde so gleich Examinaert
2204 3027 2537 3223 Licuurs
2772 202 2882 315 69.
