<?xml version="1.0" encoding="UTF-8" standalone="yes"?>
<PcGts xmlns="http://schema.primaresearch.org/PAGE/gts/pagecontent/2013-07-15" xmlns:xsi="http://www.w3.org/2001/XMLSchema-instance" xsi:schemaLocation="http://schema.primaresearch.org/PAGE/gts/pagecontent/2013-07-15 http://schema.primaresearch.org/PAGE/gts/pagecontent/2013-07-15/pagecontent.xsd">
    <Metadata>
        <Creator>prov=University of Rostock/Institute of Mathematics/CITlab|PLANET AI GmbH/Gundram Leifert/gundram.leifert@planet-ai.de:name=German_Kurrent_XVI-XVIII_M5.4(htr_id=38771)::::v=2.6.7
prov=University of Rostock/Institute of Mathematics/CITlab|PLANET AI GmbH/Tobias Gruening/tobias.gruening@planet-ai.de:name=de.uros.citlab.module.baseline2polygon.B2PSeamMultiOriented:v=2.6.7
prov=University of Rostock/Institute of Mathematics/CITlab|PLANET AI GmbH/Gundram Leifert/gundram.leifert@planet-ai.de:name=Transkribus German Kurrent M2(htr_id=29820)::::v=2.6.7
prov=University of Rostock/Institute of Mathematics/CITlab|PLANET AI GmbH/Tobias Gruening/tobias.gruening@planet-ai.de:name=de.uros.citlab.module.baseline2polygon.B2PSeamMultiOriented:v=2.6.7
prov=University of Rostock/Institute of Mathematics/CITlab|PLANET AI GmbH/Tobias Gruening/tobias.gruening@planet-ai.de:name=/net_tf/LA73_249_0mod360.pb:de.uros.citlab.segmentation.CITlab_LA_ML:v=2.6.7
Transkribus</Creator>
        <Created>2022-05-02T15:21:59.071+02:00</Created>
        <LastChange>2022-09-12T15:28:20.982+02:00</LastChange>
        <TranskribusMetadata docId="1334850" pageId="52363040" pageNr="99" tsid="114644951" status="IN_PROGRESS" userId="9570" imgUrl="https://files.transkribus.eu/Get?id=KOTDSUTTKQJRJXETBLMFRAJR&amp;fileType=view" xmlUrl="https://files.transkribus.eu/Get?id=NCWUGBNUGWQIZXUMQFOBSJNH" imageId="30688127"/>
    </Metadata>
    <Page imageFilename="IMG_6912.jpg" imageWidth="3024" imageHeight="4032">
        <ReadingOrder>
            <OrderedGroup id="ro_1687513628943" caption="Regions reading order">
                <RegionRefIndexed index="0" regionRef="r1"/>
                <RegionRefIndexed index="1" regionRef="r2"/>
                <RegionRefIndexed index="2" regionRef="r3"/>
                <RegionRefIndexed index="3" regionRef="r4"/>
                <RegionRefIndexed index="4" regionRef="r5"/>
                <RegionRefIndexed index="5" regionRef="r6"/>
            </OrderedGroup>
        </ReadingOrder>
        <TextRegion orientation="0.0" id="r1" custom="readingOrder {index:0;}">
            <Coords points="204,349 204,502 335,502 335,349"/>
            <TextLine id="r1l1" custom="readingOrder {index:0;}">
                <Coords points="197,503 210,504 243,484 252,486 261,480 273,489 296,491 342,480 342,430 335,430 309,407 287,398 282,401 269,388 241,387 230,380 223,387 197,393"/>
                <Baseline points="204,452 230,449 256,449 282,450 308,450 335,450"/>
                <TextEquiv>
                    <Unicode>192.</Unicode>
                </TextEquiv>
            </TextLine>
            <TextEquiv>
                <Unicode>192.</Unicode>
            </TextEquiv>
        </TextRegion>
        <TextRegion orientation="0.0" id="r2" custom="readingOrder {index:1;}">
            <Coords points="299,518 299,3457 1371,3457 1371,518"/>
            <TextLine id="r2l1" custom="readingOrder {index:0;}">
                <Coords points="376,619 618,567 670,609 735,577 991,571 1377,599 1378,544 1189,454 1013,510 762,475 627,510 556,478 379,501"/>
                <Baseline points="384,564 433,566 482,568 532,569 581,570 630,570 680,570 729,570 778,570 828,570 877,570 926,570 976,572 1025,573 1074,573 1124,575 1173,578 1222,581 1272,586 1321,591 1371,596"/>
                <TextEquiv>
                    <Unicode>Eydtlich von Unseren Mediat und Immediat</Unicode>
                </TextEquiv>
            </TextLine>
            <TextLine id="r2l2" custom="readingOrder {index:1;}">
                <Coords points="390,699 460,679 548,727 634,677 770,714 959,668 1356,689 1356,612 1327,598 390,597"/>
                <Baseline points="396,672 443,671 491,671 539,671 586,670 634,669 682,668 729,668 777,667 825,666 873,666 920,665 968,665 1016,665 1063,665 1111,665 1159,666 1206,666 1254,668 1302,669 1350,672"/>
                <TextEquiv>
                    <Unicode>Landen für 101. Jahr verbannet werden.</Unicode>
                </TextEquiv>
            </TextLine>
            <TextLine id="r2l3" custom="readingOrder {index:2;}">
                <Coords points="371,869 443,838 528,885 614,832 1226,850 1288,828 1287,786 1247,801 1107,742 967,775 513,747 370,778"/>
                <Baseline points="377,833 422,833 467,831 512,831 557,830 603,830 648,828 693,827 738,827 783,825 829,825 874,824 919,824 964,822 1009,822 1055,822 1100,822 1145,822 1190,822 1235,822 1281,824"/>
                <TextEquiv>
                    <Unicode>Endtlich soller mit und neben übrigen.</Unicode>
                </TextEquiv>
            </TextLine>
            <TextLine id="r2l4" custom="readingOrder {index:3;}">
                <Coords points="392,960 600,920 698,954 803,911 1024,959 1060,931 1300,926 1304,847 1228,895 1076,846 897,890 812,834 731,832 526,899 452,859 392,898"/>
                <Baseline points="398,923 443,921 488,920 533,919 578,918 623,917 668,915 713,914 758,914 803,912 848,912 893,911 938,911 983,911 1028,911 1073,911 1118,911 1163,911 1208,911 1253,911 1298,912"/>
                <TextEquiv>
                    <Unicode>seinen Mit Schuldigen, ich einer umb¬</Unicode>
                </TextEquiv>
            </TextLine>
            <TextLine id="r2l5" custom="readingOrder {index:4;}">
                <Coords points="384,1041 660,1023 780,1050 842,1005 1273,1041 1346,1012 1346,944 1059,932 1005,974 958,947 910,974 803,913 699,954 474,927 383,970"/>
                <Baseline points="390,1016 437,1013 485,1011 532,1010 580,1008 627,1007 675,1007 722,1005 770,1005 817,1005 865,1005 912,1005 960,1005 1007,1005 1055,1007 1102,1007 1150,1007 1197,1008 1245,1008 1292,1010 1340,1010"/>
                <TextEquiv>
                    <Unicode>und für den anderen alle dieser Sach und</Unicode>
                </TextEquiv>
            </TextLine>
            <TextLine id="r2l6" custom="readingOrder {index:5;}">
                <Coords points="374,1132 590,1141 719,1109 796,1143 952,1105 1183,1130 1339,1119 1339,1080 1135,1017 1020,1025 944,1079 777,1074 725,1034 588,1070 529,1026 373,1059"/>
                <Baseline points="380,1110 427,1109 475,1109 522,1108 570,1106 618,1106 665,1104 713,1101 760,1100 808,1098 856,1098 903,1097 951,1095 998,1095 1046,1095 1094,1095 1141,1097 1189,1099 1236,1102 1284,1105 1332,1109"/>
                <TextEquiv>
                    <Unicode>Procedur halb ergangene Kosten zu er¬</Unicode>
                </TextEquiv>
            </TextLine>
            <TextLine id="r2l7" custom="readingOrder {index:6;}">
                <Coords points="363,1244 469,1207 928,1206 997,1241 1125,1205 1371,1215 1371,1180 1099,1113 896,1160 743,1131 618,1129 558,1175 479,1127 363,1148"/>
                <Baseline points="369,1199 418,1200 468,1200 518,1200 568,1200 618,1199 667,1199 717,1197 767,1196 817,1195 867,1194 916,1193 966,1192 1016,1191 1066,1191 1116,1193 1165,1194 1215,1196 1265,1199 1315,1202 1365,1208"/>
                <TextEquiv>
                    <Unicode>rsetzen und zu bezahlen verfället seyn.</Unicode>
                </TextEquiv>
            </TextLine>
            <TextLine id="r2l8" custom="readingOrder {index:7;} person {offset:0; length:6;}">
                <Coords points="383,1301 747,1329 914,1293 1095,1333 1226,1293 1353,1306 1353,1246 1148,1209 1072,1263 693,1212 574,1251 471,1207 383,1252"/>
                <Baseline points="390,1298 437,1298 485,1298 533,1296 581,1296 629,1295 677,1293 724,1292 772,1290 820,1289 868,1289 916,1287 964,1286 1012,1286 1059,1286 1107,1286 1155,1287 1203,1289 1251,1290 1299,1293 1347,1296"/>
                <TextEquiv>
                    <Unicode>Beberi in Unserer Großen Raths ver¬</Unicode>
                </TextEquiv>
            </TextLine>
            <TextLine id="r2l9" custom="readingOrder {index:8;}">
                <Coords points="371,1443 539,1450 603,1413 925,1440 1222,1398 1222,1331 1181,1318 1100,1336 890,1309 794,1343 595,1311 372,1355"/>
                <Baseline points="378,1392 419,1391 461,1389 503,1388 545,1388 587,1388 629,1388 670,1388 712,1388 754,1388 796,1389 838,1389 880,1389 922,1391 963,1391 1005,1391 1047,1391 1089,1392 1131,1391 1173,1391 1215,1391"/>
                <TextEquiv>
                    <Unicode>samblung den 24 July 1752.</Unicode>
                </TextEquiv>
            </TextLine>
            <TextLine id="r2l10" custom="readingOrder {index:9;}">
                <Coords points="357,1812 485,1854 646,1795 1248,1817 1344,1802 1344,1759 1212,1706 1130,1759 783,1726 659,1758 576,1697 524,1716 454,1671 356,1724"/>
                <Baseline points="363,1796 411,1797 460,1797 509,1797 558,1797 606,1797 655,1797 704,1796 753,1796 801,1796 850,1795 899,1794 948,1794 996,1793 1045,1793 1094,1793 1143,1793 1191,1791 1240,1792 1289,1793 1338,1793"/>
                <TextEquiv>
                    <Unicode>Betreffend dan̄ die übrigen Inqui¬</Unicode>
                </TextEquiv>
            </TextLine>
            <TextLine id="r2l11" custom="readingOrder {index:10;} person {offset:11; length:15;} person {offset:28; length:8; continued:true;}">
                <Coords points="365,1899 645,1923 718,1892 1061,1899 1111,1937 1206,1893 1361,1931 1361,1833 1122,1801 962,1794 835,1858 734,1814 520,1871 440,1830 365,1861"/>
                <Baseline points="371,1889 420,1889 469,1889 518,1889 567,1889 617,1887 666,1887 715,1887 764,1887 813,1887 863,1888 912,1889 961,1889 1010,1889 1059,1889 1109,1889 1158,1890 1207,1890 1256,1892 1305,1892 1355,1893"/>
                <TextEquiv>
                    <Unicode>siten, alß hieronimus Hugi, Christen</Unicode>
                </TextEquiv>
            </TextLine>
            <TextLine id="r2l12" custom="readingOrder {index:11;} person {offset:0; length:7; continued:true;} person {offset:9; length:15;} person {offset:30; length:7; continued:true;}">
                <Coords points="338,2010 1353,1985 1333,1915 1158,1908 1041,1958 874,1905 777,1948 609,1905 544,1947 472,1920 338,1943"/>
                <Baseline points="344,1983 394,1983 444,1983 494,1983 544,1983 594,1983 644,1983 694,1982 744,1982 794,1982 845,1980 895,1980 945,1979 995,1979 1045,1979 1095,1979 1145,1979 1195,1979 1245,1979 1295,1979 1346,1980"/>
                <TextEquiv>
                    <Unicode>Hirschi, Christen Burren, und Wilhelm</Unicode>
                </TextEquiv>
            </TextLine>
            <TextLine id="r2l13" custom="readingOrder {index:12;} person {offset:0; length:5; continued:true;}">
                <Coords points="356,2110 545,2116 602,2075 727,2067 859,2099 1022,2062 1100,2099 1265,2066 1343,2085 1342,1989 1099,2027 1036,1994 825,1987 769,2023 623,2004 521,2052 402,2005 355,2031"/>
                <Baseline points="362,2075 410,2075 459,2074 508,2073 557,2072 605,2072 654,2070 703,2069 752,2067 800,2066 849,2064 898,2063 947,2063 995,2061 1044,2061 1093,2062 1142,2063 1190,2064 1239,2066 1288,2069 1337,2072"/>
                <TextEquiv>
                    <Unicode>Grauw, habend Meine gnädiger Herrn D. R. und 6.</Unicode>
                </TextEquiv>
            </TextLine>
            <TextLine id="r2l14" custom="readingOrder {index:13;}">
                <Coords points="350,2164 501,2150 636,2190 699,2161 804,2215 1078,2154 1301,2173 1348,2162 1348,2106 879,2088 797,2130 720,2086 587,2084 350,2116"/>
                <Baseline points="357,2159 406,2159 455,2157 504,2156 553,2156 603,2154 652,2153 701,2153 750,2151 799,2151 849,2150 898,2150 947,2150 996,2150 1045,2150 1095,2150 1144,2151 1193,2151 1242,2153 1291,2154 1341,2157"/>
                <TextEquiv>
                    <Unicode>deren Beurtheilung Meinen gnädige Herrn den Rähten</Unicode>
                </TextEquiv>
            </TextLine>
            <TextLine id="r2l15" custom="readingOrder {index:14;}">
                <Coords points="348,2279 440,2264 470,2291 601,2254 830,2285 920,2251 1069,2251 1067,2183 901,2184 804,2215 698,2161 607,2205 415,2185 346,2222"/>
                <Baseline points="354,2247 389,2247 424,2246 460,2245 495,2244 531,2243 566,2241 601,2240 637,2240 672,2238 708,2237 743,2237 778,2235 814,2235 849,2234 885,2234 920,2234 955,2234 991,2234 1026,2235 1062,2235"/>
                <TextEquiv>
                    <Unicode>überlaßen und zugeschicket</Unicode>
                </TextEquiv>
            </TextLine>
            <TextLine id="r2l16" custom="readingOrder {index:15;}">
                <Coords points="329,2495 526,2498 652,2447 755,2494 959,2445 1312,2453 1335,2393 1190,2368 1129,2413 985,2408 862,2355 601,2424 403,2353 328,2375"/>
                <Baseline points="335,2448 384,2448 434,2448 484,2448 533,2448 583,2447 633,2447 682,2445 732,2444 782,2444 832,2442 881,2442 931,2441 981,2441 1030,2439 1080,2439 1130,2439 1179,2439 1229,2441 1279,2441 1329,2442"/>
                <TextEquiv>
                    <Unicode>Montags den 24. Julii coram Senatu.</Unicode>
                </TextEquiv>
            </TextLine>
            <TextLine id="r2l17" custom="readingOrder {index:16;} person {offset:27; length:7;}">
                <Coords points="311,2608 501,2564 827,2608 996,2556 1157,2599 1317,2570 1316,2520 1136,2495 938,2517 814,2491 718,2523 630,2484 553,2516 370,2473 310,2508"/>
                <Baseline points="318,2565 367,2563 417,2561 466,2559 516,2558 566,2558 615,2556 665,2556 714,2555 764,2555 814,2555 863,2553 913,2553 962,2553 1012,2553 1062,2553 1111,2553 1161,2552 1210,2552 1260,2552 1310,2552"/>
                <TextEquiv>
                    <Unicode>Zedel an Herren Großweibel Efinger,</Unicode>
                </TextEquiv>
            </TextLine>
            <TextLine id="r2l18" custom="readingOrder {index:17;} person {offset:28; length:8;}">
                <Coords points="328,2672 982,2675 1062,2707 1329,2643 1329,2591 1214,2574 1098,2625 960,2581 831,2609 703,2575 594,2627 494,2571 328,2587"/>
                <Baseline points="335,2643 384,2643 433,2643 483,2645 532,2645 581,2645 631,2645 680,2645 729,2645 779,2645 828,2645 877,2645 927,2645 976,2645 1025,2643 1075,2643 1124,2643 1173,2643 1223,2642 1272,2642 1322,2642"/>
                <TextEquiv>
                    <Unicode>und Herren Grichtschreibern Gatschet.</Unicode>
                </TextEquiv>
            </TextLine>
            <TextLine id="r2l19" custom="readingOrder {index:18;} person {offset:19; length:5;}">
                <Coords points="322,2779 709,2770 825,2813 925,2774 1092,2817 1166,2781 1315,2791 1336,2744 1243,2759 1127,2683 981,2716 795,2713 759,2682 687,2710 576,2669 325,2685"/>
                <Baseline points="330,2741 379,2745 429,2750 479,2753 529,2756 579,2759 629,2762 679,2765 729,2766 779,2768 829,2769 878,2771 928,2772 978,2774 1028,2774 1078,2775 1128,2776 1178,2777 1228,2777 1278,2777 1328,2778"/>
                <TextEquiv>
                    <Unicode>Nachdemme bekanter Maßen von denen in</Unicode>
                </TextEquiv>
            </TextLine>
            <TextLine id="r2l20" custom="readingOrder {index:19;}">
                <Coords points="321,2872 362,2895 595,2858 689,2886 726,2857 853,2892 970,2851 1043,2907 1335,2844 1336,2806 1190,2783 1134,2818 866,2800 836,2828 763,2776 323,2780"/>
                <Baseline points="329,2823 381,2827 434,2831 486,2835 539,2837 591,2841 644,2843 697,2846 749,2847 802,2849 854,2850 907,2852 959,2852 1012,2852 1065,2852 1117,2852 1170,2850 1222,2849 1275,2847 1328,2846"/>
                <TextEquiv>
                    <Unicode>der Gefangenschafft geseßenen Gethäteren</Unicode>
                </TextEquiv>
            </TextLine>
            <TextLine id="r2l21" custom="readingOrder {index:20;}">
                <Coords points="316,2932 1278,2960 1328,2932 1330,2861 1064,2918 891,2864 850,2893 724,2857 670,2901 586,2858 317,2882"/>
                <Baseline points="323,2907 375,2910 428,2913 480,2916 533,2918 585,2921 638,2924 691,2926 743,2928 796,2930 848,2931 901,2933 953,2934 1006,2935 1059,2936 1111,2936 1164,2936 1216,2935 1269,2934 1322,2933"/>
                <TextEquiv>
                    <Unicode>und Schuldigen bey der Schlägerey, dadurch</Unicode>
                </TextEquiv>
            </TextLine>
            <TextLine id="r2l22" custom="readingOrder {index:21;}">
                <Coords points="322,2991 427,3033 535,3001 935,3039 986,3009 1088,3041 1155,3015 1226,3057 1349,3015 1350,2967 1203,2950 1081,2996 883,2934 802,2971 323,2933"/>
                <Baseline points="329,2987 379,2991 430,2996 481,3000 531,3002 582,3004 633,3006 683,3008 734,3009 785,3009 836,3010 886,3011 937,3011 988,3011 1038,3011 1089,3012 1140,3012 1190,3012 1241,3014 1292,3014 1343,3015"/>
                <TextEquiv>
                    <Unicode>der Stiefen das Leben verlohren, Meine gnädigen Herren</Unicode>
                </TextEquiv>
            </TextLine>
            <TextLine id="r2l23" custom="readingOrder {index:22;}">
                <Coords points="316,3079 708,3085 855,3134 917,3100 1008,3140 1283,3098 1284,3062 1184,3021 930,3045 317,3007"/>
                <Baseline points="323,3075 370,3075 418,3077 466,3079 513,3081 561,3083 609,3084 656,3086 704,3087 752,3089 800,3090 847,3092 895,3093 943,3093 990,3095 1038,3095 1086,3095 1133,3095 1181,3093 1229,3093 1277,3092"/>
                <TextEquiv>
                    <Unicode>und D. R. n. 3. die zwey Strafbarster</Unicode>
                </TextEquiv>
            </TextLine>
            <TextLine id="r2l24" custom="readingOrder {index:23;} person {offset:13; length:11;}">
                <Coords points="319,3161 436,3159 474,3191 695,3166 749,3212 797,3168 847,3207 892,3181 1236,3207 1317,3168 1318,3114 1007,3140 913,3100 847,3135 557,3088 320,3132"/>
                <Baseline points="326,3156 375,3156 424,3156 473,3156 522,3158 572,3159 621,3161 670,3162 719,3165 768,3167 818,3170 867,3172 916,3173 965,3176 1014,3177 1064,3177 1113,3179 1162,3177 1211,3177 1260,3175 1310,3173"/>
                <TextEquiv>
                    <Unicode>nemblich den Niclauß Zug, und Bericht</Unicode>
                </TextEquiv>
            </TextLine>
            <TextLine id="r2l25" custom="readingOrder {index:24;}">
                <Coords points="293,3266 389,3294 603,3253 760,3286 862,3258 922,3290 1347,3266 1347,3237 1236,3246 1108,3188 848,3207 805,3175 749,3213 719,3182 542,3180 441,3222 357,3174 294,3186"/>
                <Baseline points="299,3255 351,3253 403,3251 455,3250 507,3249 559,3249 611,3251 663,3251 715,3252 767,3254 819,3255 871,3257 923,3258 975,3260 1027,3261 1079,3263 1131,3264 1183,3264 1235,3266 1287,3265 1340,3264"/>
                <TextEquiv>
                    <Unicode>Scherzletsthin beurtheillet, und es nun¬</Unicode>
                </TextEquiv>
            </TextLine>
            <TextLine id="r2l26" custom="readingOrder {index:25;}">
                <Coords points="306,3361 631,3354 728,3394 871,3346 944,3382 1161,3375 1286,3365 1287,3310 1154,3332 1034,3270 307,3308"/>
                <Baseline points="314,3335 362,3335 410,3335 458,3336 507,3336 555,3336 603,3338 652,3338 700,3339 748,3340 797,3341 845,3342 893,3344 941,3345 990,3347 1038,3348 1086,3350 1135,3351 1183,3353 1231,3354 1280,3356"/>
                <TextEquiv>
                    <Unicode>mehro vor Meine gnädige Herrn den Räthen, und</Unicode>
                </TextEquiv>
            </TextLine>
            <TextLine id="r2l27" custom="readingOrder {index:26;}">
                <Coords points="1198,3454 1205,3454 1222,3438 1233,3435 1263,3447 1284,3433 1303,3434 1296,3366 1280,3362 1271,3369 1247,3358 1239,3367 1223,3359 1217,3365 1210,3364 1203,3373 1191,3370"/>
                <Baseline points="1203,3438 1234,3431 1265,3429 1296,3429"/>
                <TextEquiv>
                    <Unicode>die</Unicode>
                </TextEquiv>
            </TextLine>
            <TextEquiv>
                <Unicode>Eydtlich von Unseren Mediat und Immediat
Landen für 101. Jahr verbannet werden.
Endtlich soller mit und neben übrigen.
seinen Mit Schuldigen, ich einer umb¬
und für den anderen alle dieser Sach und
Procedur halb ergangene Kosten zu er¬
rsetzen und zu bezahlen verfället seyn.
Beberi in Unserer Großen Raths ver¬
samblung den 24 July 1752.
Betreffend dan̄ die übrigen Inqui¬
siten, alß hieronimus Hugi, Christen
Hirschi, Christen Burren, und Wilhelm
Grauw, habend Meine gnädiger Herrn D. R. und 6.
deren Beurtheilung Meinen gnädige Herrn den Rähten
überlaßen und zugeschicket
Montags den 24. Julii coram Senatu.
Zedel an Herren Großweibel Efinger,
und Herren Grichtschreibern Gatschet.
Nachdemme bekanter Maßen von denen in
der Gefangenschafft geseßenen Gethäteren
und Schuldigen bey der Schlägerey, dadurch
der Stiefen das Leben verlohren, Meine gnädigen Herren
und D. R. n. 3. die zwey Strafbarster
nemblich den Niclauß Zug, und Bericht
Scherzletsthin beurtheillet, und es nun¬
mehro vor Meine gnädige Herrn den Räthen, und
die</Unicode>
            </TextEquiv>
        </TextRegion>
        <TextRegion orientation="0.0" id="r3" custom="readingOrder {index:2;}">
            <Coords points="1521,925 1521,1079 1574,1079 1574,925"/>
            <TextLine id="r3l1" custom="readingOrder {index:0;}">
                <Coords points="1517,1062 1525,1062 1531,1056 1539,1057 1558,1047 1568,1053 1583,1053 1577,967 1564,970 1547,989 1541,991 1526,986 1512,988"/>
                <Baseline points="1521,1029 1547,1028 1574,1025"/>
                <TextEquiv>
                    <Unicode>.</Unicode>
                </TextEquiv>
            </TextLine>
            <TextEquiv>
                <Unicode>.</Unicode>
            </TextEquiv>
        </TextRegion>
        <TextRegion orientation="0.0" id="r4" custom="readingOrder {index:3;}">
            <Coords points="1530,1796 1530,1946 1575,1946 1575,1796"/>
            <TextLine id="r4l1" custom="readingOrder {index:0;}">
                <Coords points="1524,1906 1540,1908 1547,1915 1551,1915 1563,1904 1581,1902 1581,1822 1564,1824 1553,1834 1540,1840 1524,1839"/>
                <Baseline points="1530,1896 1575,1896"/>
                <TextEquiv>
                    <Unicode>2.</Unicode>
                </TextEquiv>
            </TextLine>
            <TextEquiv>
                <Unicode>2.</Unicode>
            </TextEquiv>
        </TextRegion>
        <TextRegion orientation="0.0" id="r5" custom="readingOrder {index:4;}">
            <Coords points="1569,418 1569,3367 2652,3367 2652,418"/>
            <TextLine id="r5l1" custom="readingOrder {index:0;}">
                <Coords points="2546,486 2555,485 2584,511 2595,504 2604,508 2613,500 2621,500 2628,506 2638,502 2649,513 2657,513 2660,437 2646,437 2619,420 2599,425 2586,411 2549,419"/>
                <Baseline points="2553,467 2586,464 2619,467 2652,470"/>
                <TextEquiv>
                    <Unicode>zu</Unicode>
                </TextEquiv>
            </TextLine>
            <TextLine id="r5l2" custom="readingOrder {index:1;}">
                <Coords points="1611,610 1723,623 1943,570 2093,612 2202,586 2329,633 2493,608 2597,638 2594,539 2233,559 2094,514 2042,552 1977,500 1881,537 1819,496 1617,497"/>
                <Baseline points="1620,581 1668,575 1717,570 1765,567 1814,567 1863,567 1911,569 1960,570 2008,573 2057,577 2106,581 2154,584 2203,589 2251,594 2300,598 2349,602 2397,604 2446,606 2494,608 2543,608 2592,606"/>
                <TextEquiv>
                    <Unicode>Bestraffung der übrigen annoch enthalte,</Unicode>
                </TextEquiv>
            </TextLine>
            <TextLine id="r5l3" custom="readingOrder {index:2;}">
                <Coords points="1606,683 1659,662 1780,701 2036,663 2115,708 2244,685 2398,737 2501,679 2579,702 2581,652 2480,632 2371,657 2238,613 2125,644 1881,592 1686,638 1609,619"/>
                <Baseline points="1613,666 1661,660 1709,657 1757,654 1805,653 1853,653 1901,654 1949,655 1997,657 2045,659 2093,662 2141,666 2189,668 2237,671 2285,675 2333,678 2381,680 2429,681 2477,683 2525,683 2574,681"/>
                <TextEquiv>
                    <Unicode>mnen zu thun gewesen. Haben nach An¬</Unicode>
                </TextEquiv>
            </TextLine>
            <TextLine id="r5l4" custom="readingOrder {index:3;}">
                <Coords points="1601,782 1668,745 1728,780 1853,742 1890,772 1930,747 2102,773 2147,745 2313,814 2393,756 2507,761 2530,695 2470,690 2407,739 2233,687 2160,727 2061,666 2010,704 1972,673 1923,698 1862,677 1812,717 1602,704"/>
                <Baseline points="1608,747 1653,745 1699,742 1745,741 1791,740 1836,740 1882,741 1928,742 1974,743 2019,746 2065,747 2111,749 2157,751 2202,753 2248,755 2294,756 2340,758 2385,758 2431,758 2477,756 2523,755"/>
                <TextEquiv>
                    <Unicode>hörung der Procedur Meyssen von</Unicode>
                </TextEquiv>
            </TextLine>
            <TextLine id="r5l5" custom="readingOrder {index:4;}">
                <Coords points="1597,875 1679,897 1887,825 1963,832 2060,901 2411,916 2428,780 2340,820 2232,785 2179,815 2009,757 1898,802 1821,745 1756,801 1599,817"/>
                <Baseline points="1604,840 1644,835 1685,832 1726,829 1766,827 1807,826 1848,825 1888,825 1929,827 1970,828 2011,830 2051,832 2092,835 2133,839 2173,842 2214,845 2255,849 2295,853 2336,856 2377,860 2418,863"/>
                <TextEquiv>
                    <Unicode>einem zum anderen Erkent.</Unicode>
                </TextEquiv>
            </TextLine>
            <TextLine id="r5l6" custom="readingOrder {index:5;} person {offset:14; length:14;}">
                <Coords points="1619,1018 1759,1037 1874,1011 1971,1055 2159,1022 2305,1085 2421,1038 2579,1061 2582,983 2498,941 2286,990 2181,933 2006,944 1768,889 1622,925"/>
                <Baseline points="1626,1014 1673,1011 1720,1010 1768,1008 1815,1008 1863,1010 1910,1010 1957,1013 2005,1014 2052,1017 2100,1020 2147,1023 2194,1025 2242,1028 2289,1029 2337,1032 2384,1033 2431,1034 2479,1034 2526,1034 2574,1032"/>
                <TextEquiv>
                    <Unicode>Belangend den Hieronimus Zug,</Unicode>
                </TextEquiv>
            </TextLine>
            <TextLine id="r5l7" custom="readingOrder {index:6;}">
                <Coords points="1608,1123 1745,1146 1883,1098 2024,1105 2161,1115 2200,1153 2257,1117 2352,1185 2481,1120 2592,1141 2593,1085 2412,1039 2313,1094 2154,1019 1984,1077 1832,1021 1752,1073 1665,1047 1608,1074"/>
                <Baseline points="1614,1112 1662,1108 1711,1104 1759,1102 1808,1101 1857,1100 1905,1100 1954,1101 2002,1102 2051,1103 2100,1106 2148,1107 2197,1109 2245,1111 2294,1113 2343,1115 2391,1115 2440,1116 2488,1116 2537,1115 2586,1113"/>
                <TextEquiv>
                    <Unicode>welcher zwar in der Schlägerey sich her¬</Unicode>
                </TextEquiv>
            </TextLine>
            <TextLine id="r5l8" custom="readingOrder {index:7;}">
                <Coords points="1591,1230 1830,1239 1913,1197 2074,1202 2118,1239 2245,1202 2558,1236 2577,1148 2352,1186 2275,1121 2205,1155 1980,1114 1887,1164 1818,1123 1774,1156 1684,1133 1591,1166"/>
                <Baseline points="1598,1205 1646,1202 1695,1199 1743,1197 1792,1196 1841,1195 1889,1194 1938,1196 1987,1196 2035,1197 2084,1199 2133,1199 2181,1200 2230,1202 2279,1203 2327,1205 2376,1205 2425,1205 2473,1205 2522,1203 2571,1202"/>
                <TextEquiv>
                    <Unicode>vorgethan, und mit dem Stecken geschla¬</Unicode>
                </TextEquiv>
            </TextLine>
            <TextLine id="r5l9" custom="readingOrder {index:8;}">
                <Coords points="1589,1343 1646,1311 1707,1356 1832,1319 1925,1345 2123,1287 2459,1333 2551,1304 2551,1256 2455,1212 2340,1272 2274,1224 2143,1267 2081,1212 2008,1258 1790,1224 1698,1263 1588,1229"/>
                <Baseline points="1595,1304 1642,1301 1689,1298 1737,1295 1784,1293 1832,1292 1879,1292 1927,1290 1974,1290 2022,1290 2069,1289 2116,1289 2164,1289 2211,1290 2259,1290 2306,1290 2354,1289 2401,1289 2449,1289 2496,1287 2544,1287"/>
                <TextEquiv>
                    <Unicode>ggen, Ich dennoch aber an denen tödtlich</Unicode>
                </TextEquiv>
            </TextLine>
            <TextLine id="r5l10" custom="readingOrder {index:9;}">
                <Coords points="1594,1443 1962,1388 2427,1426 2538,1389 2537,1326 2417,1362 2288,1294 2198,1347 2016,1308 1910,1368 1748,1338 1593,1364"/>
                <Baseline points="1601,1400 1647,1397 1694,1394 1740,1392 1787,1391 1833,1389 1880,1388 1926,1388 1973,1386 2019,1386 2066,1386 2113,1386 2159,1386 2206,1386 2252,1386 2299,1385 2345,1385 2392,1385 2438,1383 2485,1383 2532,1382"/>
                <TextEquiv>
                    <Unicode>geschlagenen Wunden nit theil gehabt,</Unicode>
                </TextEquiv>
            </TextLine>
            <TextLine id="r5l11" custom="readingOrder {index:10;}">
                <Coords points="1598,1502 1724,1538 2036,1485 2359,1511 2559,1473 2558,1406 2457,1444 2078,1399 1967,1403 1903,1443 1692,1424 1597,1451"/>
                <Baseline points="1604,1493 1651,1491 1698,1491 1746,1490 1793,1490 1841,1489 1888,1488 1935,1488 1983,1488 2030,1487 2078,1487 2125,1485 2172,1485 2220,1484 2267,1482 2315,1481 2362,1479 2409,1478 2457,1475 2504,1472 2552,1469"/>
                <TextEquiv>
                    <Unicode>Anbey sich hartnäckig und ohnverschamt</Unicode>
                </TextEquiv>
            </TextLine>
            <TextLine id="r5l12" custom="readingOrder {index:11;}">
                <Coords points="1608,1598 1711,1617 1809,1571 1851,1604 2011,1577 2169,1625 2268,1579 2493,1567 2546,1547 2545,1503 2155,1526 2051,1485 2006,1515 1847,1500 1758,1541 1606,1513"/>
                <Baseline points="1614,1578 1660,1578 1706,1577 1752,1577 1799,1575 1845,1575 1891,1575 1938,1575 1984,1575 2030,1575 2077,1574 2123,1574 2169,1572 2215,1572 2262,1569 2308,1568 2354,1566 2401,1564 2447,1560 2493,1556 2540,1551"/>
                <TextEquiv>
                    <Unicode>bezeiget. Habend Megen denselben</Unicode>
                </TextEquiv>
            </TextLine>
            <TextLine id="r5l13" custom="readingOrder {index:12;}">
                <Coords points="1592,1686 1807,1715 2031,1686 2073,1718 2195,1665 2553,1660 2551,1580 2513,1571 2427,1608 2289,1583 2198,1626 2051,1598 2002,1626 1905,1585 1830,1620 1666,1595 1591,1619"/>
                <Baseline points="1598,1673 1645,1670 1692,1668 1740,1668 1787,1667 1835,1665 1882,1665 1929,1665 1977,1664 2024,1664 2072,1664 2119,1662 2166,1662 2214,1661 2261,1659 2309,1658 2356,1655 2403,1652 2451,1649 2498,1644 2546,1640"/>
                <TextEquiv>
                    <Unicode>für zwey Jahr auß Ihr Budl. Stätt</Unicode>
                </TextEquiv>
            </TextLine>
            <TextLine id="r5l14" custom="readingOrder {index:13;}">
                <Coords points="1583,1783 1833,1767 1924,1827 2036,1819 2115,1757 2401,1793 2401,1697 2316,1742 2154,1689 2088,1728 2035,1689 1912,1718 1583,1697"/>
                <Baseline points="1589,1760 1629,1761 1669,1762 1709,1763 1750,1764 1790,1764 1830,1763 1870,1763 1911,1763 1951,1762 1991,1761 2031,1761 2072,1760 2112,1760 2152,1760 2192,1760 2233,1760 2273,1761 2313,1763 2353,1764 2394,1766"/>
                <TextEquiv>
                    <Unicode>und Landen Eydtlich Bannisiert.</Unicode>
                </TextEquiv>
            </TextLine>
            <TextLine id="r5l15" custom="readingOrder {index:14;} person {offset:4; length:16;}">
                <Coords points="1622,1941 1763,1924 1846,1963 2009,1921 2161,1948 2303,1914 2479,1943 2577,1917 2577,1834 2488,1863 2160,1857 1953,1818 1622,1872"/>
                <Baseline points="1628,1926 1675,1925 1722,1925 1769,1923 1816,1923 1863,1922 1910,1922 1957,1920 2004,1920 2051,1919 2099,1919 2146,1919 2193,1919 2240,1919 2287,1920 2334,1920 2381,1921 2428,1923 2475,1923 2522,1925 2570,1926"/>
                <TextEquiv>
                    <Unicode>den Christer Girschi dann betreffend</Unicode>
                </TextEquiv>
            </TextLine>
            <TextLine id="r5l16" custom="readingOrder {index:15;}">
                <Coords points="1586,2069 1953,2007 2009,2042 2136,2002 2199,2044 2231,2017 2395,2043 2563,2019 2563,1934 2140,1936 2016,1971 1968,1934 1663,1970 1586,1950"/>
                <Baseline points="1593,2007 1641,2006 1689,2004 1737,2003 1785,2003 1833,2001 1881,2001 1930,2001 1978,2001 2026,2001 2074,2001 2122,2003 2170,2003 2218,2004 2267,2004 2315,2006 2363,2007 2411,2007 2459,2009 2507,2010 2556,2010"/>
                <TextEquiv>
                    <Unicode>so auch bey diesem Gandel geweßt, und</Unicode>
                </TextEquiv>
            </TextLine>
            <TextLine id="r5l17" custom="readingOrder {index:16;}">
                <Coords points="1595,2090 1777,2119 1855,2087 2020,2134 2077,2087 2288,2130 2556,2106 2556,2069 2417,2032 2302,2055 2239,2030 2143,2078 1963,2032 1595,2059"/>
                <Baseline points="1602,2085 1649,2086 1696,2087 1744,2088 1791,2088 1839,2088 1886,2088 1933,2088 1981,2088 2028,2088 2076,2088 2123,2088 2170,2087 2218,2087 2265,2087 2313,2085 2360,2085 2407,2085 2455,2085 2502,2085 2550,2085"/>
                <TextEquiv>
                    <Unicode>nach einicher Außag auch zu geschlagen,</Unicode>
                </TextEquiv>
            </TextLine>
            <TextLine id="r5l18" custom="readingOrder {index:17;}">
                <Coords points="1582,2205 1757,2171 1921,2214 2022,2181 2057,2210 2132,2176 2206,2215 2283,2173 2568,2168 2568,2101 2275,2142 2077,2087 2022,2134 1879,2099 1582,2102"/>
                <Baseline points="1589,2166 1637,2166 1686,2166 1734,2166 1783,2166 1832,2166 1880,2166 1929,2166 1978,2168 2026,2168 2075,2168 2124,2168 2172,2168 2221,2168 2270,2168 2318,2168 2367,2166 2416,2166 2464,2165 2513,2163 2562,2162"/>
                <TextEquiv>
                    <Unicode>habend MGGHH. denselben für ein halber</Unicode>
                </TextEquiv>
            </TextLine>
            <TextLine id="r5l19" custom="readingOrder {index:18;}">
                <Coords points="1589,2270 1717,2286 1775,2250 1910,2286 2135,2250 2230,2290 2330,2258 2548,2263 2548,2222 2508,2206 2375,2182 2320,2207 2280,2175 2205,2215 2170,2186 2027,2226 1886,2186 1633,2179 1589,2205"/>
                <Baseline points="1596,2249 1643,2249 1690,2249 1737,2250 1785,2250 1832,2250 1879,2250 1926,2249 1974,2249 2021,2249 2068,2248 2115,2247 2163,2247 2210,2246 2257,2246 2304,2246 2352,2244 2399,2244 2446,2244 2493,2244 2541,2244"/>
                <TextEquiv>
                    <Unicode>Jahr zur Straßen Arbeit, Jedoch ohne</Unicode>
                </TextEquiv>
            </TextLine>
            <TextLine id="r5l20" custom="readingOrder {index:19;}">
                <Coords points="1562,2363 1653,2387 1726,2352 1826,2379 1912,2347 2032,2387 2259,2351 2369,2381 2519,2356 2519,2264 2205,2304 2110,2269 1919,2295 1817,2271 1747,2314 1619,2272 1562,2297"/>
                <Baseline points="1569,2336 1616,2336 1663,2336 1710,2337 1757,2337 1805,2337 1852,2336 1899,2336 1946,2336 1993,2336 2041,2336 2088,2336 2135,2336 2182,2336 2229,2336 2277,2336 2324,2336 2371,2336 2418,2337 2465,2337 2513,2339"/>
                <TextEquiv>
                    <Unicode>Ring, übergeben zu laßen guth funden.</Unicode>
                </TextEquiv>
            </TextLine>
            <TextLine id="r5l21" custom="readingOrder {index:20;}">
                <Coords points="2541,2346 2555,2342 2574,2349 2580,2342 2589,2343 2584,2260 2576,2260 2571,2266 2559,2260 2555,2261 2548,2270 2536,2269"/>
                <Baseline points="2547,2342 2583,2340"/>
                <TextEquiv>
                    <Unicode>.</Unicode>
                </TextEquiv>
            </TextLine>
            <TextLine id="r5l22" custom="readingOrder {index:21;} person {offset:4; length:16;}">
                <Coords points="1584,2543 1640,2518 1685,2551 1744,2524 1829,2546 1954,2502 2237,2544 2297,2499 2434,2527 2577,2504 2558,2425 2502,2471 2261,2436 2152,2474 1992,2374 1814,2421 1665,2383 1583,2409"/>
                <Baseline points="1590,2504 1639,2505 1688,2505 1737,2507 1786,2507 1835,2508 1884,2508 1933,2508 1982,2508 2031,2508 2080,2507 2129,2507 2178,2507 2227,2505 2276,2505 2325,2504 2374,2502 2423,2502 2472,2501 2521,2499 2570,2498"/>
                <TextEquiv>
                    <Unicode>Den Christen Bierren, dann welcher der</Unicode>
                </TextEquiv>
            </TextLine>
            <TextLine id="r5l23" custom="readingOrder {index:22;}">
                <Coords points="1595,2628 1876,2643 1961,2593 2042,2637 2080,2608 2140,2639 2285,2634 2412,2588 2547,2608 2547,2560 2453,2557 2367,2505 2128,2563 2028,2515 1924,2576 1749,2573 1636,2507 1595,2520"/>
                <Baseline points="1601,2591 1650,2591 1699,2591 1749,2591 1798,2591 1848,2591 1897,2591 1946,2591 1996,2591 2045,2591 2095,2591 2144,2591 2194,2591 2243,2591 2292,2591 2342,2589 2391,2589 2441,2589 2490,2588 2540,2588"/>
                <TextEquiv>
                    <Unicode>Schlägerey auch beygewohnt, und nach¬</Unicode>
                </TextEquiv>
            </TextLine>
            <TextLine id="r5l24" custom="readingOrder {index:23;}">
                <Coords points="1589,2693 2002,2686 2118,2730 2257,2682 2402,2718 2576,2710 2568,2649 2337,2657 2193,2620 2017,2665 1977,2633 1705,2654 1589,2628"/>
                <Baseline points="1596,2678 1644,2679 1693,2681 1742,2682 1790,2682 1839,2684 1888,2684 1936,2684 1985,2683 2034,2682 2083,2682 2131,2682 2180,2681 2229,2681 2277,2679 2326,2679 2375,2679 2423,2679 2472,2678 2521,2678 2570,2679"/>
                <TextEquiv>
                    <Unicode>denen Depositionen gestoßen und ge¬</Unicode>
                </TextEquiv>
            </TextLine>
            <TextLine id="r5l25" custom="readingOrder {index:24;}">
                <Coords points="1563,2839 1736,2809 1786,2767 1899,2817 1952,2769 2088,2814 2174,2776 2322,2816 2389,2762 2502,2784 2501,2725 2120,2734 1997,2688 1804,2752 1561,2734"/>
                <Baseline points="1569,2772 1615,2772 1661,2774 1707,2774 1754,2774 1800,2774 1846,2772 1893,2772 1939,2772 1985,2771 2032,2771 2078,2769 2124,2768 2170,2768 2217,2766 2263,2765 2309,2764 2356,2763 2402,2762 2448,2760 2495,2759"/>
                <TextEquiv>
                    <Unicode>schlagen. Habend MegHHrn zu seiner</Unicode>
                </TextEquiv>
            </TextLine>
            <TextLine id="r5l26" custom="readingOrder {index:25;}">
                <Coords points="1574,2898 1804,2886 1857,2933 1955,2868 2044,2913 2234,2863 2534,2879 2584,2855 2581,2763 2397,2826 2309,2803 2277,2829 2173,2777 2098,2814 1964,2792 1908,2835 1791,2796 1572,2834"/>
                <Baseline points="1580,2882 1629,2879 1679,2876 1729,2873 1779,2871 1829,2868 1879,2866 1928,2864 1978,2862 2028,2861 2078,2858 2128,2857 2178,2856 2228,2855 2277,2853 2327,2852 2377,2852 2427,2850 2477,2850 2527,2850 2577,2850"/>
                <TextEquiv>
                    <Unicode>Bestraffung für zwey Jahr lang aus dero</Unicode>
                </TextEquiv>
            </TextLine>
            <TextLine id="r5l27" custom="readingOrder {index:26;}">
                <Coords points="1569,2975 1703,2955 1998,3009 2344,2975 2410,2999 2531,2964 2530,2896 2483,2878 2357,2908 2280,2872 2054,2918 1956,2868 1856,2935 1805,2888 1718,2915 1568,2891"/>
                <Baseline points="1575,2961 1622,2960 1670,2958 1717,2957 1765,2955 1812,2954 1860,2954 1907,2953 1955,2952 2002,2952 2050,2952 2097,2952 2145,2952 2192,2952 2240,2951 2287,2951 2335,2951 2382,2951 2430,2950 2477,2949 2525,2948"/>
                <TextEquiv>
                    <Unicode>Stätt und Landen Eydtlich verwiesen.</Unicode>
                </TextEquiv>
            </TextLine>
            <TextLine id="r5l28" custom="readingOrder {index:27;}">
                <Coords points="1595,3084 1700,3078 1742,3112 1782,3082 1950,3078 2007,3125 2115,3070 2213,3103 2554,3056 2553,2990 1593,3018"/>
                <Baseline points="1601,3063 1648,3065 1695,3065 1742,3065 1790,3065 1837,3065 1884,3065 1932,3065 1979,3063 2026,3063 2074,3062 2121,3060 2168,3059 2215,3057 2263,3056 2310,3054 2357,3052 2405,3050 2452,3047 2499,3044 2547,3042"/>
                <TextEquiv>
                    <Unicode>Anbey diese Furstl. einen Reden, einen</Unicode>
                </TextEquiv>
            </TextLine>
            <TextLine id="r5l29" custom="readingOrder {index:28;}">
                <Coords points="1575,3175 1784,3143 1817,3173 1869,3147 2018,3170 2220,3131 2377,3160 2430,3129 2483,3165 2583,3150 2581,3059 2402,3070 2277,3121 2141,3069 2009,3124 1950,3078 1855,3076 1574,3122"/>
                <Baseline points="1581,3143 1630,3144 1680,3144 1730,3146 1780,3146 1829,3144 1879,3144 1929,3144 1979,3143 2028,3141 2078,3140 2128,3138 2178,3138 2227,3137 2277,3135 2327,3134 2377,3134 2426,3133 2476,3132 2526,3132 2576,3134"/>
                <TextEquiv>
                    <Unicode>umb und für den Anderen umb die Kösten</Unicode>
                </TextEquiv>
            </TextLine>
            <TextLine id="r5l30" custom="readingOrder {index:29;}">
                <Coords points="1577,3305 1753,3241 1964,3224 2054,3254 2126,3215 2292,3225 2289,3156 2192,3177 2119,3148 2074,3188 2032,3157 1909,3169 1871,3148 1819,3173 1785,3144 1747,3180 1640,3165 1572,3197"/>
                <Baseline points="1580,3228 1615,3231 1650,3234 1685,3234 1721,3234 1756,3234 1791,3233 1826,3231 1862,3228 1897,3226 1932,3225 1967,3222 2003,3219 2038,3217 2073,3214 2108,3212 2144,3210 2179,3209 2214,3209 2249,3210 2285,3212"/>
                <TextEquiv>
                    <Unicode>dieser Procedur verfällende.</Unicode>
                </TextEquiv>
            </TextLine>
            <TextLine id="r5l31" custom="readingOrder {index:30;}">
                <Coords points="2366,3347 2387,3341 2401,3355 2436,3347 2502,3388 2546,3363 2566,3369 2564,3268 2493,3263 2471,3281 2422,3278 2365,3297"/>
                <Baseline points="2372,3344 2398,3342 2425,3342 2451,3341 2478,3341 2504,3341 2531,3340 2558,3338"/>
                <TextEquiv>
                    <Unicode>Endtlich</Unicode>
                </TextEquiv>
            </TextLine>
            <TextEquiv>
                <Unicode>zu
Bestraffung der übrigen annoch enthalte,
mnen zu thun gewesen. Haben nach An¬
hörung der Procedur Meyssen von
einem zum anderen Erkent.
Belangend den Hieronimus Zug,
welcher zwar in der Schlägerey sich her¬
vorgethan, und mit dem Stecken geschla¬
ggen, Ich dennoch aber an denen tödtlich
geschlagenen Wunden nit theil gehabt,
Anbey sich hartnäckig und ohnverschamt
bezeiget. Habend Megen denselben
für zwey Jahr auß Ihr Budl. Stätt
und Landen Eydtlich Bannisiert.
den Christer Girschi dann betreffend
so auch bey diesem Gandel geweßt, und
nach einicher Außag auch zu geschlagen,
habend MGGHH. denselben für ein halber
Jahr zur Straßen Arbeit, Jedoch ohne
Ring, übergeben zu laßen guth funden.
.
Den Christen Bierren, dann welcher der
Schlägerey auch beygewohnt, und nach¬
denen Depositionen gestoßen und ge¬
schlagen. Habend MegHHrn zu seiner
Bestraffung für zwey Jahr lang aus dero
Stätt und Landen Eydtlich verwiesen.
Anbey diese Furstl. einen Reden, einen
umb und für den Anderen umb die Kösten
dieser Procedur verfällende.
Endtlich</Unicode>
            </TextEquiv>
        </TextRegion>
        <TextRegion orientation="0.0" id="r6" custom="readingOrder {index:5;}">
            <Coords points="2565,1987 2565,2140 2580,2140 2580,1987"/>
            <TextLine id="r6l1" custom="readingOrder {index:0;}">
                <Coords points="2562,2105 2570,2103 2575,2104 2582,2095 2588,2094 2579,2051 2571,2052 2568,2056 2564,2057 2558,2056 2552,2058"/>
                <Baseline points="2565,2090 2580,2087"/>
                <TextEquiv>
                    <Unicode>.</Unicode>
                </TextEquiv>
            </TextLine>
            <TextEquiv>
                <Unicode>.</Unicode>
            </TextEquiv>
        </TextRegion>
    </Page>
</PcGts>
