3024 4032
329 349 409 429 16.
337 1089 469 1219 dißgetr
549 353 1230 507 Marion Valette.
468 483 1379 611 zugeredt worden, daß dieße seine
497 586 1474 713 Aussaagen unmöglich bestehen kömnen,
497 675 1471 817 es mithin sich übel rathe die Wahrheit
477 782 1455 908 so genungsamb am Tag seyn, zu hieder¬
477 875 1419 1022 "halten, so bare beiters nichts aus¬
484 987 1449 1108 ihme zu bringen, sonder beharrete
487 1075 1176 1219 immer auf dir Negatio¬
478 1173 1437 1306 Dahero es nach angehörter Ablesung¬
486 1285 1423 1386 dießes Examinis und deßen Bestä¬
481 1384 1483 1521 etigung wieder an sein Ohrt geführt¬
482 1494 695 1578 worden.
491 1573 1462 1696 Actum in der Oberen Befangen¬
467 1670 1468 1813 schafft durch Herren Vice Großbei¬
467 1772 1358 1886 bel Dinner und Herren Brecht¬
468 1863 1442 2001 Schreiber Batschet d. 23ten Mein-
473 1978 953 2093 "Monaths. 1751
1650 738 1729 850 3.
1578 1211 1723 1313 Antb.
1779 396 2525 586 Prittes Examen.
1975 556 2132 635 Mis
1807 626 2432 769 Marion Valette.
1768 753 2693 882 Es habe Minlohhern Vice Broßbeibel
1748 852 2656 969 sagen laßen, daß es nunmehro die¬
1757 939 2719 1070 Wahrheit in Aufrichtigkeit Bekenmen.
1761 1036 2718 1136 wolle, solle also sein Herth völlig lähren
1752 1127 2653 1243 und sagen, was ihme darauff lige?
1758 1216 2719 1335 Ja, es seÿn bereit die Bahre Bekantnuß
1742 1317 2707 1419 zu thun, seyn ihme sehrligs, daß er die¬
1746 1416 2720 1532 selbe ohngeachtet Mehln Ernstlichen
1734 1513 2730 1627 Zureckens und Ermahnens nicht Ehender
1744 1608 2127 1710 groffenbahret.
2400 1687 2647 1808 dlaß in
1741 1705 2271 1825 Erzellte demnach.
1737 1798 2675 1912 dem Kirset, so ntban 3. Monath vor¬
1749 1874 2674 2008 der Benißt gewesen seyn möge, es¬
1733 1985 2717 2098 sich schbänger gesführt und die gewohnten
1731 2061 2736 2198 Reinzeichen gehabt; Dieße seine Schbon¬
1740 2171 2691 2297 gerschafft nun habe es dem Lieutenant
1735 2263 2651 2377 Wernier vor Jacob eröffnet, der ihme
1739 2355 2671 2480 aber gerathen und angegeben solches
1720 2447 2675 2574 zu verschleigen und Niemand etbas
1731 2554 2692 2671 hievon zu sagen mit hinzuthun, daß
1743 2648 2731 2768 er Mittel finden berde seiner Schlänger¬
1733 2745 2658 2854 schafft abzuhelffen; habe ihme auch¬
1735 2836 2715 2977 gesagt, daß er ein gebüßen Meisch, so
1733 2918 2660 3051 beÿ Hrn Noth: Stettler vor Jacoti ge¬
1742 3033 2731 3182 dienet, seither aber bey Hrn Zumk Junt.
1742 3131 2659 3263 dem Vergolder diene, kenne, welches
1738 3216 2659 3348 dergleichen Mittel Besitze, wolle ihme
1739 3319 2649 3483 deren forderen, und Bau es schon über
2576 3439 2698 3569 di
2692 411 2788 490 47.
