3024 4032
214 2563 309 2712 2.
148 2789 336 2901 Quaest
205 3175 291 3310 H.
255 342 387 430 276.
437 337 1376 532 Hieronimus Röhler
216 546 444 674 Quartie
466 552 1435 715 5ta. Als das Ende nicht eingetroffen
413 650 1417 829 Ob Er nicht gesagt, Sie haben von Gott¬
411 758 1295 896 einen Aufschul erbätten mögen.
285 940 381 1061 B.
413 920 1173 1088 daran Versinne Er sich nicht.
221 1138 429 1251 Quast.
445 1152 1408 1292 Cta. Ob Er nicht auch gesagt, Er werde
396 1251 1370 1386 als dann Gott helffen die Welt richten.
259 1419 362 1558 d.
410 1442 1400 1589 Er sage auch hierzu Ja, Seye aber nach¬
392 1539 1025 1661 dem Geist geredt worden.
224 1817 381 1936 Quast
393 1842 1384 1978 7 ma. Ob Er nicht geständig seyn müße,
373 1913 1267 2067 daß er einsten zu Brügglen in deß
1263 1943 1310 2027 .
359 2012 1270 2124 Muß Sachens Hauß under vielem
359 2103 1375 2234 Folderen und schlechen gesagt habe, wann
357 2198 1385 2337 er Gottes seyn, so solle er ihne kommen
347 2300 1310 2424 holen. Mann er aber deß Seüfels¬
347 2400 1379 2539 seye, solle er ihne auch kommen haben? etc.
361 2584 1355 2723 Er könne sich hieran nicht erinneren,
346 2698 958 2796 wolle es aber glauben.
363 2782 1352 2928 al ob er nicht auch sagen diesen
325 2892 1365 3033 Er könne für andere Sunden bey Gott¬
333 2986 1364 3130 abbitten, und das geläßlich versprechen.
334 3160 1350 3285 Ja, aber in einem übernatürlichen Ver¬
314 3276 1350 3388 stand, und durch eine besondere Gnade
308 3357 543 3480 Gatter.
1573 318 2554 506 Außag der Bezeugen
1699 445 2346 576 in Confrontatione.
1480 585 2600 727 Ad Quast. 30. Anna Bachmann bejahet dieses
1873 664 1936 738 d
1599 675 2593 820 Hans und Christen treit sagen, wann ihre
1600 758 2601 906 Prophezeyung nicht eingetroffen, haben
1589 872 2610 1011 sie es allezeit weiter hinaus stellen können.
1465 1153 2517 1308 Ad Quast. Cum Christen Gärtner Zeuget.
1580 1269 2585 1398 dießes, Anna Bachmann, Hans Hand, Hans
1835 1348 1880 1423 d
1573 1373 2596 1482 Zuter und Christen Gestettler Zeugen, beyde
1568 1455 2533 1582 Kohler haben ihnen gesagt, Sie werden die¬
1573 1556 2575 1670 Welt richten, Gott habe ihnen darzu die Ru¬
1565 1650 2567 1774 then in die Hand gegeben, und das haben sie
1579 1752 2509 1858 gesagt ohne einichen vorbehalts namlich
1575 1839 2134 1970 Geistlich zu verstehen)
1593 1934 2566 2070 cast. 17. am Hans und Christen Streit
1465 1961 1585 2073 Ad. Ge
1577 2056 2062 2165 Bezeugen dießes.
1562 2129 2581 2261 Christen Schneiter hatte auch vorhin sub¬
1575 2227 2570 2351 28ten Octobris ein gleichgültiges deponirt,
1543 2325 2340 2460 so im Engelloch gereidet worden.
1439 2759 2590 2924 Ad Quaestime vam Anna Bachmann erhaltet
1557 2895 2191 3033 ihme dießes standhafft.
2575 388 2624 498 2
