3024 4032
277 2811 342 2954 I
286 2367 349 2482 I
277 276 414 367 140.
321 1819 386 1904 g
318 1906 378 2003 ah
370 726 445 879 d
447 458 1455 613 gestanden, als der Klauß geender dem
443 562 1452 706 Scherz einen Streich gegeben, und wie er
449 634 1052 776 damahls hergegangen?
469 748 1450 933 Nachdemme er vielmahl gestoßen, und auf
430 844 1417 984 den Boden geworffen worden, habe der
433 934 1397 1091 Clauß hieder wollen wehren, worauf
420 1024 1428 1169 er von dem Scherz in die Korn gestoßen
418 1119 1381 1246 worden, dießer aber von dem Zeender¬
422 1210 1406 1364 einen Streich Empfangen, seye er neben
403 1322 1432 1441 obiger Hanni gestanden. Damahls aber
392 1387 1421 1544 seye er schon geschlagen und verwundet ge¬
389 1488 1375 1647 zwesen, und seye der Schertz auch dabey ge¬
412 1595 1417 1730 wesen. Doch könne er nicht sagen, daß
401 1690 1002 1813 selbiger geschlagen habe.
407 1790 1388 1943 Wo der Riesen zu selbiger Zeit gewesen.
410 1895 1314 2042 Etwann 10. Schrift voraus, da seyen
1317 1963 1363 2004 .
370 1995 1434 2128 gleich harte Streichen ergangen, worauf
361 2080 1393 2226 Er sich mit der Barbara Hännj zurückbe¬
368 2187 1281 2296 geben, biß sie deren Schloster und
357 2264 937 2391 Schwager angetroffen.
377 2362 1405 2497 Es er scheine doch aus der Beschaffenheit
361 2454 1405 2571 der Stunden, daß der Küsten nicht mit
327 2536 1405 2670 Stecken verwundet worden, sonder etwas
339 2632 1350 2756 Instruments darzu müße gebraucht
341 2729 697 2857 worden seyn.
360 2795 1398 2917 das möge er nicht wüßen, viel und harte
325 2875 1393 3019 Streichen habe er gehört. Der Riesen habe
334 2978 1371 3115 ihme auch nachwehrts geklagt, daß er mit
335 3064 1366 3190 Schuhen übel gestüpfft worden, als er an¬
335 3154 835 3272 dem Boden gelegen.
414 3245 1371 3370 flüßer Umbstand wird von Chorrichter
329 3340 1329 3461 Hänni bestätiget, daß er dießes von dem
327 3416 1283 3541 Riesen gehört, als er bey ihme gelegen.
1579 2729 1644 2835 g
1573 2970 1635 3083 9.
1596 2012 1648 2120 d
1608 1766 1655 1850 .
2602 408 2703 505 141.
1587 568 1648 682 .
1680 555 2640 725 Ob der Scherz von des Zeenders Streich zu
1690 658 2699 791 Boden gefallen, und Ihme davon geschwunden
1613 751 1684 864 9.
1697 747 2665 883 Ja, Er seye niedergefallen, Er habe aber nicht ge¬
1667 836 2663 974 wahret, daß ihme Scherz davon geschwunden.
1681 922 2470 1054 Ob Er lang an dem Roden gelegen.
1611 929 1665 1027 8
1617 1026 2679 1149 R. Stein, er seyn gleich wieder aufgestanden, und
1673 1107 2620 1233 ohne anders gegen den Riesen vorausge¬
1679 1180 2460 1302 rloffen, allwo der Riesten gewesen.
1604 1294 1661 1390 F.
1679 1283 2641 1408 Ob erst darauf hin die Schlage Ergangen.
1685 1372 2588 1514 Ja grad darauf, er aber habe sich mit der
1608 1392 1661 1480 d
1663 1446 2302 1581 Barbare Sanni fortgemacht.
1712 1547 2683 1688 Welch drey leztere Umbständ die Barbara
1661 1657 2171 1776 Samni auch bestätiget.
1686 1737 2698 1891 Ob Er sich an keine Andere Umbständ Errinnere
1667 1844 2680 1955 als er letzthin angegeben, auch Niemand gekent,
1649 1916 2259 2041 von dene so Hand angelegt?
1679 2026 2627 2132 Nein er wüße nichts weiters, als daß der
1646 2103 2656 2220 Riesen ihme gesagt, er seye von dem Scherz¬
1658 2188 2604 2312 den gebrüederen Zug, und den Burgi¬
1658 2261 2613 2355 spergeren geschlagen worden. Und
1661 2345 2642 2464 zwar, mit dießen Worten: Der Scherz¬
1639 2418 2593 2566 habe ihme 4. Täschen gegeben, darauf er¬
1636 2528 2671 2669 Streichen Empfangen, wüße nicht, wie viel und
1648 2632 1896 2723 von Wei¬
1667 2688 2655 2843 Ob Er den Herren in der Kircheren nicht
1653 2791 2610 2911 auch dabey gesehen habe stoßen, und selbst
1653 2879 2333 3000 von Ihme Stöß empfangen.
1667 2974 2665 3095 Selbiger seye Ihnen imer nahe auf dem Fuß
1645 3058 2651 3189 gewesen, da Er oz gestoßen worden, könte
1637 3136 2661 3279 aber nicht eigentlich sagen, ob selbiger ihne ge¬
1629 3251 1980 3366 estoßen habe
2405 3327 2691 3466 Niclaus
