3024 4032
221 373 353 481 194.
400 487 1418 641 Endlich dan̄ Belangend den Willhelm Brauns
407 599 1377 724 so bey diesem ohnwesen auch geweßt, Jehr
387 687 1381 824 dennoch aber minder schuldig sich befindet
389 776 1387 915 haben MnGHHrn denselben zwar liberieret
389 878 1367 1014 doch soll ihme bey seiner Dimission nun¬
388 958 1297 1089 gute Censur ertheillet werden. Er
395 1050 1359 1165 Graulo aber keine Andere als seine Ge¬
395 1128 1377 1258 fangenschaffts - Kosten, oder was sonst
391 1217 1362 1343 seinetwegen für Kösten ergangen, zu
392 1312 765 1410 bezahlen haben.
402 1405 1347 1577 Dieße Urtell nun werden Sie Herr
386 1541 1342 1670 GroßMübel und Herr Grichtschreiber
377 1637 1372 1754 in eint und Anderem in Execution sehen,
359 1708 1291 1828 denen Bannisierten die gewohnten
365 1797 1347 1943 Eyden Intimieren, den Hierschi dem¬
1003 1885 1060 1955 ans
319 1892 1360 2026 Meine gnädige Herren Bauwherren, oder Herren Inspec¬
350 1972 1306 2098 etoren deß Schallenhaußes zu führen.
1159 2077 1234 2128 R
364 2068 1291 2194 laßen, die Graub auf obigem Fueß
346 2153 1319 2297 looßlaßen, und endtlichen sich umb die
352 2236 1332 2381 Kösten bezahlt machen, als welches Ihnen
347 2340 1328 2474 selbst angehörter Maßen, dahin über¬
353 2439 1284 2570 laßen werde, daß wann der Ein oder
329 2520 1330 2690 Andere diese Kosten abzuführen sich
352 2619 1356 2764 zugerte, oder nit im Stand wäre, solchen
321 2723 1293 2848 fahls solches seines Orts ad Notam ge¬
328 2809 1347 2940 enommen werden solle, damit bey allfähligen
306 2892 1227 3034 Erbsfällen darauff agiert werden
318 2991 920 3142 könne. Wie zu thun etc.
1649 353 2389 577 Cheminal, Procedur
1890 523 2016 597 mit
1596 549 2592 753 Niclaus Grahler, von Balthen,
1610 711 2589 857 schen Gebührtig, sonst Klein Lothringer
1684 803 2253 910 genannt, In Puncto
1628 885 2510 1036 Verübter Diebstählen und Einbruchen
1730 1052 2368 1248 Postes Examen.
1545 1328 2595 1500 Als Ihme Eingangs Ernstlichest vorgehalten
1592 1488 2524 1622 worden, was vor einem Jahr allhier mit
1580 1588 2546 1696 Ihme verhandlet, wie er, obwohl durch viele
1583 1682 2586 1806 Proben genugsamb der Beschuldigten Übel¬
1585 1767 2580 1889 thaten überführet, dennoch in einem Boß¬
1579 1868 2595 1999 schafften und hartnächtigen Ablaugnen ver¬
1580 1953 2534 2101 rharret, dahero sich schwäre Peinigung
1576 2060 2553 2191 zugezogen, dieselbe auch in seinem Ver¬
1566 2149 2567 2265 glezten gewesen seithero ohne Zweiffel¬
1576 2239 2609 2367 beständig und schmertzhafft empfunden haben
1582 2333 2582 2450 werde, So solle er dermahlen doch seines
1579 2421 2607 2557 Armen leibes, so wohl als seiner Seelen beße¬
1561 2520 2612 2650 ere Rechenschafft tragen, und da mann gegen¬
1567 2615 2610 2739 wärtig nicht von denen ferndrigen Jahrs
1577 2716 2609 2817 an ihne gedruckten Diebstahlen zu Kindelband
1571 2789 2587 2906 und anderer Orthen begangen, sonderen von
1555 2897 2596 3007 gantz neuwen Verbrechen aus Hohen Befelch¬
1569 2994 2577 3114 ihne zu befragen habe, mehrere Aufrichtige
1574 3088 2554 3224 rkeit, und ein durch die Empfundene Zuchtig¬
1554 3172 2614 3304 ogung gebeßeretes reuwendes Hertz erzeigen
2418 3364 2516 3451 So
2550 383 2635 518 95.
