3024 4032
234 358 337 434 230.
289 379 402 515 seh.
410 368 1375 534 wegen Zueronimus Nöster
377 488 1393 623 gewesen, der Christen seyn auch zu sei¬
365 599 1364 715 nem zug gekommen und habe ihme die¬
375 683 1377 820 faust gemacht, mit bedeüten, vom jetz
374 770 1340 897 due Teufel, ich balls die reißen, die
356 867 1373 1005 Kohler seyen vorhanden, worauf Er de¬
371 977 1372 1102 iponent still gestanden; die Kohler
371 1065 1380 1200 aber seyen bey ihme vorbey in Hiero
365 1165 1289 1282 enuß Haachen Hauß gegangen,
361 1257 1362 1404 allwo er sie polderen, fluchen, schwören
353 1346 1381 1487 und auf den Tisch schlagen gehört, ohne
358 1442 1378 1590 daß er gewußt, die Ursach, daß ihme
352 1552 1346 1676 der Christen die Faust gemacht, noch
356 1646 1375 1773 warum sie sich so unsod in deß Haachen
346 1737 1397 1863 Hauß aufgeführt, könte nichts anders
331 1847 1382 1953 glauben, als daß sie damahls betruncken
332 1929 1256 2057 gewesen, umb so mehr besteiffe ihne
331 2024 1369 2147 dießes, als der Muß vor deß Hachen
336 2134 1340 2254 Hauß still gestanden und geschrien,
311 2218 1339 2340 Mann er dem lieben Gott zugehöre, so
316 2306 1361 2424 solle er ihne kommen zu hohlen. Mann er
311 2425 1348 2548 Muß aber deß Teufels seyn; so solle
317 2491 1019 2623 erkommen und ihne hohlen.
311 2579 1284 2718 von dieser Zeit an habe er sie nicht
313 2706 1312 2831 mehr gesehen, sie seyen aber gleichen
308 2779 1310 2903 Abend vor deß Thor Richter Stubis
308 2882 731 3002 Hauß gewesen.
155 2955 286 3101 6.
310 2967 1327 3116 Was ihme bekant seyn von diesen
292 3067 1335 3216 Köhleren, bevor sie bannisert worden.
138 3190 309 3278 Autl.
336 3170 1330 3330 In den Versamblungen, die er auch be¬
279 3278 1278 3409 rsuchet, haben sie die Gerichte Gottes¬
994 3382 1341 3504 prophezeyet,
2526 255 2662 376 231
1472 269 2571 513 hobigen Hieronimus Röster
1538 416 2538 577 prophezeyet, und der Welt Ende Ver¬
2550 441 2578 542 .
1558 513 2631 677 stündet, auch Göttlicher Offenbahrungen
2564 682 2597 733 .
1554 626 2566 786 sich berühmet, Ihr Lebwesen dann seyn.
1551 725 2645 897 bestanden in Müßiggang und Wohlleben,
1560 922 2589 1084 Was sie von der Oberkeit und dem Lehr¬
1458 987 1535 1117 .
1548 1047 1952 1178 Ambt gesagt.
1571 1135 2541 1271 von der Hohen Oberkeit habe er nichts
1436 1186 1549 1297 Ant.
1538 1228 2553 1394 gehört, Hingegen aber haben sie von den
1545 1333 2601 1483 Herren Predicanten gesagt, daß ihre Sach
1549 1452 2574 1590 nichts mehr gelten und aufhören werde.
1550 1629 2519 1777 Ob ihme nichts bewußt seyn von ihren
1461 1673 1524 1766 H.
1542 1736 2590 1891 Verführungen deß Weibervolder und dem
1550 1832 2520 1979 Kaster der Unreinigkeit, so ab ihnen viel¬
1554 1948 2160 2079 pfaltig geklagt worden.
1568 2015 2566 2163 In den Versamblungen habe er nichts an¬
1435 2061 1541 2146 Ant.
1542 2124 2538 2253 ders gesehen, als daß sie einander ge¬
1536 2197 2544 2357 kußet, jedoch glaube Er, daß sie frey¬
1533 2306 2509 2462 glich deß Lasters der Anreinigkeit sich
1554 2402 2376 2549 theilhafftig gemacht haben möchten.
1554 2477 2569 2650 Ober auch gehört, daß sie sich für die zwey zu¬
1431 2537 1523 2640 Fr.
1561 2586 2561 2731 igen in der Offenbahrung Johannis ausge¬
1557 2712 1755 2826 rgeben.
1576 2786 2161 2924 Ja Er habe dießes gehört.
1436 2792 1563 2897 Ants
1467 2860 2466 3013 Fr. Mit wem sie die Röhler Umbgang gehabt.
2324 2961 2364 3026 2
1611 2953 2568 3085 Mit die Gebrüderen Hans und Christen Streit
1443 2994 1575 3083 Ants.
1561 3054 2567 3213 und Christen Riesen, sandtlich von Brügglen.
1595 3159 2499 3313 Actum durch in gnädigen Großweibel.
1553 3246 2569 3412 Effinger und Grichtschreiber Gattschet den
1581 3354 2292 3492 26.ten Weinmonaths. 1752.
