3024 4032
207 340 309 412 324.
298 361 1185 502 von wegen Gieronimus Röhlers.
328 515 1405 642 mehrere Goßheiten und Gräübel, dießen An¬
327 606 1399 720 glückseeligen Hieromnuß Kohler ein gerechtes
330 672 1420 795 Gericht der verstockung annoch und also betreffen
335 747 1411 884 daß er sich an dem Allerhöchsten Wesen und An¬
331 819 1418 952 bättens würdigen Majestat Gottes selbsten zu¬
346 895 1415 1032 vergriffen, und seinen Allerheiligsten Nahmen
340 974 1422 1112 auf unerhörte Meiste zu schmachen und zu laßen,
338 1049 795 1172 iren sich vermeßen.
316 1125 1406 1266 Obwohlen nun dieser elende Sunder in denn
326 1212 1394 1349 letsten Tagen, welche der erzörnte Gott ihme
322 1296 1376 1403 zu seiner uß annoch gnädig geschencket, alle
325 1356 1359 1476 diese Sunden bekennet und hierübet, alle
1357 1437 1397 1482 .
311 1429 1334 1538 seine Verthümer und unlautern Gottlooste
315 1490 1398 1634 Lehrbätze, auch in gegenwart verschiedener
299 1570 1339 1699 seiner Lehr-Junger und Anhängeren ver¬
323 1651 1398 1755 dammet und widerruffen, sich selbsten aber
314 1733 1358 1860 in diesem allein als einen vorsetzlichen Be¬
319 1803 1390 1949 tringer und Joder Schuldigen angen Prophen
310 1886 1351 2019 eten dargeben, und umb Gnade geflehen hat.
307 1970 1360 2096 Ob schon wir auch sonsten Zarmherzigkeit
293 2049 1385 2169 vor Recht ergehen zu laßen gemiget, sind. So
302 2113 1338 2214 wäre dennoch das Maaß seiner Sunden über¬
285 2192 1381 2296 häuffet. Und da wir durch die von dem Obersten
281 2256 1384 2397 Beherrscher aufgelegte Pflicht Uns verbunden
286 2334 1356 2445 finden, das Land zu sauberen und zu Entle¬
292 2403 1379 2537 edigen von denen Schulden, so daßelbe beflecten
280 2485 1305 2604 und Gottes Gerichte darüber erweiten
271 2553 1371 2674 möchten. Da das Göttlichen zesatz unß zu¬
281 2626 1258 2762 ruffet, mit außgetruckten Worten:
272 2731 1344 2899 Mer des Herren Nahmen lastert
259 2844 1269 2985 sohl in alle Weg getodet werden.
242 2974 1347 3119 So haben wir auch zu Recht Erkent, und ge¬
255 3076 1347 3201 sprochen, daß dieser unglückseelige Hieron
259 3158 1372 3273 mnuß Kohler, als ein Verführer, getriegen
265 3226 1359 3337 und abschendlicher Gotts- Lasterer, zu wohlver¬
1125 3314 1346 3429 dienter
1373 1381 1408 1412 .
1469 601 1510 681 .
2558 336 2672 437 325.
1488 319 2410 501 den begen Hieronimus Rohlers,
1572 455 2544 605 Hochwerdienter Straff, und anderen zum
1568 552 2620 679 Schreiben, an dem Pfahl erwürget, sein Leib dan
1574 636 2603 758 zu bezeügendes Verabscheidung seiner Ver¬
1562 711 2623 859 sprechen, zu Staub und Aschen verbrant werden
1565 787 2639 903 solle. Welches auch den 16ten dießes Monats
1554 862 2115 1014 also vollstrecket worden.
1561 952 2617 1110 Man̄ nun, sowohl durch den Inhalt der in diesem
1563 1053 2581 1182 traurigen Fall sorgfältigest, und mit vieler
1558 1133 2598 1250 Bemühung, verführten Criminal Procedur, als
1568 1199 2566 1341 auch anderes, so bey diesem Anlaß vorge¬
1550 1283 2569 1419 fallen, der Betrug und Joßheit dießes Ver¬
1555 1360 2577 1484 führers und seines verstockten Anhangs auf¬
1576 1430 2586 1538 gedecket, und an hellen tage liget, Wir aber
1564 1498 2574 1624 darbey vornemlich und sehnlich wünschen, daß
1562 1567 2530 1680 denen Abgeirreten und zweifflenden durch¬
1558 1642 2560 1727 diese Gnädige fügung des Allerhöchsten die¬
1547 1702 2563 1816 Augen geöffnet, und sie zum Gehorsam deß
1562 1774 2534 1882 Glaubens, nach der lauteren Lehr deß Evan¬
1551 1842 2533 1965 geli, und Anweisung der Ihnen von Gott¬
1547 1915 2545 2030 vorgesetzten Lehreren, in den Schroß und Ein¬
1559 1984 2596 2101 nigkeit der Kirche mögen wiedergebracht werden,
1556 2086 2566 2230 Als haben Wir Unseren Lieben Angehörigen
1564 2188 2560 2274 vornemlich an denen Orthen, allwo diese Seelen
1549 2229 2580 2350 verderbliche Lehr- Spaltung und Ärgernuß ver¬
1528 2315 2565 2416 gursachet, diese Begegnuß, aus Landtsvätter¬
1540 2396 2564 2495 licher liebe, und zur Erbaubung, kund und glaub¬
1535 2445 2517 2555 würdig zu wüßen zu machen, umb so da noth¬
1540 2530 2526 2616 wendiger erachtet, als bey allen dießen über¬
1537 2585 2562 2691 zeugenden Umbständen der Geist deß Anglau¬
1539 2639 2541 2762 ebens und deß Ungehorsams sich dennoch bey¬
1538 2689 2556 2837 diesem Anhang stühren laßen. Denen aber vor
1544 2761 2555 2895 Gott und Menschen keine Entschuldigung übrig¬
1547 2857 1719 2932 bleibet.
1524 2894 2536 3079 Dieße wercken Ernst gebietend vermahnet, von
1551 2974 2506 3139 nun an sich alles Rostierens, aller versambe¬
1529 3045 2533 3192 glungen, wie auch selbs angemaßeten Lehrens
1542 3102 2551 3251 und Predigens allerdings und gäntzlichen zu¬
1535 3177 2540 3327 enthalten, so lieb ihnen die Beybehaltung Unser¬
2412 3268 2493 3321 ver
2575 1393 2652 1481 1
