3024 4032
232 345 356 420 286.
264 838 365 962 3.
430 340 1289 485 Hiromnus Röhler
421 455 1382 589 Bern kommende aussteyen dörffen, ob
410 563 1336 710 gegenwärtig vor ihme stehende dreÿ
395 659 1411 784 Männer ihme dieses nicht zu Sum¬
392 741 635 854 führen.
422 832 1332 984 Er versinne sich, daß sie von dem
383 943 1408 1069 Marit nach heimgehend mit einander¬
401 1050 1350 1170 aus der Theiligen Schrifft disputiert
392 1148 1385 1263 was er von seinem Umbgang mit Bott¬
383 1227 1349 1381 und dem Heiland geredet, das habe sich
369 1337 1358 1463 in seinem Geist und Herzen zu getragen
390 1429 1201 1543 nicht nach dem natürlichen Leib
383 1518 1330 1642 An übrige vorgehaltene Wort aber
376 1621 1286 1744 könne er sich nicht erinneren, doch
377 1707 1380 1846 wann die Männer es mit gutem Gewißen
365 1797 1365 1923 bezeugen, wolle er es für bekant annemmen
364 1904 1393 2034 zumahl er Sie vor ehrliche Männer er¬
370 1997 604 2089 kenne.
2516 429 2639 562 283
1634 370 2520 552 Außag der Bezeugen a
1762 507 2363 635 in Confrontationes.
1619 665 2603 781 deponieren Einmühtig. Als sie vor 2. oder
1612 739 2582 880 3. Jahren samt anderen Persohnen mehr von
1617 825 2589 966 Bern kommend auf dem Heimweg ohnfern
1611 921 2592 1062 Kanitz die Beyde Bruder Muß und Chri¬
1621 1021 2583 1171 Iten Kohler angetroffen, haben sie unter
1629 1124 2591 1262 einander aus der heiligen Schrifft dispu¬
1607 1224 2561 1338 ntieret. Da haben bey dieser Gelegenheit
1616 1308 2330 1429 Beyde Kohler sich berühmet
2326 1375 2364 1417 .
1631 1408 2599 1525 Sie sehen, und reden mit Gott und dem¬
1580 1503 2591 1633 Beiland, wann sie wollen, und seye nicht
1620 1612 2584 1723 einer Guten groß weder im Zimmel noch auf
2442 1692 2478 1731 1
1591 1702 2545 1829 Erden, das ihnen verborgen seyn; und
1619 1787 2579 1897 Gott, und der Geiland wüßen nichts nich
1624 1875 1947 1994 rers als Sie,
1603 1973 2583 2075 Ab welch vermeßenen Worten es ihnen
1606 2061 2580 2197 gegrauset, der Hand dann dem Inquisiten
1603 2166 2564 2304 erwiederet, Er wüßte ja nur nicht, was
1607 2260 2571 2375 morgens für Wetter, noch ob er gesund,
1589 2355 2196 2467 oder tod seyn werde e
1625 2434 2535 2549 Weiters haben beyde Kohler gesagt,
1546 2528 2556 2652 Ihnen seye bekannt, wann die jüngste Tag¬
1570 2617 2605 2738 seyn werde, den Tag wüßen sie wohl, aber
1605 2704 2583 2828 die Stund wollen sie nicht sagen; und Gott
1591 2789 2580 2914 habe ihnen die Ruthen in die Hand gegeben
1559 2845 1590 2895 4.
1555 2878 2607 3004 Damit Sie dan̄zumahlen die Welt richten si
1651 2989 2582 3117 Dieße ihre Außag bestätigen Alle drey
1583 3090 2555 3215 Gezeugen under Augen des Inquisiten,
1575 3154 2570 3283 zu ihrer grösten Ärgernuß so wohl vor¬
1588 3245 2578 3367 ihme selbsten, als seinem Bruder gehöret zu¬
1588 3326 2282 3437 haben, ohne einichen vorbehalt.
