3024 4032
356 386 430 490 6.
442 368 1480 532 gefallen, und bereits Todt seÿn, habe ihre anoe¬
430 459 1468 612 Waßer einschücken wollen, seyn aber schon zu schaf
783 533 1450 665 Als sie sich geförchtet hinauf¬
426 588 617 692 gebesten
426 646 1463 783 zu gehen, habe er gesagt, ban sie Beponentin
425 722 1477 867 nicht den Todten, Korper einnähen bolle, so wolle
421 816 1435 953 er sie samt den Kleideren in den Todten, Baum¬
426 896 1460 1058 legen, berauf sie in Begleit ihrer Tochter hinauch
425 998 1445 1139 gegangen, aber im Ersten Anblick die Blauben
416 1081 1477 1211 Streinen umb den Hald beobachtet der Riener¬
420 1178 1478 1308 seÿe bereits ob dem Trog gelaefen, umb ein kein¬
413 1262 1492 1401 Lachen zusuchen und habe gefaufthet mit Verdrütten
416 1368 1478 1477 Mas müeße man doch erleben. Sie Deponentin
413 1457 1455 1579 habe auch bemercket, daß der Riener an beyden
410 1535 1481 1667 Händen Blätzen abgehabt und haben auch, als Er¬
407 1636 1454 1736 sein Weib angerührt, geblutet, habe ihre aber¬
399 1714 1486 1840 auf Befragen vorgegeben, Es seÿe ihme Gestern¬
390 1800 1491 1910 Ein Laden auf die Hand gefallen; Hierüber habe¬
399 1887 1441 2008 sie sich besegeet und geförchtet, diese Sach möchte
409 1987 1475 2116 nicht guth hergegangen seÿn, Er kiener aber habe
375 2078 1436 2204 gesagt, sein Weib seÿn auf den Kopft gefallen;
402 2170 1466 2282 Hierauf sie zwahr nichts Erlederet, aber den¬
397 2263 1447 2362 Kopf rings herumb visitirt und beine Zeullen¬
380 2345 698 2459 finden können.
710 2362 791 2454 A
803 2366 1370 2487 Nachbehrts seÿn sie nach
392 2435 1453 2546 Hauß gegangen haben zeßen, nach dem Abend,
374 2534 1453 2652 Eßen dann habe sie sich zu deß Rieners nächsten
382 2627 1386 2751 Nachbauren verfüget, boselbst sie erzehlet, was
379 2709 1476 2859 mit deß Rieners Ehebeib biederfahren, zugleich¬
369 2811 1479 2943 von Zweyen alldasigen Weiberen vernommen, das¬
368 2888 1485 3042 gehe nicht gut, maßen sie die Recht gehört, in specie
376 2986 1464 3126 Wohl verstanden, daß deße Rieners Ehelreib ge¬
373 3069 1448 3215 sagt, 8y Scheil, hör doch. Item habe sie
368 3155 1443 3291 dem Geschrey nach bedunckt, als ob deß Rieners
376 3248 884 3355 Eheleib gebürgt bürde.
1345 3321 1429 3414 2.
1580 415 1642 514 2.
1580 2388 1645 2472 4.
1596 819 1648 898 3
1686 363 2757 510 Latsarina Wöß, der obigen Sochter Zeugete
1678 483 2162 614 durch aus ein gleiches.
1771 572 2415 723 Vorgelesen und bestätiget.
1674 772 2771 892 flsbeth Strasm, Hans Strahms deß Manrero
1672 870 2568 980 Schloester auf dem Kobnehl. declarierte p.
1665 1025 2713 1148 Montags letsthin gegen Mittag ohngefehrt umb
1656 1129 2745 1250 Elß Uhr habe sie auf ihrem Kabis, Blätz etban¬
1666 1200 2715 1324 4. bis 5. mahl gehört schreyen Dr Scheuli,
1671 1277 2715 1400 dem Beschrey noch habe sie bedunckt, die Stimm
1670 1379 2680 1485 seye heißer ranig gewesen, sie aber seyn
1666 1453 2686 1555 nicht in das Hauß gegangen und nachbehrts¬
1666 1537 2718 1638 habe ihre des Gerbers Fraub gesagt, deß Kie¬
1651 1614 2714 1739 mners Ehelreib seÿe gestorben, sie habe sie einge¬
1649 1700 2746 1827 nahet und beobachtet, daß sie einen Blauben¬
1660 1801 2668 1918 Hals gehabt, worauf sie Beponentin gesagt,
1663 1881 2713 2003 daß sie erst kurth vorhero sie noch gehört habe¬
1661 1962 2664 2105 offers schreyen. Weiters seÿe ihra nichts
1666 2070 1848 2167 Befandt.
1741 2171 2451 2316 Vorgelesen und bestätiget.
1676 2370 2644 2498 Anna Haldiman von Biglen, diß mahl.
1645 2461 2707 2589 Spimmerin beÿ dem Maurer Strahm, bezeugete¬
1659 2547 2758 2671 nach gleichmäßiger Ermahnung die Wahrheit zu recken¬
1638 2752 2649 2889 Als sie gegen Elst Uhr Montags letsthin Bbeÿ
1658 2858 2734 2965 ihrer Arbeit in der Stuben bare, habe letste Be¬
1652 2940 2664 3046 Zeugen ihre hinausgerusfen mit Bedeuten, der
1669 3017 2719 3150 rothe Man /: Seil. Riener :/) schlage seine Fraulo
1657 3099 2686 3220 abermahl, als sie darauf hie vor das Hauß¬
1654 3195 2704 3319 gekommen, habe sie gehört noch einmahl schreyen
2530 3299 2675 3409 Richt
2764 263 2837 388 1.
