3024 4032
250 358 384 442 236.
254 421 372 505 von
224 950 367 1104 Frag
202 1154 360 1267 Antl.
371 361 1334 519 bigen Vieronimus Röhler
401 493 1360 625 nicht richt berichtet, sonst würden, in¬
389 575 912 717 nicht diß verbieten
388 682 1400 824 Übrigens müßen sie ihrem Riecht folgen
388 778 1375 898 und müße man allzeit Godt mehr ge¬
385 863 1086 989 horchen, als den Menschen.
402 961 1337 1106 Was Sie von denen Herrn Predikanten.
373 1059 610 1175 gesagt.
386 1161 1355 1276 Sie seyen Schrifft gelehrte, aber in ihrem
387 1257 1378 1380 Wort sey keine Krafft und keine Bekehr
365 1355 1381 1481 erung, die Leuth hangen allein an dem
370 1437 1368 1592 Kirchen gehen, Aber die Bekehrung under¬
373 1556 663 1660 laßen sie.
368 1642 1378 1770 Als diese Außaag der Deponentin ab¬
357 1742 1342 1870 gelesen worden, bestätiget sie daßelbe,
364 1831 1343 1956 mit erbiethen, allen Innhalt dem Muß¬
347 1912 1348 2042 Köhler, im Fall Laugnens, unter An¬
353 2024 795 2128 igen zu erhalten.
269 2151 1354 2337 6. Crister Burterer im Erge¬
341 2293 1164 2418 nloch, Kirchhöri Zimmerwald etc.
177 2389 324 2523 Brag.
372 2391 1369 2531 Ob er die Kohler seith ihrer Landts ver¬
328 2497 1347 2617 Weisung nicht mehr gesehen und ver¬
323 2595 577 2722 1. 12.
330 2678 1350 2817 Stein, wann er selbige gesehen, so wurde
147 2689 313 2803 Antli
323 2797 916 2900 er es angezeigt haben.
147 2883 294 2998 Brag
342 2881 1227 3018 Was er dann für bekantschafft und
322 2984 1315 3121 Umbgang mit ihnen gehabt, Ehe sie aus¬
328 3087 1044 3206 dem Land verwiesen worann
1055 3102 1107 3188 .
138 3192 289 3299 Antl.
330 3185 1356 3322 Er seyn zweymahl zu Brügglin in ihren
320 3292 1332 3448 Versamblungen gewesen, da dann der
1115 3380 1313 3508 M.
2499 393 2624 487 23
1492 349 2586 557 sonstenen Hieronimus Roster
1578 471 2581 646 Muß gelehret, Er seyn Gottes versiche
1593 574 2605 741 iret, und wer sich seiner nit angenommen,
1592 686 2583 814 oder noch anzunemmen begehre, werde.
1598 774 2283 905 nicht mehr seelig werden.
2388 797 2582 899 ahrun
1588 872 2556 1015 haben weg de Kohler gesagt, die Hrn.
1577 971 2575 1116 Predicanten seyen nur Schrifft gelehrt
1592 1078 2581 1204 wan̄ sie recht berichtet wurden, wurden
1589 1165 2506 1295 sie nichts wieder ihre Lehr sagen.
2510 1186 2539 1272 .
1649 1258 2566 1404 Item, haben sie sich auch für die Zwey¬
1583 1344 2580 1491 Zeugen, so in der Offenbahrung Johannis
1586 1440 2522 1581 gedacht, außgegeben, mit bedeüten,
1575 1553 2328 1670 Sie werden die Welt richten.
1571 1654 2575 1778 Auch haben sie zu glauben machen wollen.
1590 1730 2568 1875 Das Ende der Welt seyn nahe, und die¬
1587 1836 2580 1972 Brunnen, so wohl als die Bäch werden mit
1588 1925 1945 2061 Blutlauffen.
2114 2015 2205 2089 5
1640 2023 2589 2153 Ingleichem habe der Christen sich für
1572 2118 2581 2258 so viel als unsterblich dargeben wollen
1589 2201 2530 2369 er seyn Gottes versicheret, es seye
1580 2278 2605 2432 kein Cannlin errinnen zu seinem Todten,
1572 2416 2070 2522 baum zu machen.
1573 2456 2532 2638 Äußert den Zwey Versamblungen,
1567 2566 2569 2719 habe er sie nur einmahl, und bevor sie
1586 2646 2586 2803 aus dem Land verwiesen worden, zu
1576 2762 2602 2883 Thun angetroffen, Allwo sie köstlichen und
1573 2845 2584 2996 gewürzten Mein getruncken, Wovon
1569 2948 2613 3096 der Muß auch zimblich betruncken worden,
1579 3038 2592 3180 weiters wüße er nichts zusagen, so den
1565 3140 2206 3264 Muß Rohler betreffe.
1587 3216 2585 3359 sub 4ten Decembris 1752. fügte Gristen
1581 3346 2613 3477 Gürtner seiner hieobigen Außag annoch bey
2499 3427 2602 3505 2
