3024 4032
287 2013 359 2114 J.
287 2286 351 2390 2
259 372 401 453 177.
337 415 1345 593 aus Peinliches Examen mit
465 530 1086 677 Niclauß Gugg.
421 668 1339 795 nicht erinneren könne, weder auf dem
403 773 1305 898 Riesen noch neben ihme, am Boden ge¬
1307 832 1339 860 .
399 850 1369 979 legen zu seyn, habe selbigen niemahls
414 936 1366 1088 auf dem woden gesehen, und bedaure
398 1017 1369 1151 ihne desto mehr, als die Gezeugen solches
410 1118 1365 1230 wieder ihne außgesagt, übrigens ver¬
1299 1243 1337 1297 .
403 1186 1301 1323 sichere Er, daß er dem Riefen mehr
407 1277 1314 1409 nicht dann zwey Streichen, und mit der
398 1375 921 1519 bloßen Hauß versetzet.
452 1493 1317 1611 Hierauff würde der Inquisit ge¬
391 1569 1286 1703 abunden, und auf den Bolterbanck ge¬
1288 1622 1338 1668 .
384 1649 1280 1784 setzt, zugleich der 25 lb. die Stein ange¬
370 1744 1249 1873 schenckt, und da in dieser Positur der
370 1820 1324 1962 Inquisit nicht ein mehrers bekennen wollen
382 1913 1069 2031 ist er beiters befragt worden:
388 2013 1275 2128 Manner den Riesen anderster nicht ge¬
358 2100 1327 2223 schlagen, vß er ihne dann also übel tractie¬
358 2186 1354 2302 iret, daß er sein Leben davon eingebüßet
374 2279 1297 2402 Er glaube, es könne niemand anders seyn
1301 2314 1347 2374 .
366 2366 1326 2479 als der Scherz, obwohlen er nichts anders
344 2446 1303 2569 gesehen, als daß, nach der Sach, Er selbigen
335 2528 1252 2660 mit dem offnen Meßer auf der Straß
340 2610 655 2740 angetroffen.
330 2714 1317 2857 ierauff wurde der Inquisit auf gezogen,
331 2793 1308 2943 und ernstlich befragt, ob Er mit der Mehr¬
323 2890 965 3021 heit hervor wolle, und sagen
326 2968 964 3116 Vser den Ruesten geschlagen.
305 3072 920 3206 Ob nicht Er auch geschlagen?
299 3153 1332 3313 Wie und Wormit der Riesten geschlagen worden
360 3270 1206 3426 Als er etwann eine Minute gehangen,
1203 3312 1247 3398 .
1093 3398 1254 3485 Ihre
1523 3127 1566 3207 .
1521 3212 1589 3324 3.
2546 364 2690 450 175
1527 375 2580 589 str und Peinliches Examen, mit
2095 523 2205 592 N
1636 525 2305 696 Niclaus aug.
1584 667 2581 812 schrie Er, und bate umb der ablaßung, und
1600 761 2497 871 sagte, Er wolle die ganze Wahrheit Jagen.
2499 814 2551 860 1
1600 849 2615 972 Da Er nun herabgelaßen worden, declarierte
1592 925 2549 1058 Er, Er glaube der Riesen seye von seinem
2564 972 2606 1032 .
1601 1024 2631 1140 Bruder dem Muß, oder vom Kircheren Christe,
1588 1109 2556 1228 oder von Beyden zugleich mit Stecken ge¬
1598 1202 2544 1327 schlagen worden. Wann er aber mit einem
1588 1293 2609 1438 Meßer verwundt worden, so könne es nie¬
1595 1395 2568 1518 emand gethan haben, als der Scherz, zu
1588 1476 2603 1614 mahlen Er denselben bald hernach außert
1591 1578 2196 1720 dem Kölzli angetroffen.
1613 1676 2544 1821 Dierauff werde ihme vorgestelt, daß
1601 1771 2634 1889 klahre bekanntnuß seyn müeße, nicht, was
1598 1861 2594 1977 er Vermuthe und glaube, sonder, was er ge¬
1582 1926 2621 2070 rsehen und wohl wiße. Beharrete Er auf
1597 2032 2133 2146 seinen letzten Reihen,
1588 2129 2559 2246 Darauff Er wiedermahlen aufgezogen
1596 2226 1780 2335 bunde,
1594 2297 2593 2419 Nach 3. Minuten lang auß gehaltener Bolter
1599 2378 2585 2516 bate er sehnlich umb herablaßung, und sagte,
1582 2482 2327 2617 Er wolle nun alles bekennen
1588 2584 2607 2710 Wie Er hierauff wieder hernieder gelaßen
1579 2675 2601 2796 wornen, Zanderte Er anfänglich, endtlichen
1589 2758 2574 2881 aber sagte er, sein Bruder der Muß habe
1588 2833 2519 2966 mit seinem Stecken, so er kurz gefaßet,
1580 2915 2605 3038 stätzligen gegen den Riesten gestochen, wiße
1590 2976 2614 3117 aber nicht, ob gegen den Kopff oder sonsten,
1594 3103 2364 3232 ob Er den Scherz gesehen schlagen?
1606 3184 2612 3321 Anderst nicht, als nach ihme, von hinden, mit
1576 3270 2565 3413 beyden Händen stossen, davon der Rufen an¬
2474 3357 2571 3463 R.
1594 3372 2022 3497 ein Port gefallen.
