3024 4032
214 2639 315 2780 B.
238 376 360 475 218.
213 514 367 607 Antli
291 1436 376 1546 2.
227 1720 359 1819 Ants
452 363 1150 531 Niclaus Hasler etc.
423 515 1387 637 Er Bezeuge und betheure, daß er an dieser
419 600 1325 726 That von Langenbruck völlig unschuldig
388 700 1374 827 seyn, derselben nicht beygewohnet, und von
395 778 1363 913 dem Diebstahl nichts gesehen, noch ver¬
384 883 1348 1008 sübet, bezeuge auch, daß zu der Zeit,
388 964 1360 1120 da solcher vorgegangen, Er damahlen nicht
393 1070 1386 1227 in der Schweitz, sonder im Elsaß sich auf¬
383 1171 1345 1296 gehalten, darauf werde er weharren,
389 1262 1356 1406 man̄ möchte mit ihme vornemmen, was
387 1367 802 1446 man̄ immer wolte.
400 1461 1355 1602 Als er verndrigen Jahrs zu zur Jach ge¬
371 1556 1366 1680 pfangen genommen worden, Ob damahls
376 1648 1121 1768 er nicht gelt auf ihme gehabt?
396 1729 1333 1865 Was er vor Gelt gehabt, das habe mann
374 1833 1360 1984 bey seiner Gefangennemung und dabey
365 1940 1366 2058 beschehener Visitation auf ihme gefunden,
363 2015 1320 2150 sonst aber habe Er kein Käller, und seyn
361 2112 1327 2233 ihme auch weder in Zurzach, noch anders¬
353 2197 1342 2332 ho Niemand kein Wenzer schuldig, viel,
336 2297 1335 2421 weniger, daß er etwan jemandem Gelt
350 2376 1343 2520 oder Gelt, wehrts zu verwahren gegeben,
344 2484 1328 2624 Das könne er mit Wahrheit bezeugen
348 2635 1318 2807 Er habe vormahls außgesagt, daß er den
327 2764 1324 2931 sogenanten Schwaben Suppli gesehen und
329 2873 1333 3015 gekennet; Solle anjetzo noch insbesonders
322 2982 1317 3116 sagen, was ihme von diesem Menschen be¬
323 3061 1240 3224 ekant, und was derselbe etwann seines
305 3160 1336 3310 Mißens vor diebstähl, oder andere böse
308 3263 773 3413 Thaten begangen.
1051 3379 1248 3487 Rutl.
1470 521 1600 629 Ants.
1485 1079 1605 1242 Frag
1480 1294 1609 1393 Ants.
1504 1775 1585 1868 H.
1486 2135 1615 2270 Antl.
2501 398 2613 494 29.
1648 364 2372 542 Niclaus Stahler etc.
1625 502 2582 656 von dem Schwaben Suppli könne er anders
1616 593 2574 763 nichts sagen, Als daß er selbigen bey dem
1592 687 2538 848 Kriesi, Bub gesehen, mit welchem er¬
1625 794 2589 929 umbgegangen. Von Diebstählen aber und
1614 884 2601 1048 Anderen Bösen Thaten wüße er Specialiter
1625 992 2096 1134 nichts von Ihme etc.
1643 1079 2588 1235 Was ihme von dem Bastian, oder so
1625 1164 2410 1314 genanten Operator bekannt seyn.
1642 1288 2558 1410 Anderster gar nichts, habe von diesem
1616 1382 2553 1505 nichts gehöret, noch gesehen, als daß er¬
1609 1478 2593 1611 auf seiner Profession als Operator umb¬
1606 1585 2571 1710 gehe, Er inquisit aber seye nicht mit
1619 1674 2124 1783 Ihme umb gegangen.
1635 1752 2584 1884 Ob Ihme nicht bekant, daß der Wuhrt
1618 1841 2554 1983 Beym Mohren, Kopff zu Götzigen Ihme
1610 1950 2568 2078 und Anderen seines Gleichen gestohlene
1613 2048 2113 2162 Sachen abgekaufft.
1649 2124 2579 2284 Nein, darvon Buße er gantz und gar
1620 2226 2576 2353 nichts, sonsten wurden seine Cameraden
1619 2310 2580 2442 mit dem Diebstahl von Hindelbauch ohne
1593 2408 2544 2527 Zweiffel wohl wieder dorthin gegangen
1591 2510 1753 2621 seyn.
1607 2559 2592 2731 Retum in der Oberen Gefangen
1612 2686 2498 2828 schafft den 8ten Septembris 1752.
