<?xml version="1.0" encoding="UTF-8" standalone="yes"?>
<PcGts xmlns="http://schema.primaresearch.org/PAGE/gts/pagecontent/2013-07-15" xmlns:xsi="http://www.w3.org/2001/XMLSchema-instance" xsi:schemaLocation="http://schema.primaresearch.org/PAGE/gts/pagecontent/2013-07-15 http://schema.primaresearch.org/PAGE/gts/pagecontent/2013-07-15/pagecontent.xsd">
    <Metadata>
        <Creator>prov=University of Rostock/Institute of Mathematics/CITlab|PLANET AI GmbH/Gundram Leifert/gundram.leifert@planet-ai.de:name=German_Kurrent_XVI-XVIII_M5.4(htr_id=38771)::::v=2.6.7
prov=University of Rostock/Institute of Mathematics/CITlab|PLANET AI GmbH/Tobias Gruening/tobias.gruening@planet-ai.de:name=de.uros.citlab.module.baseline2polygon.B2PSeamMultiOriented:v=2.6.7
prov=University of Rostock/Institute of Mathematics/CITlab|PLANET AI GmbH/Gundram Leifert/gundram.leifert@planet-ai.de:name=Transkribus German Kurrent M2(htr_id=29820)::::v=2.6.7
prov=University of Rostock/Institute of Mathematics/CITlab|PLANET AI GmbH/Tobias Gruening/tobias.gruening@planet-ai.de:name=de.uros.citlab.module.baseline2polygon.B2PSeamMultiOriented:v=2.6.7
prov=University of Rostock/Institute of Mathematics/CITlab|PLANET AI GmbH/Tobias Gruening/tobias.gruening@planet-ai.de:name=/net_tf/LA73_249_0mod360.pb:de.uros.citlab.segmentation.CITlab_LA_ML:v=2.6.7
Transkribus</Creator>
        <Created>2022-05-02T15:21:58.365+02:00</Created>
        <LastChange>2022-09-12T15:27:08.442+02:00</LastChange>
        <TranskribusMetadata docId="1334850" pageId="52362772" pageNr="53" tsid="114644622" status="IN_PROGRESS" userId="9570" imgUrl="https://files.transkribus.eu/Get?id=ALZZFUMLLQDAHYYSEGESBVBE&amp;fileType=view" xmlUrl="https://files.transkribus.eu/Get?id=NIEDEPHCAGABLFUTCGBPTZYM" imageId="30687767"/>
    </Metadata>
    <Page imageFilename="IMG_6866.jpg" imageWidth="3024" imageHeight="4032">
        <ReadingOrder>
            <OrderedGroup id="ro_1687513627448" caption="Regions reading order">
                <RegionRefIndexed index="0" regionRef="r1"/>
                <RegionRefIndexed index="1" regionRef="r2"/>
                <RegionRefIndexed index="2" regionRef="r3"/>
            </OrderedGroup>
        </ReadingOrder>
        <TextRegion orientation="0.0" id="r1" custom="readingOrder {index:0;}">
            <Coords points="302,302 302,1441 479,1441 479,302"/>
            <TextLine id="r1l1" custom="readingOrder {index:0;}">
                <Coords points="337,423 363,424 375,434 381,431 390,437 402,437 420,423 434,424 455,414 449,361 438,359 429,366 421,360 417,363 405,355 398,359 381,350 330,360"/>
                <Baseline points="342,414 368,412 394,410 420,406 447,402"/>
                <TextEquiv>
                    <Unicode>100.</Unicode>
                </TextEquiv>
            </TextLine>
            <TextLine id="r1l2" custom="readingOrder {index:1;}">
                <Coords points="298,1442 315,1434 381,1431 405,1416 429,1423 447,1407 454,1412 486,1401 480,1292 467,1298 458,1292 434,1304 411,1300 393,1314 356,1304 319,1325 292,1323"/>
                <Baseline points="302,1391 327,1390 352,1389 377,1387 403,1385 428,1384 453,1383 479,1382"/>
                <TextEquiv>
                    <Unicode>Befangt</Unicode>
                </TextEquiv>
            </TextLine>
            <TextEquiv>
                <Unicode>100.
Befangt</Unicode>
            </TextEquiv>
        </TextRegion>
        <TextRegion orientation="0.0" id="r2" custom="readingOrder {index:1;}">
            <Coords points="432,412 432,3525 1478,3525 1478,412"/>
            <TextLine id="r2l1" custom="readingOrder {index:0;}">
                <Coords points="708,505 758,500 821,469 889,482 956,457 1009,478 1057,453 1055,418 949,397 841,331 785,365 734,421 703,433"/>
                <Baseline points="713,479 738,474 764,468 790,464 816,461 842,459 868,457 894,456 920,455 946,455 972,454 998,453 1024,452 1050,450"/>
                <TextEquiv>
                    <Unicode>Examen.</Unicode>
                </TextEquiv>
            </TextLine>
            <TextLine id="r2l2" custom="readingOrder {index:1;}">
                <Coords points="804,546 811,546 818,540 825,544 835,543 846,552 851,547 873,553 883,547 904,549 900,503 893,503 870,520 857,514 852,517 842,515 836,521 829,515 823,518 813,511 801,512"/>
                <Baseline points="810,540 838,538 867,535 896,533"/>
                <TextEquiv>
                    <Unicode>mit</Unicode>
                </TextEquiv>
            </TextLine>
            <TextLine id="r2l3" custom="readingOrder {index:2;} person {offset:0; length:15;} place {offset:20; length:5;}">
                <Coords points="485,668 1083,639 1164,675 1304,648 1383,675 1472,660 1472,609 1329,530 1206,517 957,583 885,547 702,539 649,580 483,541"/>
                <Baseline points="491,650 539,650 588,648 637,645 686,642 734,640 783,637 832,633 881,630 929,627 978,626 1027,623 1076,623 1124,623 1173,623 1222,626 1271,628 1319,633 1368,639 1417,647 1466,657"/>
                <TextEquiv>
                    <Unicode>Bendicht Scherz von Basel, Kirch¬</Unicode>
                </TextEquiv>
            </TextLine>
            <TextLine id="r2l4" custom="readingOrder {index:3;} place {offset:5; length:6;}">
                <Coords points="503,771 563,777 621,727 749,744 950,706 1024,756 1118,711 1370,768 1461,741 1462,690 1305,649 1149,680 1089,641 948,688 713,646 643,690 502,689"/>
                <Baseline points="509,731 556,731 603,729 650,727 698,725 745,722 792,720 840,716 887,714 934,712 982,710 1029,708 1076,708 1123,708 1171,708 1218,710 1265,713 1313,716 1360,721 1407,728 1455,735"/>
                <TextEquiv>
                    <Unicode>höri Könitz, actatis 31. Jahr, ohnverhey¬</Unicode>
                </TextEquiv>
            </TextLine>
            <TextLine id="r2l5" custom="readingOrder {index:4;}">
                <Coords points="499,873 541,876 667,814 691,824 702,811 783,809 780,745 752,747 738,734 702,729 680,734 650,764 626,746 579,778 555,762 494,773"/>
                <Baseline points="503,819 530,817 557,815 584,813 612,811 639,809 666,809 694,807 721,807 748,807 776,807"/>
                <TextEquiv>
                    <Unicode>srathet.</Unicode>
                </TextEquiv>
            </TextLine>
            <TextLine id="r2l6" custom="readingOrder {index:5;}">
                <Coords points="491,1022 647,989 891,1015 947,971 1200,994 1305,954 1467,985 1463,884 1399,866 1167,863 1067,938 821,942 713,900 626,945 555,906 489,942"/>
                <Baseline points="497,989 545,989 593,988 641,986 689,983 737,979 785,977 834,972 882,968 930,965 978,961 1026,958 1074,956 1122,954 1171,954 1219,954 1267,956 1315,960 1363,964 1411,971 1460,980"/>
                <TextEquiv>
                    <Unicode>Nach vorhergegangener Ernstlichen Ver¬</Unicode>
                </TextEquiv>
            </TextLine>
            <TextLine id="r2l7" custom="readingOrder {index:6;}">
                <Coords points="482,1081 663,1109 744,1062 792,1099 1211,1046 1265,1085 1464,1069 1463,1017 1295,972 1088,997 947,971 840,1032 481,1052"/>
                <Baseline points="488,1070 536,1070 584,1070 633,1068 681,1066 730,1064 778,1062 827,1059 875,1056 924,1055 972,1052 1020,1050 1069,1049 1117,1047 1166,1046 1214,1046 1263,1047 1311,1049 1360,1053 1408,1057 1457,1062"/>
                <TextEquiv>
                    <Unicode>mahnung, nach Wichtigkeit der Sach, die¬</Unicode>
                </TextEquiv>
            </TextLine>
            <TextLine id="r2l8" custom="readingOrder {index:7;}">
                <Coords points="478,1160 650,1158 840,1205 951,1163 1348,1163 1380,1155 1379,1112 1212,1067 980,1097 922,1060 815,1101 731,1069 662,1112 608,1079 477,1126"/>
                <Baseline points="485,1152 529,1152 573,1151 618,1151 662,1149 707,1148 751,1146 795,1145 840,1142 884,1141 929,1139 973,1137 1017,1135 1062,1134 1106,1133 1151,1131 1195,1130 1239,1130 1284,1130 1328,1131 1373,1131"/>
                <TextEquiv>
                    <Unicode>runde Wahrheit frey heraus zusagen,</Unicode>
                </TextEquiv>
            </TextLine>
            <TextLine id="r2l9" custom="readingOrder {index:8;}">
                <Coords points="478,1261 493,1264 546,1238 632,1252 662,1277 691,1284 733,1266 729,1170 672,1198 639,1180 617,1180 573,1209 551,1206 527,1184 501,1198 475,1189"/>
                <Baseline points="483,1236 509,1235 536,1235 563,1234 590,1233 617,1232 644,1231 671,1229 698,1229 725,1226"/>
                <TextEquiv>
                    <Unicode>würde Er</Unicode>
                </TextEquiv>
            </TextLine>
            <TextLine id="r2l10" custom="readingOrder {index:9;}">
                <Coords points="527,1403 705,1376 763,1416 798,1389 844,1416 886,1383 931,1405 1104,1368 1406,1392 1415,1352 1320,1310 1242,1337 986,1286 526,1317"/>
                <Baseline points="533,1382 576,1380 620,1379 664,1377 708,1376 752,1375 795,1374 839,1373 883,1372 927,1371 971,1371 1014,1370 1058,1370 1102,1370 1146,1370 1190,1371 1233,1371 1277,1373 1321,1374 1365,1376 1409,1377"/>
                <TextEquiv>
                    <Unicode>Solle in Aufrichtigkeit erzellen, was in</Unicode>
                </TextEquiv>
            </TextLine>
            <TextLine id="r2l11" custom="readingOrder {index:10;}">
                <Coords points="482,1481 555,1499 731,1451 857,1488 1017,1444 1084,1477 1200,1440 1470,1457 1469,1411 1374,1388 1227,1406 1096,1372 974,1423 798,1389 763,1418 585,1402 481,1434"/>
                <Baseline points="488,1463 536,1460 585,1459 634,1457 683,1455 731,1454 780,1452 829,1451 878,1449 926,1448 975,1448 1024,1446 1073,1445 1121,1445 1170,1443 1219,1443 1268,1443 1316,1442 1365,1442 1414,1441 1463,1440"/>
                <TextEquiv>
                    <Unicode>Ansehen der verlauchenen Donstag den 8ten </Unicode>
                </TextEquiv>
            </TextLine>
            <TextLine id="r2l12" custom="readingOrder {index:11;} place {offset:26; length:11;}">
                <Coords points="484,1604 654,1536 768,1583 1008,1528 1366,1544 1442,1512 1441,1469 1213,1440 1086,1490 947,1452 894,1487 753,1471 719,1500 481,1510"/>
                <Baseline points="489,1548 536,1545 583,1543 631,1541 678,1539 725,1537 773,1535 820,1533 867,1532 915,1530 962,1530 1009,1529 1057,1527 1104,1526 1151,1526 1199,1524 1246,1524 1293,1523 1341,1523 1388,1521 1436,1520"/>
                <TextEquiv>
                    <Unicode>diß, Abends, sich vor dem Oberen Thor zu</Unicode>
                </TextEquiv>
            </TextLine>
            <TextLine id="r2l13" custom="readingOrder {index:12;}">
                <Coords points="486,1672 780,1617 847,1655 940,1618 1012,1647 1111,1609 1185,1634 1328,1594 1370,1633 1470,1613 1468,1567 1308,1584 1166,1535 1076,1575 933,1557 875,1594 604,1552 484,1604"/>
                <Baseline points="491,1629 539,1626 588,1625 636,1623 685,1622 734,1620 782,1619 831,1616 879,1614 928,1613 977,1611 1025,1610 1074,1608 1122,1606 1171,1604 1220,1604 1268,1602 1317,1601 1365,1601 1414,1599 1463,1599"/>
                <TextEquiv>
                    <Unicode>getragenen Unglücklichen Schlägerey</Unicode>
                </TextEquiv>
            </TextLine>
            <TextLine id="r2l14" custom="readingOrder {index:13;}">
                <Coords points="477,1745 578,1763 904,1712 998,1749 1120,1714 1246,1748 1448,1694 1447,1635 1328,1594 1233,1643 1111,1607 1012,1648 929,1624 764,1695 632,1690 544,1646 474,1667"/>
                <Baseline points="482,1724 530,1721 578,1719 626,1718 674,1715 722,1713 770,1711 818,1709 866,1707 914,1705 962,1703 1010,1701 1058,1700 1106,1697 1154,1695 1202,1693 1250,1691 1298,1689 1346,1687 1394,1685 1442,1683"/>
                <TextEquiv>
                    <Unicode>vorgegangen, Was er selbst Persöhnlich¬</Unicode>
                </TextEquiv>
            </TextLine>
            <TextLine id="r2l15" custom="readingOrder {index:14;}">
                <Coords points="476,1820 531,1807 619,1852 911,1794 989,1827 1142,1780 1220,1814 1456,1815 1453,1730 1377,1722 1289,1763 1123,1713 997,1751 910,1716 841,1779 746,1727 675,1772 473,1745"/>
                <Baseline points="482,1806 530,1806 578,1806 626,1805 675,1803 723,1802 771,1800 820,1797 868,1795 916,1794 965,1791 1013,1788 1061,1787 1109,1785 1158,1784 1206,1782 1254,1781 1303,1781 1351,1781 1399,1782 1448,1784"/>
                <TextEquiv>
                    <Unicode>darbey gethan, und welche diejenigen seyen,</Unicode>
                </TextEquiv>
            </TextLine>
            <TextLine id="r2l16" custom="readingOrder {index:15;}">
                <Coords points="468,1931 657,1897 727,1936 865,1896 1024,1935 1178,1881 1306,1897 1336,1885 1332,1782 1227,1823 1193,1800 1075,1836 941,1821 713,1841 666,1872 565,1816 464,1845"/>
                <Baseline points="473,1898 515,1898 558,1898 601,1898 644,1896 686,1895 729,1895 772,1893 815,1891 857,1889 900,1887 943,1884 986,1883 1028,1881 1071,1879 1114,1877 1157,1874 1199,1872 1242,1871 1285,1869 1328,1866"/>
                <TextEquiv>
                    <Unicode>so darinne implicirt sich befunden?</Unicode>
                </TextEquiv>
            </TextLine>
            <TextLine id="r2l17" custom="readingOrder {index:16;}">
                <Coords points="427,2060 574,2062 618,2026 667,2053 733,2010 849,2041 1052,2033 1132,1994 1465,2010 1478,1941 1264,1900 1176,1950 874,1921 770,1973 526,1932 424,1972"/>
                <Baseline points="432,2022 484,2019 536,2018 588,2015 640,2012 692,2010 744,2009 796,2007 848,2004 900,2003 952,2001 1004,2000 1056,1998 1108,1997 1160,1996 1212,1995 1264,1994 1316,1992 1368,1991 1420,1989 1472,1988"/>
                <TextEquiv>
                    <Unicode>d. Seyn selbigen Constags allhier in der Statt¬</Unicode>
                </TextEquiv>
            </TextLine>
            <TextLine id="r2l18" custom="readingOrder {index:17;}">
                <Coords points="458,2135 757,2097 1031,2129 1470,2098 1468,2002 1160,2050 1057,2027 936,2077 733,2010 657,2067 558,2049 457,2090"/>
                <Baseline points="464,2108 516,2106 569,2104 621,2102 674,2100 726,2099 779,2097 832,2096 884,2095 937,2094 989,2093 1042,2093 1094,2091 1147,2090 1200,2088 1252,2087 1305,2085 1357,2084 1410,2081 1463,2078"/>
                <TextEquiv>
                    <Unicode>gewesen, vermeinend, Mann werde das </Unicode>
                </TextEquiv>
            </TextLine>
            <TextLine id="r2l19" custom="readingOrder {index:18;}">
                <Coords points="474,2210 701,2187 791,2230 915,2189 1071,2216 1167,2178 1216,2215 1297,2174 1485,2169 1483,2125 1359,2090 1295,2135 1076,2117 1023,2157 904,2110 786,2135 734,2099 473,2158"/>
                <Baseline points="480,2196 529,2193 579,2192 629,2190 679,2189 729,2187 779,2187 829,2186 879,2184 929,2183 979,2183 1028,2181 1078,2180 1128,2178 1178,2177 1228,2175 1278,2174 1328,2172 1378,2169 1428,2167 1478,2163"/>
                <TextEquiv>
                    <Unicode>Bruber Werck spihlen, da habe Er mit denen</Unicode>
                </TextEquiv>
            </TextLine>
            <TextLine id="r2l20" custom="readingOrder {index:19;}">
                <Coords points="465,2340 628,2285 900,2286 1037,2337 1155,2278 1437,2260 1435,2214 1280,2193 1194,2247 914,2190 790,2228 543,2202 462,2232"/>
                <Baseline points="470,2291 518,2288 566,2286 614,2285 662,2283 710,2282 758,2280 806,2279 854,2277 902,2276 950,2275 998,2274 1046,2273 1094,2271 1142,2269 1190,2267 1238,2265 1286,2263 1334,2261 1382,2258 1430,2255"/>
                <TextEquiv>
                    <Unicode>beyden Gebrüederen Zug, und dem</Unicode>
                </TextEquiv>
            </TextLine>
            <TextLine id="r2l21" custom="readingOrder {index:20;} person {offset:0; length:7;}">
                <Coords points="453,2422 706,2375 1264,2370 1333,2405 1457,2355 1455,2288 1172,2292 1101,2352 948,2297 843,2354 554,2327 451,2364"/>
                <Baseline points="458,2388 507,2385 557,2384 606,2381 656,2379 706,2378 755,2377 805,2376 855,2375 904,2375 954,2373 1004,2373 1053,2372 1103,2370 1153,2369 1202,2367 1252,2364 1302,2361 1351,2358 1401,2353 1451,2348"/>
                <TextEquiv>
                    <Unicode>Girschi in einem Keller getruncken, seine</Unicode>
                </TextEquiv>
            </TextLine>
            <TextLine id="r2l22" custom="readingOrder {index:21;}">
                <Coords points="444,2509 833,2466 987,2520 1103,2455 1200,2505 1470,2443 1468,2386 1296,2415 1154,2371 1060,2413 818,2381 707,2393 604,2453 442,2459"/>
                <Baseline points="449,2477 499,2474 550,2472 601,2471 651,2469 702,2468 753,2466 803,2465 854,2463 905,2462 956,2462 1006,2460 1057,2459 1108,2457 1158,2456 1209,2453 1260,2451 1310,2448 1361,2446 1412,2442 1463,2439"/>
                <TextEquiv>
                    <Unicode>Cameraden haben Meitli bey sich gehabt</Unicode>
                </TextEquiv>
            </TextLine>
            <TextLine id="r2l23" custom="readingOrder {index:22;}">
                <Coords points="452,2614 796,2550 886,2602 1120,2550 1467,2566 1466,2512 1263,2478 1156,2533 1057,2511 1000,2537 915,2485 813,2526 698,2475 450,2503"/>
                <Baseline points="458,2558 508,2558 558,2558 608,2558 658,2558 708,2558 758,2558 808,2558 858,2558 908,2556 959,2556 1009,2555 1059,2553 1109,2552 1159,2550 1209,2549 1259,2547 1309,2545 1359,2543 1409,2540 1460,2538"/>
                <TextEquiv>
                    <Unicode>Er aber keines Gegen Abend, da es an¬</Unicode>
                </TextEquiv>
            </TextLine>
            <TextLine id="r2l24" custom="readingOrder {index:23;}">
                <Coords points="452,2696 583,2673 677,2704 819,2656 869,2681 1007,2657 1159,2708 1218,2669 1409,2657 1452,2637 1451,2574 1337,2568 1250,2615 1078,2561 890,2603 797,2550 690,2626 594,2575 451,2615"/>
                <Baseline points="458,2649 507,2649 556,2651 606,2651 655,2651 704,2652 754,2652 803,2651 852,2651 902,2651 951,2649 1000,2649 1050,2648 1099,2647 1148,2645 1198,2644 1247,2642 1296,2640 1346,2637 1395,2636 1445,2633"/>
                <TextEquiv>
                    <Unicode>gefangen füster zu werden, seyen sie zum</Unicode>
                </TextEquiv>
            </TextLine>
            <TextLine id="r2l25" custom="readingOrder {index:24;}">
                <Coords points="455,2793 524,2816 614,2758 677,2800 846,2752 1057,2786 1455,2731 1454,2666 1422,2658 1186,2724 1005,2681 859,2727 779,2696 695,2722 586,2678 454,2697"/>
                <Baseline points="461,2748 510,2748 559,2747 609,2747 658,2747 707,2747 757,2747 806,2747 855,2747 905,2745 954,2745 1003,2745 1053,2744 1102,2742 1151,2741 1201,2739 1250,2737 1299,2735 1349,2732 1398,2729 1448,2726"/>
                <TextEquiv>
                    <Unicode>Chor hinauß gegen Heym gangen, vor der</Unicode>
                </TextEquiv>
            </TextLine>
            <TextLine id="r2l26" custom="readingOrder {index:25;} person {offset:26; length:7;}">
                <Coords points="438,2882 590,2840 720,2880 886,2826 1045,2868 1200,2831 1316,2854 1457,2812 1455,2749 967,2791 917,2767 759,2805 610,2756 529,2818 435,2798"/>
                <Baseline points="443,2846 493,2844 543,2843 594,2843 644,2841 695,2840 745,2840 795,2838 846,2837 896,2837 947,2835 997,2834 1047,2832 1098,2831 1148,2828 1199,2826 1249,2823 1299,2819 1350,2816 1400,2811 1451,2805"/>
                <TextEquiv>
                    <Unicode>Macht außen haben die die Gallmer Riesten</Unicode>
                </TextEquiv>
            </TextLine>
            <TextLine id="r2l27" custom="readingOrder {index:26;}">
                <Coords points="444,2940 562,2991 754,2936 821,2968 902,2933 1065,2962 1225,2926 1355,2965 1483,2902 1481,2839 1414,2881 1291,2843 1074,2881 882,2840 722,2881 629,2852 579,2885 508,2853 442,2882"/>
                <Baseline points="450,2933 501,2933 552,2933 603,2933 655,2933 706,2933 757,2931 809,2931 860,2930 911,2928 963,2927 1014,2925 1065,2922 1116,2920 1168,2918 1219,2915 1270,2912 1322,2909 1373,2905 1424,2900 1476,2897"/>
                <TextEquiv>
                    <Unicode>und setz angetroffen, welche des Chorrichter</Unicode>
                </TextEquiv>
            </TextLine>
            <TextLine id="r2l28" custom="readingOrder {index:27;} person {offset:0; length:13;}">
                <Coords points="428,3057 564,3034 686,3070 743,3041 835,3092 1169,3009 1329,3048 1431,2999 1430,2960 1189,2943 1069,2989 908,2956 426,2992"/>
                <Baseline points="434,3029 483,3032 533,3032 582,3033 632,3033 681,3035 731,3035 780,3033 830,3033 879,3032 929,3030 978,3029 1028,3026 1077,3024 1127,3021 1176,3018 1226,3014 1275,3010 1325,3006 1374,3001 1424,2996"/>
                <TextEquiv>
                    <Unicode>Hanns Tochter bey sich gehabt. Als Er¬</Unicode>
                </TextEquiv>
            </TextLine>
            <TextLine id="r2l29" custom="readingOrder {index:28;}">
                <Coords points="453,3149 566,3122 705,3179 757,3147 1235,3142 1327,3104 1392,3126 1437,3104 1435,3039 1196,3047 1146,3096 1075,3070 984,3109 835,3092 765,3048 698,3077 550,3038 450,3063"/>
                <Baseline points="458,3119 506,3121 555,3123 603,3125 652,3126 701,3128 749,3129 798,3129 846,3129 895,3129 944,3128 992,3128 1041,3126 1089,3123 1138,3120 1187,3117 1235,3113 1284,3108 1332,3102 1381,3097 1430,3090"/>
                <TextEquiv>
                    <Unicode>dieses Meitli gesehen, habe er selbiges bey</Unicode>
                </TextEquiv>
            </TextLine>
            <TextLine id="r2l30" custom="readingOrder {index:29;}">
                <Coords points="447,3270 660,3231 779,3273 864,3236 930,3262 1010,3217 1148,3209 1186,3242 1349,3244 1454,3166 1350,3107 1126,3195 959,3152 888,3180 758,3147 703,3181 593,3146 445,3162"/>
                <Baseline points="453,3212 502,3212 552,3213 602,3213 652,3215 701,3215 751,3216 801,3216 851,3216 900,3216 950,3215 1000,3213 1050,3213 1099,3211 1149,3209 1199,3207 1249,3203 1298,3199 1348,3195 1398,3190 1448,3185"/>
                <TextEquiv>
                    <Unicode>der Puppen zu sich gezogen und gesagt, Er</Unicode>
                </TextEquiv>
            </TextLine>
            <TextLine id="r2l31" custom="readingOrder {index:30;}">
                <Coords points="441,3361 549,3308 733,3307 835,3347 1118,3306 1224,3344 1458,3275 1457,3220 1292,3228 1158,3281 1028,3232 918,3289 861,3240 772,3280 661,3231 439,3271"/>
                <Baseline points="447,3308 497,3306 547,3306 597,3306 648,3306 698,3306 748,3308 798,3308 849,3308 899,3308 949,3308 999,3306 1050,3305 1100,3304 1150,3303 1200,3300 1251,3296 1301,3292 1351,3288 1401,3282 1452,3275"/>
                <TextEquiv>
                    <Unicode>müße etwas mit ihm reden, darauff, weilen</Unicode>
                </TextEquiv>
            </TextLine>
            <TextLine id="r2l32" custom="readingOrder {index:31;}">
                <Coords points="438,3453 532,3425 664,3456 807,3396 870,3435 966,3403 1080,3441 1468,3386 1437,3315 1346,3365 1122,3313 1049,3349 922,3323 816,3357 699,3314 437,3356"/>
                <Baseline points="444,3396 494,3395 545,3395 596,3393 647,3393 698,3393 749,3395 799,3395 850,3395 901,3396 952,3396 1003,3396 1054,3396 1105,3395 1155,3393 1206,3392 1257,3390 1308,3386 1359,3383 1410,3378 1461,3372"/>
                <TextEquiv>
                    <Unicode>es Ihrer beyderen Heimb Weg gewesen, habe</Unicode>
                </TextEquiv>
            </TextLine>
            <TextLine id="r2l33" custom="readingOrder {index:32;}">
                <Coords points="1326,3505 1340,3504 1353,3492 1384,3487 1401,3476 1418,3455 1428,3452 1426,3440 1404,3443 1398,3450 1390,3450 1386,3456 1356,3455 1337,3479 1331,3475 1321,3478"/>
                <Baseline points="1332,3504 1364,3488 1396,3485 1428,3483"/>
                <TextEquiv>
                    <Unicode>er</Unicode>
                </TextEquiv>
            </TextLine>
            <TextEquiv>
                <Unicode>Examen.
mit
Bendicht Scherz von Basel, Kirch¬
höri Könitz, actatis 31. Jahr, ohnverhey¬
srathet.
Nach vorhergegangener Ernstlichen Ver¬
mahnung, nach Wichtigkeit der Sach, die¬
runde Wahrheit frey heraus zusagen,
würde Er
Solle in Aufrichtigkeit erzellen, was in
Ansehen der verlauchenen Donstag den 8ten 
diß, Abends, sich vor dem Oberen Thor zu
getragenen Unglücklichen Schlägerey
vorgegangen, Was er selbst Persöhnlich¬
darbey gethan, und welche diejenigen seyen,
so darinne implicirt sich befunden?
d. Seyn selbigen Constags allhier in der Statt¬
gewesen, vermeinend, Mann werde das 
Bruber Werck spihlen, da habe Er mit denen
beyden Gebrüederen Zug, und dem
Girschi in einem Keller getruncken, seine
Cameraden haben Meitli bey sich gehabt
Er aber keines Gegen Abend, da es an¬
gefangen füster zu werden, seyen sie zum
Chor hinauß gegen Heym gangen, vor der
Macht außen haben die die Gallmer Riesten
und setz angetroffen, welche des Chorrichter
Hanns Tochter bey sich gehabt. Als Er¬
dieses Meitli gesehen, habe er selbiges bey
der Puppen zu sich gezogen und gesagt, Er
müße etwas mit ihm reden, darauff, weilen
es Ihrer beyderen Heimb Weg gewesen, habe
er</Unicode>
            </TextEquiv>
        </TextRegion>
        <TextRegion orientation="0.0" id="r3" custom="readingOrder {index:2;}">
            <Coords points="1563,408 1563,3502 2780,3502 2780,408"/>
            <TextLine id="r3l1" custom="readingOrder {index:0;}">
                <Coords points="2685,474 2701,472 2713,484 2722,481 2730,486 2737,480 2743,484 2755,480 2761,487 2785,482 2790,411 2774,411 2767,404 2748,409 2746,406 2739,411 2727,402 2698,423 2689,422"/>
                <Baseline points="2693,447 2722,447 2751,450 2780,453"/>
                <TextEquiv>
                    <Unicode>101.</Unicode>
                </TextEquiv>
            </TextLine>
            <TextLine id="r3l2" custom="readingOrder {index:1;}">
                <Coords points="1826,520 1865,512 1923,539 1974,506 2062,529 2199,524 2228,549 2272,537 2318,572 2403,561 2405,457 2349,462 2251,392 2090,438 2024,425 1976,442 1883,401 1828,416"/>
                <Baseline points="1833,506 1861,506 1889,504 1917,504 1945,504 1974,504 2002,503 2030,503 2058,503 2086,504 2115,504 2143,504 2171,506 2199,506 2227,508 2256,509 2284,510 2312,513 2340,514 2368,516 2397,519"/>
                <TextEquiv>
                    <Unicode>Bendicht. Scherz¬</Unicode>
                </TextEquiv>
            </TextLine>
            <TextLine id="r3l3" custom="readingOrder {index:2;}">
                <Coords points="1759,637 2035,672 2309,662 2392,696 2436,662 2689,670 2711,585 2278,600 2033,561 1936,600 1875,572 1760,598"/>
                <Baseline points="1766,630 1812,634 1859,639 1906,642 1953,646 2000,650 2046,652 2093,654 2140,656 2187,657 2234,659 2280,660 2327,660 2374,662 2421,662 2468,662 2514,662 2561,662 2608,662 2655,662 2702,662"/>
                <TextEquiv>
                    <Unicode>er das Meitlin bey dem Rock gehalten, und</Unicode>
                </TextEquiv>
            </TextLine>
            <TextLine id="r3l4" custom="readingOrder {index:3;} person {offset:33; length:7;}">
                <Coords points="1745,732 2274,769 2776,740 2754,694 2689,713 2535,665 2440,660 2388,699 2278,663 2141,691 2083,653 1746,676"/>
                <Baseline points="1752,723 1802,723 1853,725 1904,725 1955,726 2006,728 2057,728 2107,729 2158,731 2209,732 2260,732 2311,734 2362,734 2413,735 2463,735 2514,737 2565,737 2616,737 2667,735 2718,735 2769,734"/>
                <TextEquiv>
                    <Unicode>die ußer weiters fortgesezt, die Zallmer</Unicode>
                </TextEquiv>
            </TextLine>
            <TextLine id="r3l5" custom="readingOrder {index:4;}">
                <Coords points="1732,836 2143,817 2222,860 2397,810 2557,853 2767,831 2767,759 2697,795 2584,738 2511,772 2251,755 2207,793 2002,756 1911,791 1820,748 1733,765"/>
                <Baseline points="1739,806 1790,806 1841,807 1892,807 1943,807 1994,809 2045,809 2096,810 2147,810 2198,812 2249,812 2300,812 2351,813 2402,813 2453,813 2504,815 2555,815 2606,815 2657,816 2708,816 2760,816"/>
                <TextEquiv>
                    <Unicode>seyen einwenig zurückgeblieben, bald darauf </Unicode>
                </TextEquiv>
            </TextLine>
            <TextLine id="r3l6" custom="readingOrder {index:5;}">
                <Coords points="1743,910 2726,936 2727,857 2398,876 2322,834 2268,872 2179,854 2105,883 1950,822 1743,862"/>
                <Baseline points="1749,893 1797,894 1846,896 1894,896 1943,897 1991,897 2040,896 2088,896 2137,896 2185,896 2234,896 2283,896 2331,896 2380,896 2428,897 2477,899 2525,902 2574,905 2622,908 2671,913 2720,920"/>
                <TextEquiv>
                    <Unicode>aber hinter ihnen nachgekommen; Als Sie</Unicode>
                </TextEquiv>
            </TextLine>
            <TextLine id="r3l7" custom="readingOrder {index:6;} person {offset:7; length:17;}">
                <Coords points="1746,1022 1928,1034 2119,992 2293,1025 2424,986 2766,1004 2766,939 2671,921 2562,965 2419,918 2296,956 2227,918 2140,948 2074,919 1746,937"/>
                <Baseline points="1752,989 1802,989 1852,989 1903,989 1953,987 2004,987 2054,986 2104,984 2155,984 2205,983 2256,981 2306,981 2356,981 2407,981 2457,981 2508,983 2558,984 2608,987 2659,990 2709,994 2760,998"/>
                <TextEquiv>
                    <Unicode>in deß Jost Gubel Holzli gekommen, und er¬</Unicode>
                </TextEquiv>
            </TextLine>
            <TextLine id="r3l8" custom="readingOrder {index:7;}">
                <Coords points="1746,1083 2053,1109 2193,1080 2296,1110 2365,1083 2466,1114 2761,1089 2761,1055 2714,1041 2629,1052 2574,1014 2504,1046 2443,1002 2372,1050 2226,1007 1746,1023"/>
                <Baseline points="1752,1076 1802,1077 1852,1079 1902,1079 1952,1079 2002,1077 2052,1077 2102,1076 2152,1076 2202,1074 2253,1074 2303,1073 2353,1073 2403,1071 2453,1071 2503,1072 2553,1073 2603,1074 2653,1076 2703,1077 2754,1080"/>
                <TextEquiv>
                    <Unicode>das Meitli beym Rock gehalten, seye ihme </Unicode>
                </TextEquiv>
            </TextLine>
            <TextLine id="r3l9" custom="readingOrder {index:8;}">
                <Coords points="1736,1176 2629,1174 2675,1155 2675,1115 2607,1136 2555,1097 2504,1136 2396,1098 2188,1120 2114,1087 2026,1140 1946,1087 1873,1109 1824,1086 1735,1133"/>
                <Baseline points="1742,1163 1788,1163 1834,1163 1881,1163 1927,1163 1973,1163 2020,1163 2066,1163 2112,1163 2159,1163 2205,1163 2251,1163 2298,1163 2344,1161 2390,1161 2437,1161 2483,1161 2529,1161 2576,1161 2622,1161 2669,1161"/>
                <TextEquiv>
                    <Unicode>von hinden ein Streich worden, worvon er</Unicode>
                </TextEquiv>
            </TextLine>
            <TextLine id="r3l10" custom="readingOrder {index:9;}">
                <Coords points="1727,1268 1889,1262 1926,1292 2093,1253 2186,1295 2386,1237 2489,1284 2749,1252 2748,1175 2606,1208 2485,1170 2373,1209 2308,1171 2242,1209 2149,1162 1727,1216"/>
                <Baseline points="1734,1254 1784,1254 1834,1253 1885,1251 1935,1250 1986,1249 2036,1248 2086,1247 2137,1245 2187,1245 2238,1244 2288,1242 2338,1242 2389,1241 2439,1241 2490,1241 2540,1241 2590,1241 2641,1242 2691,1242 2742,1244"/>
                <TextEquiv>
                    <Unicode>sturm auf die Seiten gefallen. Damahls seyen</Unicode>
                </TextEquiv>
            </TextLine>
            <TextLine id="r3l11" custom="readingOrder {index:10;} person {offset:10; length:7;}">
                <Coords points="1733,1355 2391,1372 2437,1343 2498,1372 2542,1341 2752,1355 2762,1294 2501,1277 2421,1311 2283,1264 2118,1325 2033,1274 1886,1266 1733,1316"/>
                <Baseline points="1739,1341 1789,1343 1840,1343 1891,1343 1942,1343 1993,1342 2044,1341 2094,1340 2145,1340 2196,1338 2247,1337 2298,1335 2349,1335 2400,1334 2450,1334 2501,1334 2552,1334 2603,1335 2654,1337 2705,1339 2756,1343"/>
                <TextEquiv>
                    <Unicode>die beyde Zallmer hinter ihm gewesen, von</Unicode>
                </TextEquiv>
            </TextLine>
            <TextLine id="r3l12" custom="readingOrder {index:11;}">
                <Coords points="1734,1439 2694,1446 2733,1434 2733,1360 2280,1412 2183,1361 2093,1395 2043,1360 1734,1378"/>
                <Baseline points="1740,1421 1789,1422 1838,1424 1888,1424 1937,1425 1986,1425 2036,1425 2085,1425 2134,1425 2184,1425 2233,1425 2282,1424 2332,1424 2381,1424 2430,1422 2480,1422 2529,1422 2578,1421 2628,1421 2677,1421 2727,1421"/>
                <TextEquiv>
                    <Unicode>dar habe er deren keiner mehr gesehen: Der</Unicode>
                </TextEquiv>
            </TextLine>
            <TextLine id="r3l13" custom="readingOrder {index:12;}">
                <Coords points="1721,1524 1998,1552 2439,1510 2508,1546 2693,1504 2619,1440 2508,1437 2452,1480 2360,1440 2215,1491 2067,1447 1721,1451"/>
                <Baseline points="1727,1509 1775,1509 1823,1509 1871,1511 1919,1511 1967,1511 2015,1511 2063,1511 2111,1511 2159,1511 2207,1511 2255,1511 2303,1511 2351,1511 2399,1511 2447,1509 2495,1509 2543,1508 2591,1508 2639,1506 2687,1505"/>
                <TextEquiv>
                    <Unicode>Streich aber seye ihme nicht von denselben</Unicode>
                </TextEquiv>
            </TextLine>
            <TextLine id="r3l14" custom="readingOrder {index:13;}">
                <Coords points="2701,1567 2711,1568 2726,1562 2737,1573 2747,1567 2753,1567 2760,1482 2748,1483 2721,1502 2707,1497"/>
                <Baseline points="2712,1514 2751,1517"/>
                <TextEquiv>
                    <Unicode>.</Unicode>
                </TextEquiv>
            </TextLine>
            <TextLine id="r3l15" custom="readingOrder {index:14;} person {offset:11; length:15;}">
                <Coords points="1733,1603 2144,1596 2216,1627 2332,1596 2718,1604 2718,1568 2559,1571 2488,1536 2195,1544 2161,1575 2046,1530 1866,1528 1790,1564 1733,1540"/>
                <Baseline points="1739,1592 1787,1592 1836,1592 1884,1593 1933,1593 1982,1593 2030,1593 2079,1593 2127,1593 2176,1593 2225,1593 2273,1593 2322,1592 2370,1592 2419,1592 2468,1590 2516,1590 2565,1590 2613,1589 2662,1589 2711,1589"/>
                <TextEquiv>
                    <Unicode>sonder von Niclauß Zeender, wie er ihm</Unicode>
                </TextEquiv>
            </TextLine>
            <TextLine id="r3l16" custom="readingOrder {index:15;}">
                <Coords points="1727,1689 2131,1679 2169,1712 2347,1663 2739,1690 2748,1651 2659,1605 2563,1647 2491,1596 2222,1629 1958,1607 1904,1654 1858,1613 1726,1624"/>
                <Baseline points="1733,1674 1783,1676 1833,1677 1884,1677 1934,1677 1985,1676 2035,1676 2086,1674 2136,1674 2187,1673 2237,1671 2287,1670 2338,1668 2388,1668 2439,1667 2489,1667 2540,1665 2590,1666 2641,1667 2691,1668 2742,1670"/>
                <TextEquiv>
                    <Unicode>selbsten bekennet, versetzet worden. Von</Unicode>
                </TextEquiv>
            </TextLine>
            <TextLine id="r3l17" custom="readingOrder {index:16;}">
                <Coords points="1727,1766 1926,1769 1979,1816 2080,1812 2171,1756 2561,1790 2612,1753 2755,1748 2487,1679 2249,1737 2102,1686 1870,1733 1727,1711"/>
                <Baseline points="1734,1751 1784,1752 1835,1754 1886,1755 1936,1755 1987,1755 2038,1755 2088,1755 2139,1755 2190,1755 2241,1754 2291,1754 2342,1754 2393,1754 2443,1752 2494,1752 2545,1752 2595,1753 2646,1754 2697,1754 2748,1755"/>
                <TextEquiv>
                    <Unicode>dar, als die Fürsch nachkommen, seye er </Unicode>
                </TextEquiv>
            </TextLine>
            <TextLine id="r3l18" custom="readingOrder {index:17;}">
                <Coords points="1716,1841 1936,1885 2074,1849 2141,1892 2219,1846 2530,1888 2722,1864 2722,1801 2591,1823 2419,1767 2281,1816 2230,1770 1945,1823 1852,1769 1716,1812"/>
                <Baseline points="1722,1835 1771,1836 1821,1838 1870,1839 1920,1841 1970,1842 2019,1842 2069,1843 2119,1844 2168,1844 2218,1844 2268,1844 2317,1844 2367,1844 2417,1844 2466,1844 2516,1844 2566,1844 2615,1844 2665,1844 2715,1845"/>
                <TextEquiv>
                    <Unicode>mit ihme gahn konitz ins Wehrthshauß ge¬</Unicode>
                </TextEquiv>
            </TextLine>
            <TextLine id="r3l19" custom="readingOrder {index:18;}">
                <Coords points="1715,1986 2043,1923 2284,1968 2359,1938 2437,1985 2548,1989 2604,1943 2704,1934 2704,1880 2576,1904 2241,1853 2116,1908 2009,1862 1918,1906 1848,1875 1715,1905"/>
                <Baseline points="1722,1928 1770,1926 1819,1926 1868,1925 1917,1925 1965,1925 2014,1923 2063,1923 2112,1925 2160,1925 2209,1925 2258,1925 2307,1925 2355,1926 2404,1926 2453,1926 2502,1926 2550,1926 2599,1926 2648,1926 2697,1925"/>
                <TextEquiv>
                    <Unicode>wesen, Alles er mit Muß zuge noch ein</Unicode>
                </TextEquiv>
            </TextLine>
            <TextLine id="r3l20" custom="readingOrder {index:19;}">
                <Coords points="1704,2079 1839,2069 1903,2019 1985,2060 2019,2060 2077,2016 2147,2035 2293,2027 2301,1976 2242,1949 2190,1970 2109,1945 2044,1988 1963,1934 1703,1993"/>
                <Baseline points="1710,2021 1739,2021 1768,2021 1797,2019 1827,2019 1856,2019 1885,2018 1914,2018 1944,2018 1973,2017 2002,2016 2031,2016 2061,2016 2090,2016 2119,2016 2148,2016 2178,2016 2207,2016 2236,2017 2265,2018 2295,2019"/>
                <TextEquiv>
                    <Unicode>Glaß Mein getruncken.</Unicode>
                </TextEquiv>
            </TextLine>
            <TextLine id="r3l21" custom="readingOrder {index:20;}">
                <Coords points="1791,2151 1885,2173 2094,2149 2212,2181 2549,2138 2654,2178 2727,2150 2728,2079 2629,2044 2503,2069 2462,2039 2159,2105 2045,2071 1791,2071"/>
                <Baseline points="1797,2136 1843,2136 1889,2138 1935,2138 1981,2138 2028,2138 2074,2138 2120,2138 2166,2138 2212,2138 2259,2138 2305,2138 2351,2138 2397,2138 2443,2138 2490,2138 2536,2139 2582,2139 2628,2141 2674,2142 2721,2144"/>
                <TextEquiv>
                    <Unicode>Nachdemme ihme vorgestellt worden, daß</Unicode>
                </TextEquiv>
            </TextLine>
            <TextLine id="r3l22" custom="readingOrder {index:21;}">
                <Coords points="1709,2262 1793,2222 1850,2258 2088,2221 2157,2264 2251,2217 2709,2250 2693,2151 2609,2185 2570,2147 2471,2145 2358,2192 1711,2145"/>
                <Baseline points="1716,2210 1765,2211 1814,2211 1864,2211 1913,2211 1962,2211 2012,2213 2061,2213 2110,2213 2160,2214 2209,2214 2258,2216 2308,2216 2357,2217 2406,2217 2456,2219 2505,2220 2554,2222 2604,2223 2653,2225 2703,2226"/>
                <TextEquiv>
                    <Unicode>diese Erzehlung genugsammen Bericht noch, der</Unicode>
                </TextEquiv>
            </TextLine>
            <TextLine id="r3l23" custom="readingOrder {index:22;}">
                <Coords points="1694,2320 1997,2309 2224,2354 2300,2310 2486,2305 2612,2356 2613,2247 2379,2263 2315,2235 2186,2275 1947,2224 1850,2263 1801,2222 1755,2253 1694,2241"/>
                <Baseline points="1700,2298 1745,2297 1790,2295 1835,2295 1881,2294 1926,2294 1971,2294 2017,2294 2062,2295 2107,2295 2153,2297 2198,2297 2243,2298 2288,2298 2334,2300 2379,2301 2424,2301 2470,2301 2515,2301 2560,2303 2606,2301"/>
                <TextEquiv>
                    <Unicode>Wahrheit nicht gemäß seyn, würde Er</Unicode>
                </TextEquiv>
            </TextLine>
            <TextLine id="r3l24" custom="readingOrder {index:23;}">
                <Coords points="1721,2409 1765,2425 1796,2403 1815,2405 1885,2432 1944,2422 1984,2388 2062,2384 2061,2343 2042,2346 1997,2308 1941,2338 1900,2322 1816,2334 1751,2310 1720,2324"/>
                <Baseline points="1727,2376 1752,2378 1777,2378 1802,2378 1827,2378 1853,2378 1878,2378 1903,2377 1928,2376 1954,2376 1979,2375 2004,2375 2029,2375 2055,2376"/>
                <TextEquiv>
                    <Unicode>Insbesonders</Unicode>
                </TextEquiv>
            </TextLine>
            <TextLine id="r3l25" custom="readingOrder {index:24;}">
                <Coords points="1557,2558 1582,2560 1608,2540 1651,2531 1673,2516 1715,2538 1746,2518 1756,2525 1773,2518 1772,2441 1735,2453 1686,2413 1654,2427 1621,2401 1556,2421"/>
                <Baseline points="1563,2495 1588,2495 1613,2494 1639,2492 1664,2491 1689,2490 1715,2491 1740,2494 1766,2496"/>
                <TextEquiv>
                    <Unicode>befanget.</Unicode>
                </TextEquiv>
            </TextLine>
            <TextLine id="r3l26" custom="readingOrder {index:25;}">
                <Coords points="1811,2499 1916,2532 2104,2522 2153,2557 2307,2505 2482,2531 2697,2514 2697,2449 2566,2427 2434,2440 2374,2479 2313,2449 1961,2450 1905,2424 1811,2455"/>
                <Baseline points="1818,2495 1861,2497 1905,2499 1948,2500 1992,2501 2036,2502 2079,2504 2123,2504 2167,2504 2210,2505 2254,2505 2298,2505 2341,2505 2385,2504 2429,2504 2472,2504 2516,2502 2560,2502 2603,2502 2647,2501 2691,2499"/>
                <TextEquiv>
                    <Unicode>Ob nicht wahr, daß als er vor dem Thor</Unicode>
                </TextEquiv>
            </TextLine>
            <TextLine id="r3l27" custom="readingOrder {index:26;}">
                <Coords points="1713,2596 2679,2592 2678,2518 2643,2508 2585,2545 2538,2515 2400,2558 2248,2525 2100,2563 1968,2521 1713,2535"/>
                <Baseline points="1719,2577 1766,2577 1814,2579 1861,2579 1909,2580 1957,2580 2004,2580 2052,2580 2100,2580 2147,2580 2195,2580 2243,2579 2290,2579 2338,2578 2386,2577 2433,2576 2481,2574 2529,2574 2576,2573 2624,2571 2672,2570"/>
                <TextEquiv>
                    <Unicode>zu denen Zalmeren gekommen, er zu dem bey</Unicode>
                </TextEquiv>
            </TextLine>
            <TextLine id="r3l28" custom="readingOrder {index:27;}">
                <Coords points="1703,2684 1922,2700 1993,2664 2270,2648 2307,2681 2450,2650 2699,2685 2732,2682 2732,2608 2500,2585 2400,2618 2314,2585 2144,2631 1703,2624"/>
                <Baseline points="1710,2657 1760,2655 1811,2655 1862,2654 1913,2654 1964,2654 2014,2652 2065,2652 2116,2652 2167,2652 2218,2652 2268,2652 2319,2652 2370,2652 2421,2652 2472,2652 2522,2652 2573,2652 2624,2652 2675,2652 2726,2652"/>
                <TextEquiv>
                    <Unicode>ihem gewesenen Meitlin gesagt, kam du mit</Unicode>
                </TextEquiv>
            </TextLine>
            <TextLine id="r3l29" custom="readingOrder {index:28;}">
                <Coords points="1694,2763 2091,2754 2164,2788 2244,2757 2294,2789 2601,2756 2589,2657 2408,2685 2356,2658 2307,2681 2268,2647 2182,2702 2089,2677 1693,2696"/>
                <Baseline points="1701,2748 1745,2748 1790,2747 1834,2747 1879,2745 1924,2744 1968,2742 2013,2741 2058,2740 2102,2739 2147,2738 2192,2736 2236,2735 2281,2734 2326,2733 2370,2732 2415,2732 2460,2730 2504,2730 2549,2730 2594,2730"/>
                <TextEquiv>
                    <Unicode>Mir, und wann zu nicht läst, so must </Unicode>
                </TextEquiv>
            </TextLine>
            <TextLine id="r3l30" custom="readingOrder {index:29;}">
                <Coords points="1625,2902 1638,2907 1650,2896 1661,2901 1683,2887 1690,2888 1696,2784 1688,2783 1681,2788 1674,2785 1647,2801 1631,2798"/>
                <Baseline points="1634,2850 1659,2850 1685,2853"/>
                <TextEquiv>
                    <Unicode>h</Unicode>
                </TextEquiv>
            </TextLine>
            <TextLine id="r3l31" custom="readingOrder {index:30;}">
                <Coords points="1713,2865 1800,2887 1854,2861 1905,2893 2060,2869 2111,2901 2151,2866 2317,2871 2442,2909 2521,2868 2719,2864 2719,2823 2597,2775 2332,2847 2255,2799 2100,2778 2033,2806 1984,2781 1713,2797"/>
                <Baseline points="1719,2853 1768,2856 1818,2858 1867,2859 1917,2861 1967,2862 2016,2862 2066,2864 2116,2864 2165,2865 2215,2865 2265,2865 2314,2865 2364,2864 2414,2864 2463,2864 2513,2862 2563,2861 2612,2861 2662,2859 2712,2858"/>
                <TextEquiv>
                    <Unicode>Nun, diese Wort glaube er nicht geredt zu¬</Unicode>
                </TextEquiv>
            </TextLine>
            <TextLine id="r3l32" custom="readingOrder {index:31;}">
                <Coords points="1679,2977 1773,2947 1852,2996 1921,2948 2221,2947 2563,2991 2716,2964 2715,2885 2517,2872 2441,2912 2317,2871 2221,2908 1998,2873 1955,2913 1678,2904"/>
                <Baseline points="1685,2948 1736,2946 1787,2946 1838,2945 1889,2945 1941,2943 1992,2943 2043,2943 2094,2943 2145,2943 2197,2943 2248,2943 2299,2942 2350,2942 2401,2942 2453,2940 2504,2939 2555,2937 2606,2935 2657,2933 2709,2931"/>
                <TextEquiv>
                    <Unicode>haben, sonderen, wie er oben gesagt, Er wolle</Unicode>
                </TextEquiv>
            </TextLine>
            <TextLine id="r3l33" custom="readingOrder {index:32;}">
                <Coords points="1685,3053 1802,3037 1944,3063 2016,3031 2177,3040 2228,3029 2227,2967 2152,2948 2006,2980 1925,2958 1831,2999 1766,2963 1684,3012"/>
                <Baseline points="1691,3038 1717,3037 1744,3036 1770,3035 1797,3033 1823,3033 1850,3032 1876,3032 1903,3032 1929,3030 1956,3030 1983,3029 2009,3029 2036,3027 2062,3027 2089,3027 2115,3026 2142,3026 2168,3024 2195,3024 2222,3023"/>
                <TextEquiv>
                    <Unicode>etwas mit ihme reden.</Unicode>
                </TextEquiv>
            </TextLine>
            <TextLine id="r3l34" custom="readingOrder {index:33;} person {offset:21; length:7;}">
                <Coords points="1715,3167 1821,3139 1896,3174 1999,3147 2062,3175 2154,3132 2392,3117 2596,3147 2704,3120 2702,3041 2604,3069 2465,3028 2385,3066 1831,3055 1712,3085"/>
                <Baseline points="1721,3137 1769,3137 1818,3137 1867,3136 1916,3135 1965,3134 2013,3132 2062,3129 2111,3128 2160,3126 2209,3123 2257,3122 2306,3120 2355,3118 2404,3116 2453,3115 2501,3113 2550,3113 2599,3111 2648,3111 2697,3111"/>
                <TextEquiv>
                    <Unicode>Ob nit wahr, daß die Ballmer ihme nichts</Unicode>
                </TextEquiv>
            </TextLine>
            <TextLine id="r3l35" custom="readingOrder {index:34;}">
                <Coords points="1627,3170 1634,3170 1640,3163 1649,3161 1658,3170 1664,3168 1680,3182 1687,3182 1678,3057 1666,3057 1639,3044 1631,3052 1619,3050"/>
                <Baseline points="1631,3132 1676,3129"/>
                <TextEquiv>
                    <Unicode>H.</Unicode>
                </TextEquiv>
            </TextLine>
            <TextLine id="r3l36" custom="readingOrder {index:35;}">
                <Coords points="1693,3261 1755,3234 1914,3282 2138,3214 2516,3245 2597,3200 2704,3199 2702,3145 2533,3158 2475,3122 2224,3176 2160,3139 2103,3179 2032,3148 1918,3197 1838,3148 1691,3195"/>
                <Baseline points="1698,3219 1750,3221 1803,3221 1855,3221 1908,3221 1960,3219 2013,3219 2066,3216 2118,3215 2171,3213 2223,3210 2276,3209 2328,3206 2381,3203 2434,3201 2486,3198 2539,3196 2591,3194 2644,3192 2697,3189"/>
                <TextEquiv>
                    <Unicode>in Weg gelegt, weder mit Worten noch mit</Unicode>
                </TextEquiv>
            </TextLine>
            <TextLine id="r3l37" custom="readingOrder {index:36;}">
                <Coords points="1686,3339 1728,3338 1760,3305 1781,3311 1790,3302 1810,3315 1824,3307 1864,3317 1884,3311 1917,3326 1916,3281 1855,3269 1843,3283 1827,3268 1803,3265 1774,3237 1742,3236 1720,3255 1683,3239"/>
                <Baseline points="1691,3305 1718,3303 1745,3303 1773,3302 1800,3302 1827,3300 1855,3300 1882,3297 1910,3296"/>
                <TextEquiv>
                    <Unicode>Wercken.</Unicode>
                </TextEquiv>
            </TextLine>
            <TextLine id="r3l38" custom="readingOrder {index:37;}">
                <Coords points="1702,3420 1843,3385 2065,3418 2120,3380 2198,3410 2718,3404 2718,3313 2331,3304 2206,3364 2073,3293 2007,3295 1925,3360 1867,3317 1781,3355 1702,3335"/>
                <Baseline points="1709,3387 1759,3386 1809,3384 1859,3383 1909,3383 1959,3381 2009,3381 2060,3381 2110,3381 2160,3381 2210,3381 2260,3383 2310,3383 2360,3383 2411,3384 2461,3384 2511,3384 2561,3386 2611,3386 2661,3386 2712,3386"/>
                <TextEquiv>
                    <Unicode>Er habe nichts ab Ihnen zu klagen, und habe</Unicode>
                </TextEquiv>
            </TextLine>
            <TextLine id="r3l39" custom="readingOrder {index:38;}">
                <Coords points="1607,3432 1619,3429 1630,3438 1642,3425 1649,3426 1655,3419 1664,3421 1672,3429 1680,3428 1675,3327 1660,3324 1648,3335 1631,3340 1623,3340 1612,3330 1602,3332"/>
                <Baseline points="1611,3390 1641,3387 1671,3387"/>
                <TextEquiv>
                    <Unicode>d.</Unicode>
                </TextEquiv>
            </TextLine>
            <TextLine id="r3l40" custom="readingOrder {index:39;}">
                <Coords points="1691,3490 1862,3504 1986,3481 2048,3516 2104,3492 2238,3510 2408,3460 2455,3485 2459,3387 2266,3416 2165,3395 2074,3429 2033,3409 1993,3442 1820,3399 1752,3447 1691,3443"/>
                <Baseline points="1697,3461 1734,3462 1772,3464 1810,3464 1848,3464 1886,3464 1924,3464 1961,3463 1999,3462 2037,3462 2075,3461 2113,3461 2151,3461 2189,3459 2226,3459 2264,3459 2302,3458 2340,3458 2378,3458 2416,3458 2454,3459"/>
                <TextEquiv>
                    <Unicode>nicht gesehen, daß sie sich gewehrt.</Unicode>
                </TextEquiv>
            </TextLine>
            <TextLine id="r3l41" custom="readingOrder {index:40;}">
                <Coords points="2588,3541 2630,3525 2652,3507 2668,3516 2691,3504 2712,3508 2714,3395 2688,3401 2668,3394 2610,3443 2589,3445"/>
                <Baseline points="2595,3480 2622,3482 2650,3482 2678,3482 2706,3483"/>
                <TextEquiv>
                    <Unicode>H.</Unicode>
                </TextEquiv>
            </TextLine>
            <TextEquiv>
                <Unicode>101.
Bendicht. Scherz¬
er das Meitlin bey dem Rock gehalten, und
die ußer weiters fortgesezt, die Zallmer
seyen einwenig zurückgeblieben, bald darauf 
aber hinter ihnen nachgekommen; Als Sie
in deß Jost Gubel Holzli gekommen, und er¬
das Meitli beym Rock gehalten, seye ihme 
von hinden ein Streich worden, worvon er
sturm auf die Seiten gefallen. Damahls seyen
die beyde Zallmer hinter ihm gewesen, von
dar habe er deren keiner mehr gesehen: Der
Streich aber seye ihme nicht von denselben
.
sonder von Niclauß Zeender, wie er ihm
selbsten bekennet, versetzet worden. Von
dar, als die Fürsch nachkommen, seye er 
mit ihme gahn konitz ins Wehrthshauß ge¬
wesen, Alles er mit Muß zuge noch ein
Glaß Mein getruncken.
Nachdemme ihme vorgestellt worden, daß
diese Erzehlung genugsammen Bericht noch, der
Wahrheit nicht gemäß seyn, würde Er
Insbesonders
befanget.
Ob nicht wahr, daß als er vor dem Thor
zu denen Zalmeren gekommen, er zu dem bey
ihem gewesenen Meitlin gesagt, kam du mit
Mir, und wann zu nicht läst, so must 
h
Nun, diese Wort glaube er nicht geredt zu¬
haben, sonderen, wie er oben gesagt, Er wolle
etwas mit ihme reden.
Ob nit wahr, daß die Ballmer ihme nichts
H.
in Weg gelegt, weder mit Worten noch mit
Wercken.
Er habe nichts ab Ihnen zu klagen, und habe
d.
nicht gesehen, daß sie sich gewehrt.
H.</Unicode>
            </TextEquiv>
        </TextRegion>
    </Page>
</PcGts>
