3024 4032
131 2433 329 2524 Quast.
191 2791 287 2944 G.
245 351 352 424 280.
208 499 406 626 Alert.
260 1076 346 1202 d
214 1277 394 1395 Quaest.
257 1614 334 1762 3.
435 343 1153 509 Hieronimus Rohler
436 478 1403 642 13. Ob er nicht auch gelehret, das lesen
394 613 1406 735 in denen Bücheren und auch in der Bibel
394 699 1347 834 seye nichts nit. Das Predig gehen
398 790 1401 944 trage auch nichts ab, da seye nur ein¬
389 897 1388 1033 Maul geschwäz und docter Buchstaben
380 995 771 1110 anzutreffen?
380 1100 1333 1213 Wüße darüber nichts einzuwenden.
428 1251 1382 1382 12. Ober nicht verächtlich von einer
369 1375 1400 1492 Johen Oberkeit geredet, und dem gan¬
367 1439 1403 1598 hen Land die Gerichte Gottes ange¬
351 1547 748 1678 kündet habe?
371 1623 1208 1765 Nein, das habe er nicht gethan.
355 2402 1375 2539 15. Ob er sich erinnern, wie veracht
327 2514 1353 2647 glich und spöttlich er von dem ordentlichen
325 2596 1257 2751 Lehr- und Predig-Ambt geredet,
329 2781 1287 2948 Er versinne sich deßen nicht, wohl
297 2919 1310 3056 seye er auch selbsten in die Kirch ge¬
292 3048 560 3138 gangen.
2504 408 2588 479 281.
1567 330 2545 536 Außag der gezeugen
1786 471 2372 596 in Confrontatione.
2367 615 2434 709 .
1489 608 2521 762 S. Quast. 13em. Anna Bachman, und a
1575 700 2464 834 Christen Burtner Bezeugen diß.
1463 1257 2576 1398 Ad Quastn 140. Anna Dachmann sagt aus, als
1575 1343 2552 1489 sie beyde Kohler von der Gnädl. Oberkeit ban
1573 1452 2573 1566 mnisirt worden, haben sie gesagt, biß nächsten Samb¬
1570 1549 2545 1665 stag sollen alle Brunnen und nach in Land mit
1585 1640 2531 1766 blutkauffen zu bestraffung deß Unglaubens
2232 1714 2272 1791 6
1580 1730 2029 1848 und der Verfolgung
2224 1736 2569 1847 Christen und Hans
1553 1819 2548 1969 Streit zeugen, daß die Kohler sich beschwart über¬
1567 1913 2521 2036 das Verbott ihrer Versamblungen. Das
1565 2010 2553 2122 gesamte Chorgricht zu Rüeggistern bezeuget in¬
1582 2115 2568 2246 der ungeschickten Information, daß der Inquisit
1567 2214 2562 2333 einsten beym Außtretten gesagt habe, Er sehe
1571 2298 2539 2441 weder Oberkeit noch Predigkanten gar nicht an,
1577 2380 1868 2472 Er habe Gott.
1780 2499 1882 2544 am
1465 2472 2545 2603 ad Quart. 1. Bendlicht Kisten, Muß Rohrbar
1569 2547 2569 2677 Elias Brühlhard bejahen dießes. Anna Rache
2030 2644 2080 2701 s
1561 2648 2568 2741 man̄ Hans Streit, Christen Streit fügen dar¬
1551 2704 2562 2821 zu, daß sie gesagt, die Predikanten seyen
1564 2791 2586 2897 nur Schrifft gelehrt, haben kein Leben, sonderen
1559 2872 2170 2995 nur den Todten Buchstaben
1552 2966 2559 3109 Information von Ziel Zeuget, daß der See¬
1576 3038 2580 3172 quisit gesagt, Alle Predikanten und Pfaffen
1557 3127 2494 3258 da alle, so in die Predig gehen seyen deß
1564 3220 1793 3311 Reufels.
