3024 4032
345 336 435 400 84.
404 465 502 594 6.
438 723 481 846 .
434 936 496 1026 s.
530 395 1476 572 Christen Girschi von Buggeschung zu
518 511 1489 685 Liebelege, bey Alleich geender in diensten
505 702 1468 835 Mit wann er verleichenen Constag Abender¬
500 803 1029 909 aus der Statt gegangen.
518 888 1489 1015 Mit den Gebrüederen Zug, und dem Scherz¬
503 978 1477 1108 seyn er aus der Statt biß zu der Macht ge¬
484 1058 1495 1206 gangen, alls er sie verlaßen und sich bey¬
481 1133 1482 1275 Hergen Fursprech Königs Knecht eine Weil
501 1222 1459 1366 aufgehalten, von dar er biß in den Sulgen,
492 1289 1430 1436 bach allein gegangen, und dort frey von
490 1400 1490 1529 Mühleberg angetroffen. Sie seyen aber allda¬
490 1493 1482 1597 verblieben und er seye weiters biß zu dem
477 1575 1451 1715 Weißen Steinholtzlin mit Bendicht und Peter
479 1664 1461 1772 Michel von Mengestorff und deß Rentschie¬
478 1755 1438 1875 Knecht gegangen, woselbst sie ihne verlaßen,
1439 1821 1476 1858 .
474 1845 1468 1976 Er aber seyn von dar zu der Schlägerey ge¬
472 1927 1490 2037 gkommen, da er nichts mehrers gesehen, als
674 2013 756 2082 57.
469 2024 1467 2164 daß der Hanß Gugi Jemanden eine Täsche
455 2103 1447 2255 gegeben, inmaßen sie bereits einander die
460 2204 839 2342 Rüth geforderet.
381 2326 446 2442 g.
465 2298 1486 2434 Wen er bey dieser Schlägerey angetroffen, und
457 2391 708 2488 gekennet.
387 2474 456 2583 .
463 2472 1452 2634 Christen Zurren in der Kircheren, Muß und Nie¬
461 2571 1460 2688 Clauß Gugi, Bendicht Scherz, von übrigen, so
922 2653 1055 2710 Niemart
435 2648 1464 2788 dabey gewesen, könne er nicht, zumahlen er seith
418 2726 1210 2862 Burzer zeith, da herumb sich aufhalten
376 2832 1459 2953 R. Es seye ihme viel mehrers bekannt, als er nun auß¬
434 2920 1454 3038 gesagt, solle also Niemand zu Lieb und Bonsten
428 2992 1451 3123 etwas verhahlen, woran doch der Hohen Ober¬
416 3073 927 3197 keit so vieles gelegen.
370 3163 429 3291 d
449 3173 1468 3285 Was er gesehen und gehöret, habe er offenherzig
424 3257 1465 3373 gesagt, und wann er etwas anders wüßte, wurd
428 3335 1023 3458 er niemandem verschohnen.
1308 3457 1461 3571 D. 16.
1595 1543 1685 1644 7.
1670 465 1713 597 .
2775 262 2853 383 8o.
1737 421 2812 586 Ob er nicht gestehen müße selbst bey der Schläge¬
1732 535 2809 675 rey gewesen zu seyn, und darein geschlagen
1719 644 1959 757 zuhaben?
1672 752 1874 855 h. Mein
1718 838 2827 1013 Wurde hierauf in die Gefangenschaft geschickt.
1722 1523 2812 1687 Dan c. G. aus der Korberen, Matt kirch¬
1722 1613 2832 1744 Höri Oberbalm Zeügete, 20 jahr alt etc. Zeügete.
2510 1778 2539 1827 .
1929 1710 2508 1852 Promissa exhortatione.
1685 1930 2806 2081 erzellte, daß er ohngefehrd umb halb 9 uhr mit der
2464 2026 2559 2095 d
1709 2035 2756 2134 verstorbenen Christen Riesen und Chorrichter
1681 2113 2761 2218 Hännis Tochter von Schlien zur Statt hinausge¬
2762 2145 2794 2210 .
1681 2197 2725 2305 gangen, da sie dan̄ an der Schantz Maur die
1700 2291 2809 2405 Gebrüedern Hans und Zindicht Scherz zu Basell
2366 2356 2433 2414 .
1694 2355 2765 2484 die Gebrüedere Muß und Clauß zugi zu
1699 2437 2785 2551 Liebewyl samt anderen ihme unbekanten an¬
1693 2520 2779 2652 ngetroffen, nicht weit davon habe der Bendicht
1675 2598 2788 2741 Scherz des Hannis Tochter weggenommen, welches
1684 2692 2741 2816 er und der Verstorbene mit wenig Morten ge¬
1678 2772 2786 2911 schehen laßen, wormit sie weggegangen, und er
1692 2858 2808 3021 mit dem Ruesten bald vor, bald nach ihnen gekommen.
1732 2973 2802 3124 Ohnweit und hiehar dem Weißen Stein Höltzl
1684 3048 2763 3212 habe der Bentz Scherz ihne gestoßen und ihre
1684 3134 2791 3275 an ein Prort geworffen, wormit er denselben
1679 3211 2693 3347 von sich gestoßen, wahrend demme er mit der
1675 3315 2729 3450 Haus einen Streich empfangen, und nachwerts
2546 3431 2671 3526 seyn
