3024 4032
204 354 321 445 300.
409 432 1337 563 und Antworten wörtlich, wohl, und
393 525 1402 665 deutlich, wie selbige ergangen, und er sich
391 603 1386 739 deren bey seinem Gewüßen erinnere, Auß¬
388 688 939 791 gesetzet sich befinden.
389 764 1324 894 M. Abraham diey der Thurn weybel,
392 850 1388 977 Jacob Muri der Resi Knecht, und Abraham
395 926 1381 1058 Muri sein Sohn, so bey offtged. Verhand¬
391 1030 1372 1141 lung gegenwärtig gewesen, würden nach
385 1104 1339 1223 gebührender Exhortation, darüber auch
376 1189 1373 1308 vernommen, und bestätigen dieselbe arti¬
379 1269 1348 1388 culatim und durchauß, wie Sie hier in
366 1345 1183 1464 Schrifft verfaßet sich befindet.
357 1427 1388 1566 fügen auch die zwey erstere, als M. dien
383 1501 1329 1634 und Jacob Muri noch diese Deposition
357 1601 544 1690 hinzu
657 1596 1319 1708 daß etwelche Tag vorhin
350 1672 1357 1808 herren pfarrer Vogeli von Rüeggisperg den
340 1746 1360 1882 Herrn Diaconum Wyßli zu dem gefangenen
351 1839 1348 1956 Kohler begleitet, da habe der Kohler
353 1917 1339 2029 dem H. Vogeli als seinem Pfarrherrn
344 2000 1339 2122 eine gleichgültige Declaration gethan,
333 2084 1357 2200 ja gar denselben gebatten, diese in der
339 2150 1297 2296 Gemeind, und vom Canzel selbsten zu
330 2259 662 2367 notificieren.
335 2335 1071 2463 actum 12. Januarii 1753.
1853 485 2218 637 Urtheill
1986 627 2097 733 deß
1703 650 2476 838 Hieronimus Roblers.
1570 909 2628 1114 Hr. Schildeiß. Klein und
1641 1055 2633 1216 Große Raht der Stäth und Republic Berg
1626 1155 2580 1296 Urkunden hierreit, daß wir nun
1619 1247 2583 1389 eine geraume Zeit mit empfindlichem Be¬
1630 1357 2618 1489 dauren benachrichtiget werden und vernem¬
1597 1449 2612 1582 men müßen, welchergestalten der Ge¬
1611 1535 2616 1668 genwärtig allhier vor Gericht gestelte Hel¬
1594 1613 2603 1739 rorsurers Köhler von Brügglen, in der
1602 1710 2622 1860 Kirchhöri Kueggisterg gebührtig, ohn angesehen
1604 1808 2617 1933 aller an Ihne gewendeter Vermahnungen, Ge¬
1594 1890 2600 2038 botten und züchtigungen: Auch zu wieder sei¬
1598 1998 2543 2139 dren eigenen mehrmahligen versprechen
1607 2077 2573 2211 und angeloben, hin und wieder in unseren
1592 2176 2599 2309 Landen, sonderheitlich in seinem Heymath und
1591 2280 2593 2402 angränzender Nachbahrschafft, viele Jahr da¬
1580 2370 2572 2491 her als ein Sectierischer unberuffener Lehrer
1574 2454 2562 2595 sich aufgeworffen, und viele, von Und jedoch so
1576 2552 2559 2699 ernstlich verbottene, sonderliche Versamlungen
1589 2649 2562 2783 gehalten, daß auch Er, Koster, so wohl
1575 2739 2581 2886 in gedeuten Versamlungen, als sonsten, solche
1562 2838 2561 2962 Lehr- Sätze anzubringen und außzubreiten ge¬
1569 2934 2565 3061 esuchet, durch welche der Unglaube gepflantzet,
1578 3036 2565 3159 dem Ungehorsam gegen die Naturliche recht¬
1568 3136 2547 3257 gemäßige Oberkeit der Weg gebohnet; Allen
1571 3217 2557 3362 Sunden und Lastern dan̄ Thur und Chor
2508 3389 2600 3481 ge¬
2551 460 2654 562 301
