3024 4032
205 373 300 476 182.
347 434 1335 559 den Bendicht Scherz, annoch nicht complet
338 529 1351 644 sondern mit würklicher Anwendung der
328 598 1338 730 Marter ferners an denselben zu sezen
331 689 1316 806 umb von ihme zu erfahren, ob Er nicht
331 775 1338 891 mit dewaffneter faust dem Verstorbenen
341 858 1380 984 Risen jenige streichen versezet, welche er
327 934 1348 1079 in seinem letsten Examine bekennet und
328 1023 1363 1153 eingestanden. Denne ob er selbigen Abend
329 1117 1286 1222 auf dem Heimweg nicht gesagt; Mann
316 1180 1371 1292 müße hienacht denen Salmeren den Meister
753 1249 1318 1380 das heraußkommende
313 1289 496 1375 zeigen.
307 1337 1349 1464 dann solle zu endtlicher beurtheilung der
322 1433 1367 1550 Inquisiten, Ihnen Meine gnädige Herrn und D. R. und 8.
317 1505 1324 1630 von heüt über 8 Tag, seyn wird der 26.
307 1593 1366 1749 diß Monaths wider vorgetragen werden.
282 1766 1284 1937 Zedel an Meine gnädigen Herrn Rathsherren Stücker
299 1880 1344 1980 als Ober- Examinatoren, mit zuthun herr
292 1954 1374 2094 Großweibel Pfingers und Herren Chrichtschreiber
695 2056 1327 2155 Sie deßen verständigen
286 2058 516 2163 Gatschet.
274 2137 1337 2243 dahin, daß mit befürderung diesem hohen
281 2216 1338 2329 Definden ein genügen geschehe, mit annoch
256 2291 1287 2417 dieser Erläuterung, fahls in diesem mit
262 2378 1335 2488 dem Schertz vorzunemmenden peinlichen Exami¬
268 2464 1293 2557 ne neuwe facta und schwäre depositionen
266 2530 1339 2658 gegen deßen Mithafften heraußkommen solten,
256 2633 1337 2750 danzumahl Sie Meine gnädigen er dieses auf könfftigen
259 2713 1309 2842 donstag Meinen gnädige Herren den Rähten referieren, und
251 2795 1344 2928 deren ferneren Begweisung gewärtigen sollen.
251 2914 1312 3062 Zedel an Meinen gnädige Herrn Schultheißen von Watten
278 3020 400 3104 wil.
400 3020 1281 3135 Ihne freundtlich Ansin̄en diese
244 3096 1318 3227 ganze Procedur den Meinen gnädigen Herren und D. R. und 3.
249 3184 1323 3292 auf könfftigen Montag 24. currentis vortragen,
247 3257 1342 3370 und Selbige darzu bey Eyden convocieren zu laßen.
2541 369 2635 460 183.
1658 362 1714 482 .
1430 414 1633 558 s. folgereiche
1573 411 2622 573 Funfftes und Peinliches Examen¬
1868 542 1986 629 nicht
1425 554 1561 644 150. R.
1440 609 1544 687 15. M.
1442 643 1601 732 11. 1
1648 582 2378 750 Bendicht. Ebers.
1432 721 1539 793 1752.
1459 909 1506 969 g
1570 882 2549 1060 Es haben Megger sich an seiner bißherigen.
1447 946 1543 1043 Mag.
1558 995 2561 1136 Vergicht nicht ersättigen können; Inmaßen
1547 1082 2601 1202 alle Anzeigen und Umbstände vorhanden, daß
1536 1154 2593 1285 Er die dem Stiefen versetzte Streichen nicht mit
1543 1238 2572 1371 der bloßen Haus, sonderen mit bewehrter
1547 1339 2568 1476 Hand gegeben habe: So werde Er ernstlich Er¬
1541 1415 2557 1530 mahnt gutlich und ohne Peinigung zu be¬
1547 1523 2565 1627 kennen, ob Er nicht etwas Instruments¬
1545 1611 2558 1727 in der Stand gehabt, Als Er den Riefenger¬
1533 1688 2458 1834 schlagen, sonsten Er sogleich mit der
1544 1785 2582 1908 Marter darzu werde angehalten werden.
1577 1934 2554 2078 Er bezeuge noch dato, daß Er dem Riesen¬
1427 1945 1536 2064 Stahls
1546 2020 2618 2129 keine Andere Streichen, als mit der bloßen
1543 2101 2596 2217 Haust gegeben, und ihne zu dreyenmahlen
1540 2183 2098 2305 nieder gestoßen habe.
1618 2306 2559 2466 Wurde Er auf die Marter Banck¬
1542 2430 2068 2563 gesetzt und gebunden.
1564 2540 2366 2683 Wie Er ihne niedergestoßen habe?
1418 2559 1546 2693 drung.
1567 2657 2549 2788 Das letste mahl von der lincken Seiten, wie
1431 2670 1542 2763 Antlo
1524 2753 2550 2871 Er ihne aber die übrige mahl nidergestoßen,
1541 2842 1868 2964 wüße Er nicht.
1414 2943 2522 3079 Frage, Ob auf diese Stoß hin, der diesen auf den
1540 3041 2571 3172 Bauch oder Rucken gefallen, und wie Er under ihm
1525 3138 1807 3252 gelegen seye?
1426 3227 2377 3357 Ants: Er seye auf die liechen Seiten gefallen.
2363 3349 2532 3471 Brag.
