3024 4032
311 348 398 451 26.
487 372 1391 506 deßthalben Ernstlich zu Rnd gestoßen.
474 477 1397 600 Es habe es aber alleZeit reit gelangnet,
475 580 1416 714 auch so gar mit Bösem Bescheid denen¬
479 676 1453 815 Leuthen begegnet, so ihme etbas dere¬
485 767 1435 899 gleichen zu gemihtet; gleichfalls habe¬
472 874 1400 1003 es solches auch seinem eigenen Vatter
472 984 1438 1097 gelangnet, und so gar auch, als es vor¬
478 1070 1467 1198 etban 3. oder 4. Wochen vor das Wel¬
480 1173 1411 1300 ische Chorgricht dißthalber bescheiden
485 1275 1461 1406 worden; Seinthetlan 14. Tagen aber¬
480 1377 1438 1499 seyn dießem Mensch die angeschinene
464 1476 1455 1599 Schlangerschafft mercklich vergangen,
471 1555 1461 1684 Also daß mar Bald allen Verdacht hhätte¬
463 1672 1461 1800 fahren laßen; Heuth Morgens nun¬
452 1775 1451 1890 Zbischen 7. und 8. Uhren seÿn deß Va¬
462 1866 1489 1991 rlette Gesell zu ihme Deponent gekommen,
473 1957 1482 2080 und habe gesagt, die jüngere Tochter seÿn¬
461 2059 1444 2171 erst bey ihrem Vatter gewesen, und habe
460 2155 1463 2288 ihme etbas gesagt, darüber selbiger sehr¬
461 2264 1434 2364 lamentire. Als nun hierauf Er Depo¬
445 2353 1476 2456 nent herab zu dem Meister Valette ge¬
443 2450 1474 2579 "gangen, habe er ihne in der That ange¬
450 2545 1401 2654 stroffen, daß er sehr getraulret und
433 2639 1464 2770 fast in Ohemacht gefallen. Auf Befra¬
431 2757 1389 2889 egen, habe er ihme verdeüttet, Seine
450 2861 1308 2985 Tochter seyn Kindbetterin worden;
449 2962 1525 3101 Worauf er Beponent die jüngere Tochter E.
459 3057 1443 3186 alsobald nach einer Hebamen geschickt,
461 3155 1474 3277 da selbige dan mit dem Meister Stempfl¬
445 3259 1470 3400 dem Biübr Gshäuber daher gekommen;¬
1259 3457 1361 3559 So
2716 353 2811 435 27
1748 416 2758 560 So habeEr damahlen gehöret, Als Meister
1757 523 2749 671 Sempfl. die Rindbitterin quastionirt,
1758 616 2755 752 Warum Sie jeder Zeit die Schlänger¬
1750 725 2764 855 schafft gelangnet, daß Sie Tagen dörffen,
1755 817 2674 941 Sie habe selbsten nichts darumb ge¬
1764 908 2716 1041 lonßt. Darnach habe sein Fraub der
1763 1005 2743 1141 Kindbetterin einlenig Suppen gebracht
1759 1119 2716 1232 und selbige so gut möglich, verwahren¬
1758 1213 2356 1335 und besorgen helffen.
1871 1375 2671 1531 Abgelesen und bestätiget.
1676 1566 2721 1711 5. Johannes Waldsauser von Ha¬
1747 1677 2718 1805 naul, ein Strumpft Mäber Gesell¬
1745 1757 2743 1903 seith 9. Mochen in Arbeit beÿ Meister
1756 1880 2332 2000 Valette p. declarierte:
1878 2050 2763 2184 Er habe von den Nachbahren offters
1739 2157 2784 2282 sagen gehört, daß diß Mersch schlänger
1751 2254 2723 2368 seÿn, auch habe ihr Vatter sie offters¬
1754 2347 2721 2452 deßthalber zu Red gestoßen; Sie habe
1757 2442 2732 2548 aber alle Zeit solches hefftig gelangnet,
1756 2540 2693 2663 Also daß Er weiters hierüber nichts
1750 2629 2719 2753 büße, auch in Ansehen der Benißt
1757 2727 2689 2856 anders nichts, Als daß sent Mor¬
1764 2827 2604 2951 igens die jüngere Tochter ihrem
1737 2925 2731 3051 Vatter dem Meister Valette etwas an¬
1730 3016 2693 3169 gezeigt, darüber derselbe sehr be¬
1735 3111 2706 3232 trüebt worden; Das habe Er /: ohne
1742 3228 2689 3363 lußend Wases seÿn:/ dem Meister
2516 3343 2660 3499 hun
