3024 4032
496 374 1089 583 Bristen Riener
378 541 1461 684 zbeÿtenmahl seine Außag abgeänderet, so müßte
366 619 1476 776 daraus dennoch dieses abgenommen werden, daß¬
375 702 1477 855 Er vorsetzlich sein Weib also abgethan, oder nach deme
366 796 1456 945 Er es zleschen der Thüren von Sinnen getruckt, er¬
388 870 1379 1036 nachberths mit einem Strich vollendts erbürget.
384 1026 1449 1146 Das könne Er gar nicht bekantlich seÿn, habe auch
370 1129 1429 1240 nicht geglaubt, daß es so übel ablauffen werde, zu¬
363 1202 1434 1320 mahlen Er sein Weib nur zechtigen wollen, daß Es¬
374 1289 1429 1423 beßer folge und gut thun, habe auch nichts anderd¬
371 1388 1459 1493 als bie oben ausgesagt, Hand an daßelbe gelegt¬
362 1474 1373 1624 noch selbiges mit einem Strick vollendts erbürget.
389 1624 433 1677 2
370 1617 1357 1764 Umb bie tihl. Uthr diese leydige That zloischen
268 1632 344 1768 2.
369 1727 1204 1869 ihme und seinem Weib vorgegangen?
389 1883 1427 2016 Ohngefehrt Eine Stund vormittag, könne es aber
274 1861 350 1995 2.
365 1974 859 2111 so praecise nicht sagen.
371 2147 1454 2269 Es verlaute von denen nächsten Nachbahren, daß¬
266 2147 338 2264 B
350 2224 1390 2351 sie sein Weib gegen Mittag /: ohngefehrd umb Elst¬
346 2328 955 2461 Uhren :/) noch gehört schreyen?
265 2466 349 2593 1.
370 2471 1394 2605 Er könne der Zeit und Stund halber einmahl nichts¬
345 2567 1443 2686 anders sagen, als bas hieoben gedacht: Übrigens¬
335 2652 1367 2796 haben ihme die Nachbauren alleheit zbößt geredt.
271 2787 1420 2937 Justirt. Es seye zu Bebunderen und zu bedaugen, daß
346 2879 1454 3019 in denen Bedencklichen Umbständen, in welchen er sich
350 2975 1396 3105 Befinde, Er die Rechte Wahrheit auoch hinderhalten¬
353 3075 1397 3193 Wolle, da doch dieselbe überzeügend genug am Tag¬
352 3156 1438 3278 liege, dardurch Er dann Godt mehreres erzürnen
347 3232 1404 3348 und einschläreres Gericht auf sich laden werde,
330 3311 1413 3442 zumahlen ohne reine Bekandtnuß keine Vergebung
331 3380 775 3517 bey Bott zu hoffen;
1193 3430 1397 3523 Denne
289 386 353 460 12.
283 1052 360 1161 B
1559 1113 1640 1248 2
1825 376 2460 555 Gristen Riener
1643 540 2747 664 Denne seinem Leib nur harte Morter und Kual. zu¬
1645 624 2710 769 gezogen werde, beillen die Umbständt allerwnge
1651 724 2660 846 so beschaffen, daß sein Weib vermittleß eines¬
1652 824 2723 943 Strides mueße erdroßtet worden seyn, und Er
1660 909 2748 1046 auf seine Eigene Erzehlung shin dennoch Ein Mörder
1660 990 2093 1103 seines Weibs seÿe?
1661 1174 2737 1281 Er Erhälte und Betheüre, daß er nicht anderst als
1649 1240 2691 1371 auf oberzehlte Weiz und Mamer Hand an sein
1644 1330 2028 1446 Weib gelegt habe.
1613 1506 2689 1673 Nachdeme aller Vorstelungen und sonstlichen.
1661 1638 2750 1752 Ermahnungen ohngeacht der Belinquent zu keiner
1638 1727 2758 1823 anderen Bekantnuß gebracht berden können, wurde
1636 1801 2716 1924 ihme diese seine Vergicht und Examen lörtlich ab¬
1635 1898 2505 2015 "gelesten, so er durch aus also bestättiget.
1635 1993 2694 2103 Worauf Er bieder an sein Ohrt geführt worden.
1646 2115 2593 2299 AEctum durch Mchl u Großbeibel
1655 2257 2687 2384 Esfinger und Griftschrüiber Batchet in der¬
1643 2345 2719 2483 Oberen Befangenschafft d. 12ten Juniyj. 1751.
2741 328 2805 416 13.
