3024 4032
237 3019 296 3143 3
274 289 420 395 142.
443 431 1444 620 Niclause Zeender, nach vorauß¬
444 560 1400 722 gesetzter Ernstlichen Errinnerung, seine
438 666 1168 799 Außang zu vervollkommen.
229 798 457 972 Befanget
493 849 1434 967 Ob Er niemand gesehen habe schlagen, und
431 946 1454 1063 wer es gewesen, maßen er in der Mitte der
419 1026 1455 1173 Schläger sich befunden, und das meiste bo¬
424 1125 1403 1253 reicht gar alles müße gesehen haben, und
424 1224 905 1348 zu zeugen wüßen.
345 1366 410 1494 d
426 1342 1427 1517 Nachdemme er eine beitläüffige Erzehlung
406 1458 1434 1579 gemacht, welche seinen vorigen Repositionen
407 1532 1422 1690 gleichförmig, und aller Ernstlichen Vermah¬
405 1632 1395 1765 rnung ungeachtet, keine näheren Umbständ
396 1722 1347 1863 von ihme zu vernemmen, wurde Er ein¬
394 1815 809 1936 mahl dimittirt.
375 2107 1373 2268 Elsbeth Janiri, Sendicht zuenders
387 2227 1385 2367 eheweib, so gleichfalls bescheiden, wolte
369 2335 1358 2472 gleichfalls keine müßenschafft hiervon.
358 2451 540 2537 haben.
357 2771 1298 2925 Jans Zeender, in der halten.
346 3006 1401 3210 Ihme seye bewußt, daß Schertz mit dem
322 3145 1380 3301 Schindler in dem Wald, nächst bey seinem
315 3235 1391 3390 Hauß geredet, und benantlich, daß Schw
323 3336 1308 3500 den Schindler gefragt, weilen er doch bey
1264 3433 1381 3555 cter
1616 978 1679 1147 d
2577 388 2712 520 143
1691 520 2612 686 der Sach gewesen, so solle er ihme doch sagen,
1676 629 2658 772 wie es zugegangen, zumahlen Er Scherz eine
1665 712 2612 869 Zeitlang von denen Empfangenen Streichen
2607 785 2647 833 .
1671 796 2679 957 am Boden gelegen, werde also ermahnet, ge¬
1678 898 2189 1023 wüßenhafft zu reden.
1702 992 2639 1141 Er habe gehört, daß der Schern dieses ge¬
1677 1095 2669 1225 fragt: Worauf der Schmidler geantwortet,
1676 1187 2703 1323 Er habe ihne wohl sehen am Boden ligen, Übrigens,
1671 1279 2646 1405 weilen es allzu kunckel gewesen, könte er¬
1672 1367 2605 1492 mit gutem gewüßen nicht zeugen, wie es
1666 1475 1995 1591 zugegangen.
1603 1519 1649 1676 .
1687 1563 2660 1701 ob der Schindler gesagt, Er habe gesehen, daß
1668 1650 2630 1779 der Riesen gesprizt, und mit fueßen ge¬
1656 1740 2639 1860 gstoßen worden. Denne ob der Scherz dem
1662 1819 2691 1961 Schindler eine Außag zugemuthet, so dießer
1660 1921 2676 2056 ihme abgeschlagen, Item ob der Schindler dem
1653 2007 2650 2159 Scherz gesagt, die Sachkomme nicht eintzig¬
1715 2123 1751 2166 e
1665 2108 2599 2248 auf ihne kommen, maßen Er Schindler
1676 2214 2355 2328 noch etwas mehrers wüße.
1613 2303 1676 2420 d.
1686 2308 2627 2450 deßen möge Er sich mit seinem guten
1657 2411 2329 2529 Gewüssen nicht errinneren.
1613 2617 2674 2796 Benzicht Schönig, Verchman
1647 2748 2675 2926 bey Christen Herren in der Kircheren,
1480 2950 2689 3147 befragt: Ob Er nicht donstags den 8ten diß abends
1656 3104 2663 3235 mit seinem Meister und anderen mehr zur
1642 3208 2199 3347 Statt hinauß gegangen?
2484 3376 2605 3492 Hr.
