3024 4032
315 278 469 366 150.
494 432 1474 607 Düßes aber wurde von dem Grauer bek
509 551 1472 712 vermeinet, mit dem zu setz, daß er auf¬
500 638 1292 767 den Streich nicht gesehen Ergehen.
502 743 1453 887 Gleichfalls laugnete er, den Küsten mit
486 825 1077 980 Raht gespricht zu haben.
485 966 1450 1111 Als hierauf der Schindler von dem
490 1076 1470 1224 Graus beschuldiget werden wollen, daß
482 1157 1466 1288 der Scherz mit Ihme geredt, und ihne und
466 1261 1447 1401 kundschafft angesucht, damit vielleicht
480 1360 1284 1479 Unschuldige ins Unglück kommen.
479 1450 1448 1600 Erbinderte der Schwister, wie kanst
479 1558 1435 1671 du mir dießes vorwerffen, da doch der
461 1633 1377 1790 Schertz ein gleiches gegen die gethan?
501 1738 1447 1887 Welches der Grauer Endtlichen
445 1856 1440 1978 eingestanden, doch mit dem gesatz, daß
446 1954 1420 2075 der Scherz nicht Expresse von deßwegen
421 2048 1419 2172 zu ihme gekommen, sonderen nur un
425 2141 1201 2280 Vorbey gang mit ihme geredet.
227 2289 482 2459 bung Ara
497 2284 979 2425 die Schindler.
423 2421 1429 2533 Aus denen Oberzellten Umbständen müße
418 2503 1377 2632 nothwendig folgen, daß kurz, nach demme
395 2586 1415 2721 er mit dem Graus gezancket, der Ruesten
398 2690 1353 2824 Vors lezte mahl müeße geschlagen und
383 2789 1414 2929 undergemacht worden seyn, müeße also
389 2884 1420 3026 den Eint, oder Anderen gesehen haben, Wie
374 2966 1420 3137 und von Wein derselbige geschlagen worden.
314 3106 376 3221 .
385 3111 1406 3244 Er seye also mit dem Graube auf der Räthen
377 3197 1407 3337 deß Wegs fort gegangen, da habe er auf
365 3297 1429 3426 der Anderen Seithen gehört mit Stecken schlage
1264 3384 1427 3550 Hochge
2643 321 2751 425 151.
1676 485 2706 646 habe ihne geduncket, Es seyen beyde Zug¬
1673 583 2715 736 Worauf Er zu Ihnen gesagt, fürsch laßt
1688 683 2714 819 das gelten, Es geht zu grob, darauf der
1685 781 2706 905 Klauß zugen ihme geantwortet, sein, er¬
1675 877 2675 1010 geht nit zgrob, darauf Er seiner Wegs
1669 975 2155 1094 weiters gegangen.
1738 1068 2075 1220 din Brauw.
1535 1128 1702 1254 Baag an
1685 1174 2720 1323 Was ihme über diese Umbstand bekant seyn,
1691 1278 2649 1429 maßen Er bey und mit dem Schiedler gebe¬
1673 1377 1828 1519 schen.
1595 1497 1661 1603 3.
1687 1496 2666 1641 Er gestehe, daß im vorbeygehen Er gehöret
1667 1599 2668 1711 schlagen, habe sich aber nicht aufgehalten noch
1676 1674 2610 1805 umb geschaubet, auch nicht gehöret, was
1656 1765 2689 1910 Schindler hierben mit seiner Unterredung
1676 1858 2336 1990 mit denen Juge außgesagt.
1658 1967 2722 2104 Er laugnete gleichfalls, daß auf das abwehren
1679 2046 2658 2187 deß Schindlers wegen dem Spritzen, er¬
2658 2106 2703 2150 .
1667 2145 2683 2290 demselben erwiederet, das mache nit, Mann
1662 2246 2403 2380 es schon für den Richter käme.
1668 2335 2687 2492 bliebe im Übrigen, bey seiner Hievorigen
2571 2465 2621 2513 .
1678 2441 2584 2573 Außaag, daß er schon hieher dem
2618 2534 2647 2600 .
1661 2517 2616 2653 Höltze gesehen, daß die beyden zug
1676 2601 2679 2740 mit Stecken verschiedene Streichen auf
1667 2694 2664 2822 den Ruesten, von hinten zugeschlagen, all¬
1652 2796 2609 2938 dieweilen der Scherz denselben von der
1663 2879 2100 3026 Seithen gestoßen.
2452 3219 2595 3333 Alber
