3024 4032
217 363 344 454 238
287 421 382 497 von
314 487 368 586 2.
309 768 380 875 3.
317 971 363 1076 3
259 1252 361 1358 7
400 370 1336 501 Wegen Hieronimus Röhler
400 490 1366 613 Er habe von Muß Kohler gehört sagen,
389 569 1346 711 der Herr Jesus habe ihme schon längsten
383 679 1271 801 gesagt, Er solle nicht mehr arbeiten.
392 772 1369 906 In denen Bücheren lesten seyn auch nichts
380 872 525 965 mehr
405 951 1383 1096 das Predig gehen trage auch nichts ab
363 1064 1361 1202 es seye nur ein lähres Maul geschwänz¬
370 1184 1373 1375 Gristen Dubi, der chortlich
368 1337 1325 1468 ter zu Zimmerwald bestätigte obige¬
365 1442 852 1576 Deposition dahin:
535 1527 1367 1697 daß er obgereden öffters
363 1640 1346 1773 hin und her gehört, in ihren Versamb
356 1739 1115 1856 kungen seyn er nie gewesen.
1155 1835 1243 1899 5
352 1836 1304 1956 Wohl habe er auch gestern von 2. Chor¬
1303 1835 1333 1966 .
350 1928 1363 2062 Richteren, Christen Schmutz und Frie¬
352 2017 1376 2143 derich Schirren von Zimmerwald ge¬
331 2107 1275 2248 hört, daß sie sich geklagt, daß sie die
333 2193 1280 2345 Vhorrichtere ihre Haußhaltungen schier
1282 2247 1312 2330 .
346 2307 1354 2438 nicht mehr in der Ordnung behalten mögen,
338 2405 1348 2546 weilen ihre Leuth auch den Kohleren nach¬
340 2479 1343 2613 glauffen wollen, und sie alle Mich gehabt,
346 2582 1245 2707 dieße ihre Leuth davon abzuhalten.
389 2675 1324 2804 dler Schirren habe beygefügt, Als er¬
328 2767 1345 2900 im Früchling zwey Jahr, zu Acker gefahren,
315 2867 1318 2997 haben diese Schwerinner zu ihme und
314 2956 1304 3103 seinen Leuthen gesagt, Ob sie diese
327 3037 1333 3208 Speiß mit sich in die Eldigkeit nemmen wollen
313 3146 1337 3291 das End seye vorhanden etc. So daß ver¬
307 3252 1269 3384 schiedene seiner Arbeiteren würcklich
303 3342 689 3472 davon gegangen.
1099 3377 1237 3522 8.
1443 2965 1549 3076 f.
1441 3149 1576 3269 Ankl.
2495 389 2593 476 239
1492 341 2536 562 vensten Hieronimus Roster¬
2240 551 2345 619 11.
1515 542 2574 739 e. Hans Wiett, von dengglen etc.
1588 637 2593 806 Kilchhöri Kunggisperg, als 37. Jahr
1665 737 2562 888 Nach vorläuffiger Exportation
1579 843 2546 978 zu reden, Was ihme von denen Gebrü¬
1573 941 2515 1081 deren Christen und Meß Kohler,
1582 1045 2509 1188 kehr und leben bekan̄t seyn. Und
1454 1143 2585 1306 hefragt: Ob Er zeugen könne, daß die Bey¬
1576 1242 2568 1385 den Brüder, Christen und Muß Kohler
1570 1343 2556 1465 seith ihrer Bannisation wieder hier¬
1578 1439 2407 1606 zu Land sich haben sehen laßen?
1634 1594 2520 1773 Ja. Er habe selbige im Jenner 1751.
1455 1655 1597 1781 Antl
1573 1724 2512 1880 zu Brügglen gesehen, Als sie sich bey¬
1583 1817 2542 1964 Chorrichter Stubis Hauß angemeldet.
1569 1914 2562 2073 Da haben selbe sich auch gar unfreündlich
2519 2013 2557 2068 .
2477 2009 2507 2064 s.
1570 2008 2606 2161 gegen ihme erzeiget, und aus Meinung
1574 2084 2592 2242 Er habe Ihnen helffen diß Anglück zu¬
1576 2196 2578 2330 Ziehen, alles Unheit und fluch gewün¬
1570 2309 1729 2430 gesehet.
1587 2383 2569 2513 Seithero habe er selbsten selbige nit gesehen
1581 2472 2571 2608 wohl aber vielfaltig gehört, daß sie der¬
1575 2561 2582 2725 Enden sich von Zeith zu zeith sehen laßen.
1684 2643 2580 2774 Darüber denn Christen Marti und sein
1581 2743 2577 2904 Weil von gedachten Brüggler zu vermeine
1576 2859 2255 2986 wären, neben anderen mehr.
1577 2917 2577 3093 Ob Er Deponent sich auch in der Köhleren¬
1583 3028 2247 3182 Versamblung einbefunden.
1606 3122 2572 3269 Ja, vor der Bannisation, habe er sich.
1566 3217 2514 3357 öffters eingefunden, seithero aber, und
2416 3310 2523 3387 da
