3024 4032
256 2844 351 2945 D.
326 2203 388 2318 I
304 2561 387 2677 d
312 283 435 384 132.
398 791 472 887 g.
389 1050 454 1156 3.
488 295 572 380 Pfar
466 305 1462 500 2. Examen mit Vieronimus Regi¬
487 442 1447 570 gegangen. Habe wohl gewahret, daß der
491 521 1438 649 Scherz schon damahls, als er den Zallme¬
475 597 1430 736 eren das Meitlin weggenommen, böß ge¬
482 666 1408 807 wesen und auf Unglück umbgegangen.
497 772 1417 904 War er seithar dieser Sach halber für ver
472 863 1443 1009 terredungen gehalten mit seinem Bruder
469 947 814 1054 und Anderen.
481 1015 1441 1169 Sie haben durch gehendts viel von dieser
455 1116 1411 1245 Sach geschwätzet, insonderheit als von
437 1208 1423 1342 seithen deß Riesten Freundlichkeit ge¬
452 1292 1408 1423 sucht werden wollen, Alsdann seye der
454 1377 1441 1506 Schertz zu ihme und seinem Bruder gekommen
455 1470 1412 1587 und habe sie wollen verleiten mit ihme
437 1557 1429 1692 einzutretten; Worauf sie geantwortet,
428 1652 1433 1786 sie haben keine Ursach, sintemahlen sie
427 1742 1433 1870 keinen Antheil an der Schlägeren haben.
426 1837 1393 1961 gleichwohl habe er gesagt, mit gesoffen,
407 1933 1414 2058 Mitgeloffen, und sich heraußgelaßen, sie
407 2024 1381 2145 sollen ihme die würde auch helffen tragen,
1384 2072 1438 2122 .
395 2105 1267 2227 sie haben aber nicht eintreffen wollen.
1265 2173 1298 2205 .
419 2221 1395 2339 Ich er nicht zinstags nach die Schlägerey zu
389 2306 1350 2435 der Wittib Schindler gegangen und ge¬
389 2389 1406 2515 esagt, der Scherz solle sich reißfertig machen,
376 2479 1059 2600 sie wollen sich fort begeben.
391 2574 1410 2700 Er seye nicht hingegangen, vielleicht möchte
383 2662 1383 2802 es sein Bruder gethan haben, maßen er
367 2750 1219 2875 öffters in dieses Hauß gegangen.
383 2834 1398 2974 Man̄ schon keine Zeugen wieder ihne auf¬
349 2930 1380 3065 zubringen wären, wie deren doch ihme vor¬
339 3014 1298 3135 ugestellt werden sollen, so habe er unter
347 3104 1393 3233 anderem sich damit verstrickt, daß er zu
330 3189 1297 3330 glauben machen wolle, Er Inquisit habe
346 3267 1346 3415 nur dem Scherz zugefallen gesagt, daß
1243 3381 1321 3451 Er
1590 2470 1636 2581 g
1585 2862 1653 2974 I
1605 1691 1648 1782 .
1592 1012 1653 1114 9
1593 2043 1662 2153 .
1616 1281 1672 1381 d
1616 768 1672 856 I.
2661 312 2772 405 139.
1648 311 2675 535 Sr. Examen mit Gieronimus Jugi.
1664 474 2632 610 Er den Küsten geschlagen, inmaßen kein
1678 570 2738 717 Grund auß zudencken, warumb Er Inquisit
1683 637 2053 763 dießes gesagt:
1697 735 2647 858 Es seye doch so, daß er Inquisit weder ge¬
1672 837 2726 947 schlagen noch gesehen schlagen, mithin habe
1685 898 2652 1021 er nur dem Scherz zu gefallen also geredt.
1679 991 2743 1097 Ob er nicht auch im Sinn gehabt, oder ihme von
1660 1077 2694 1214 seinem Bruder Eröffnet worden, daß selbiger
1656 1154 2400 1255 fort und zum Land hinaus wolle?
1678 1247 2724 1376 Nein, weilen er ein gutes gewüßen habe, so
1661 1337 2722 1459 seye ihme der Sum nur nicht daran gekommen,
1668 1409 2724 1547 Ob seinem Bruder etwann von dem Scherz der
1647 1512 2653 1649 gleichen beygebracht worden wäre, möge
1661 1587 2019 1714 er nicht wüßen.
1678 1674 2737 1807 Was er mit dem Stöcklin auf dem Platz, wo¬
2660 1769 2688 1815 .
1654 1770 2721 1900 die Schlägerey sich verloffen, geredt habe, und
1649 1861 2738 1986 ob Er demselben nicht verwißen, daß er es mehr
1645 1939 2618 2086 mit den Stallmerin als Könitzeren halte?
1683 2049 2644 2177 Hieran Erinnern er sich nicht, und könne
2648 2067 2701 2133 .
2614 2167 2654 2207 .
1654 2127 2615 2240 diß umb so da weniger wahr seyn, als er
1658 2205 2649 2330 nichts mit der Schlägerey zu thun gehabt.
1658 2297 2715 2423 mithin sich weder zu der Einten, noch anderen
1645 2377 2134 2506 Parthey geschlagen.
1670 2486 2728 2602 Vermit ihme nach der Schlägerey in das Wuhrt,
1648 2572 2700 2709 Kauß zu Könitz gegangen, und ob sie sich
1642 2663 2710 2779 nicht mit Einander von dieser leydigen Sach¬
1636 2757 1912 2849 geredet
1685 2844 2725 2985 der Scherz und Herren, nebst Peter Herren
1651 2937 2706 3048 in dem Graben, haben aber weder auf dem
1647 3028 2660 3165 Weg, noch zu könitz in dem Wehrths hauß
1650 3133 2209 3240 nichts hievon geredet.
1723 3284 2642 3426 Da nun alles Ernstlichen Zuredens
2424 3380 2697 3490 ungeachtet
