3024 4032
362 3238 405 3323 .
351 2854 415 2962 d
337 351 443 427 110.
394 2057 443 2143 9
397 2229 444 2331 d
367 2338 435 2427 G.
419 1331 485 1429 d
411 1624 473 1742 .
416 1891 460 1995 d
398 914 477 1017 I.
698 326 1048 511 Saamen
806 491 897 536 mit
1148 512 1396 634 deß obigen
483 509 1135 656 Niclaus Hugi
1394 524 1480 640 .
506 620 1117 732 Bruder, aetatis 22. Jahr zu
626 766 1272 879 Praemissa Exhortatione.
1269 789 1316 881 .
507 882 1461 1013 Wie Er mit seinem Bruder und denen Anderen
497 975 1467 1087 zur Statt hinauß gegangen, werde er also auch
482 1074 1483 1166 gesehen haben, wie es zugegangen, als der
482 1139 1464 1246 Scherz denen Gallmeren das Meitli von der
484 1215 941 1326 Seiten weggerißen?
519 1305 1471 1421 Er habe zwar wohl gesehen, daß der Schertz obiges
475 1383 1434 1507 Meitli zu sich gezogen, seye aber nicht so nahe
497 1473 1456 1579 darbey gsin, daß er gehöret, was da gere
483 1549 742 1635 idet worden.
506 1620 1463 1759 Ob er hiehar dem Meistenstein Holzli nicht
485 1689 1411 1824 auch geholffen die Ballmer stoßen und an¬
1414 1760 1460 1798 .
476 1791 727 1909 greiffen.
490 1866 1420 1997 Er habe selbsten nicht gestoßen, seye aber
467 1968 1354 2059 von Anderen an sie gestoßen worden.
482 2046 1459 2162 Wie nachwerths die Schlägeren im Müßin¬
461 2145 1092 2262 Stein Höltzl, hergegangen?
475 2232 1458 2337 das wüße er nicht und habe kein Theil daran.
464 2313 1429 2451 Wie er doch so frech laugnen dörffe, daß
437 2407 1395 2526 er kein theil daran genommen, da doch das
440 2493 1481 2589 Wiederspiehl würcklich am tag lige, und er
449 2567 1417 2695 nicht nur von allen, so darzu gekommen, als
445 2644 1467 2782 gegenwärtig angeben, sonder als ein Thäter¬
423 2738 780 2876 verzeigt seyn.
456 2831 1460 2987 Er gestehe, daß er von anderen an die Ball¬
430 2920 1451 3064 emer gestoßen worden, von selbsten aber habe
424 3023 1449 3153 er weder gestoßen noch geschlagen, das
427 3080 1479 3246 könne er bey seinem guten geleißen zeugen
433 3208 1422 3357 Wann er dann gesehen, daß geschlagen habe.
406 3313 1453 3445 sintemahlen er von Anfang darbey gewesen
1351 3411 1434 3536 .
1656 601 1709 701 d
1566 857 1738 965 Instiert.
1646 1312 1712 1450 3.
1647 1523 1696 1594 3
1648 2290 1712 2391 z.
2728 344 2811 408 174.
1787 390 2453 551 Niclauß Gugg
1745 579 2795 708 keinen Menschen habe er gesehen einen Streich schlagen
1736 662 2699 775 als allein den Niclauß zeender, welcher dem¬
1726 745 2291 852 Scherz einen Streich geben.
1769 832 2729 969 Er gebe die Wahrheit nicht hervor, seiner eigenen
1730 910 2713 1044 Geständtnuß nach, söge er von Anfang biß zu
1729 993 2773 1117 End, bey dem Streit und Schlägerey gewesen, und sey
1727 1082 2732 1195 über das über ihne außgesagt, daß er selbsten
1700 1148 2780 1274 Streichen mit der Haus geschlagen, und dennoch wolle
1728 1234 2318 1348 er von allem nichts wüßen.
1728 1312 2748 1419 Er könne einmahl nichts anders sagen, und bleibe
1720 1410 2331 1531 darbey mit gutem Gewißen.
1727 1484 2730 1623 Wie er endtlich vorgeben dörffe, daß er wegen
1705 1580 2769 1707 fünstere der Nacht niemand gekennet, da doch ihrer
1716 1678 2703 1794 eigenen Erzehlung nach umb 9 Uhren oder gar
1717 1753 2750 1871 nicht lang hernach diß alles sich verloffen, An¬
2515 1849 2548 1887 d
1711 1835 2742 1960 bey auß seiner Eigenen und seiner Cameraden
1711 1924 2738 2055 vergicht durch aus erhale, daß sie die Zallmer
1703 2012 2764 2146 1. Obwohl ganz gleich gekleidet, wie die Königer
1710 2092 2697 2226 gar wohl zu unterscheiden und zu kennenger.
1701 2189 1937 2322 glaufft.
1729 2295 2748 2437 Er habe den Scherz an der Stun gekennet, sonsten
1705 2388 2052 2490 aber Niemand.
1824 2475 2423 2629 Abgelesen und bestätiget.
1679 2610 2712 2743 Nachdeme dieser Inquisit nach einer Engeren.
1693 2702 2709 2816 Gefängnuß geführt würde, begehrte Er wie¬
1702 2782 2736 2883 dermahlen verhört zu werden, und declarierte
1705 2864 2727 2997 von sich selbsten, daß er dem Riesen im Weißen
1685 2950 2750 3069 Stein Soltzlin nachgegangen, und im Vorbeygehen
1700 3027 2741 3146 2. Streich mit der Haust auf ihme geschlagen, darauf
1693 3107 2744 3242 er, darvon gegangen, vor dem Höltzli außen nun
1693 3185 2670 3301 habe er den Scherz angetroffen, welcher sein
1689 3258 2736 3361 Meßer offen in den Händen gehabt, so er ihne
1695 3337 2397 3457 geheißen wieder in Sack stoßen.
1723 3377 2700 3523 Endete darmit seine Außaag, und wurde
1731 3468 2384 3582 wieder an sein Ohrt geführt etc.
