3024 4032
189 385 304 463 e
235 451 374 587 1753.
314 915 388 1050 d
209 1169 359 1315 befragt.
200 1373 363 1467 Antwort
412 442 1387 612 den 27ten Januarii auß Specialem Befelche
401 558 1367 699 MGGHH. der Rahten von heutigem Lato etc.
404 661 1373 797 durch meine gnädiger Herren Großweibel Edinger und Gricht
391 753 1393 914 schreiber Gatschet im großen Spital examiniert.
428 882 1385 1072 Albrecht Menger von Rüttligen
446 1031 1412 1168 atatis 25. Jahr, verheürahtet und habe ein Kinde.
419 1195 1380 1356 seith wann, und auß was Ursachen Er allhar ge¬
453 1291 700 1376 kommen.
409 1385 1398 1512 Er seye letzt verwichenen Donstag Abends mit seinen
395 1480 1391 1621 Cameraden hier in der Statt angekommen, in Absehen
371 1563 1349 1709 MGGHH. eine Supplication einzugeben,
376 1665 1355 1792 ansehend die Elsbeth Kißlig, so im Schallenwerk
382 1783 1342 1889 enthalten, welche begehrte verhört zu werden
371 1865 1397 1977 zumahlen Sie noch niehmahls examinirt worden,
372 1957 1358 2083 zu deme höre, daß Sie von dem Gefangenen
367 2041 1381 2181 Murß Kohler unkeüscher Gemeinschafft beklagt,
365 2144 1355 2271 auch anderer Sachen belästiget werde, deren Sie
364 2244 883 2364 nricht bekantlich seyn könne.
1076 2247 1378 2376 deßtwegen der
347 2330 1389 2452 Kißlig Bruder eine Supplication aufsetzen laßen,
357 2428 1338 2566 mit welcher Er denselben vor Ihr Gerader
349 2521 1344 2655 Audienz begleitet und access begehrt, als Sie
352 2626 1367 2748 aber denselben nicht erhalten, und bey erfolgter
342 2721 1354 2840 Gelegenheit dieser Meinen herren Rahtsherren von
342 2819 1345 2938 Muralt, den er Münger, von seiner erschei¬
334 2903 1378 3012 eerung vor Mühe der Religions-Com̅ission
341 3001 1393 3139 kenne, erzellet, habe Er auf seine gethane Anfrag, ob
333 3114 1381 3224 Sie nicht diese Supplication durch in gnädigen Herren den heimlicher
324 3194 1381 3333 oder sonsten prosentieren könten. Endlich geantwortet,
332 3292 840 3411 Sie können probieren.
1479 482 1582 647 Frag
1453 703 1594 791 sunt port
1454 1148 1570 1297 Mag
1445 1529 1595 1634 Introsti
1431 2270 1554 2419 Spag.
1414 2651 1577 2754 Auront.
1424 3114 1544 3268 Arg.
2520 441 2606 509 22.
1631 517 2588 678 Ob seith diesem Er nichts etwan gethan, welches MnGHH.
1644 609 2114 741 möchte mißfällig seyn?
1643 701 2575 852 Mit seinem wüßen und Willen habe Er einmahl
1620 792 2594 963 nichts Solches gethan, zumahlen Er wohl wüße, daß Er
1599 896 2596 1029 schuldig und verbunden seye seiner hochen Oberkeit, als
1615 986 2587 1128 von Goth gesetzt, zu gehorchen, in allen ihren Gesatz¬
1608 1071 2037 1189 und Ordnungen
2534 1185 2581 1259 5
1627 1169 2590 1316 Ob Er in Folg dieser seiner Erklärung MnGHH. und
1603 1254 2568 1392 Oberen Geboth und verbott schuldiger maßen, und
1585 1363 2554 1487 Gehorsamst unterziehen, und dieselben Gehorsam
1595 1456 1883 1573 befolgen wolle.
1884 1460 1945 1573 3
1654 1550 2583 1671 da, darzu seye er erbietig, und solle ihne Niemand
1597 1637 2570 1770 darvon abziehen, unter was vorwand es immer seyn
1594 1745 2554 1866 möge, zumahlen er auch seyn heil und Seeligkeit
1583 1822 2561 1948 nicht bey den Menschen oder einichem Anhang, son¬
1595 1921 2585 2050 deren von Unserm Heiland allein zu suchen begehre
1580 1995 2582 2134 auch in allen Gelegenheiten Militarischen Befelchen
1587 2094 2582 2240 und Kirchen-zucht sich allerdings unterworden, und noch
1578 2197 2083 2313 ferners nachleben wolle.
2090 2223 2121 2296 .
1600 2263 2551 2420 Ob und besonders Er das offentliche Lehr und und
1583 2367 2560 2502 Gottesdienst in schuldigen Ehren gehalten, so wohl für
1572 2484 2536 2604 sich selbsten, als Andere, mit denen Er darüber
1580 2571 2067 2691 möchte geredet haben.
1625 2646 2557 2791 Ja, obwohlen Er glaube und ohngeschrecht sage, daß
1576 2760 2541 2879 der offentliche Gottes dienst die Sach deß Heils nicht
1567 2850 2545 2975 außmache, sondern darzu fürnehmlich der zuver¬
1558 2943 2569 3073 tliche dienst und brunstige Liebe Gottes erforderet
1569 3028 1696 3131 werde
1589 3106 2514 3270 Er stelle sich dar als ein Gehorsammer Unterthan
2386 3238 2544 3343 3. etc.
1581 3214 2380 3331 und als ein treuer kind der Kirchen
2491 3354 2559 3436 Ob
