3024 4032
297 274 406 346 134.
501 285 614 368 Pfer
490 293 1430 498 Examen mit Vieronimus zug
508 437 1446 603 ungeachtet der Inquisit keine mehrere
493 534 1430 673 Umbständ eröffnen wolte, wurde ihme
496 626 1447 775 diese seine Vergicht abgelesen und be¬
485 722 1444 850 stätiget, nach werths dann wieder an
473 804 1282 966 zem gefänglich ohrt geführt.
1418 441 1459 512 7
1588 1981 1653 2086 d
1585 2114 1654 2258 d
1591 2230 1648 2340 8
1586 2574 1645 2676 d
1560 2761 1638 2856 .
1589 1472 1654 1584 d
1608 705 1667 845 H.
2687 260 2812 394 135.
1733 346 2474 543 zweytes Examen¬
1957 483 2063 564 mit
1683 527 2378 710 Christen Firsch
1693 690 2714 811 Schon in vorigen Verhören seyn ihme die Wich¬
2681 811 2713 855 .
1664 771 2680 903 etigkeit der Sach, und daß er die daherige
1658 860 2773 1016 Wahrheit rechen solle, vorgestellt worden, gleich¬
1662 931 2746 1097 wohl habe er sich hartnächtig bezeiget, und von
1674 1055 2767 1186 allein nichts wüßen wollen. Solchemnach werde
1665 1141 2769 1298 Er nochmahls gütlich Ermahnt aus zu reden, was
1681 1220 2706 1370 er hierumb wüße, und wie weit er sich theil e
1653 1335 2104 1464 häfftig gemachet.
1682 1431 2755 1595 Er seye nicht von Anfang her dabey gewesen,
1675 1520 2770 1662 und einzig gegangen, sonder erst dazu gekommen
1656 1603 2672 1756 als Scherz seinen rechten Guth geforderet
1656 1700 2781 1809 habe nichts anders gesehen, als daß Niclauß
1654 1785 2740 1909 Gugi mit der hauß jemandem einen Streich
1660 1862 2694 1995 gegeben, wovon derselbe zu Boden gefallen.
1667 1951 2699 2095 Er habe sich doch beruhmbt, und dem Scherz ge¬
1669 2048 2689 2172 sagt, daß er bras drei geschlagen habe?
1672 2145 2642 2275 Stein, der Scheiz möge sagen, was er wolle.
1675 2242 2702 2387 ob nicht wahr, daß während der Schlägerey
1654 2321 2743 2455 der Peter Schindler von Oberschürli ihme und
1653 2408 2706 2532 dem Knecht von Zumen Hauß gesagt, laßt
1649 2484 2358 2613 das Gelten, Es gehet zu grob.
1678 2577 2714 2728 Da, Er glaube dem seye also, doch seye dieses
1656 2658 2361 2794 nach der Schlägerey geschehen?
1661 2747 2687 2911 Wie er sich dan der Richts verhandlung und
1650 2853 2743 2980 Unpartheylichkeit verehmen könne, da er auch
1642 2920 2704 3074 diese Vernünfftige Vermahnung hin nach dem
1642 3006 2443 3140 Schindler gegriffen und gestoßen.
1586 3098 2697 3268 R. Er habe ohne Ursach dießes gethan, und seye
1627 3219 2770 3354 so gleich von denen Anwesenden gescheiden worden.
2492 3401 2766 3516 Instiert
