3024 4032
237 2190 305 2302 H.
227 356 355 446 232.
245 455 349 605 ven
258 683 353 783 5.
215 953 361 1098 fang
212 1236 346 1350 Antl
237 1624 322 1741 S.
424 362 1290 547 Grortgesetzte Informationen
375 494 1352 636 Wegen Hieronimus Röhler
395 626 1389 823 Anna Sachmann von Nieder¬
355 771 1293 891 Mülleren, ledigen Stands, bey 30.
355 860 672 989 Jahren Alt¬
406 954 1405 1081 Ober mit den Muß kohler und deßen
361 1053 1310 1209 Bruder auch bekantschafft und Umb¬
348 1151 720 1272 gang gehabt?
393 1245 1376 1399 ta: Ehe sie bannisirt worden, seithero
362 1364 1381 1477 aber nicht, habe sie auch selbsten seithero me¬
351 1438 1370 1586 gesehen, wohl aber von anderen Leuthen ge¬
352 1535 983 1666 rhört, daß sie da gewesen.
359 1622 1381 1750 Also seye es in ihren Versamblungen ge¬
352 1723 1299 1868 wesen, Solle also von gewüßens wegen
341 1820 1281 1950 und aus Gehorsamb gegen eine Hohe¬
1278 1878 1341 1945 .
326 1900 1346 2038 Oberkeit außaagen, was ihme in dieser
314 1993 1366 2136 Köhleren Lehr und Wandel, Bekant wor¬
316 2103 1212 2247 rden, so ihns anstößig beduncke
338 2197 1348 2328 Sein vorhaben, als es zu ihren Versamb¬
320 2294 1351 2437 glungen gegangen, seye Gut und Anschul¬
319 2397 1328 2518 edig gewesen, zumahlen es in einem auf¬
304 2476 1363 2628 grichtigen Vorhaben gestanden, sich von
316 2574 1330 2737 der Welt abzusonderen, und nach dem
296 2675 1352 2814 Mort Gottes seine Bekehrung und zu¬
299 2795 1324 2915 eligung zu würcken. Auch habe es in¬
293 2882 1301 3025 Anfang nichts als gutes gesehen und
298 2994 1311 3089 gehört, Nachdem es aber wahrnemmen
301 3088 1333 3198 müßen, daß dieser Leuthen Lehr und
298 3167 1315 3311 geben auf Volbringung sündlicher Aus¬
295 3282 1342 3419 abgesehen, seyn Es erschrocken, und habe
268 3368 968 3516 sich von Ihnen abgewendet.
1111 3408 1320 3552 frag
1436 1191 1544 1298 Acht
1466 1692 1525 1781 A
1474 1867 1538 1982 2.
2502 247 2656 367 233
1463 253 2544 517 ledigen Vieronimus Röhler
1569 416 2607 580 da sie droben in seinem Heymath mit ein¬
1464 514 1527 622 1.
1549 517 2634 694 ween so liebreichen und frommen Seelsor¬
1549 636 2632 809 iger versehen, wie ihme können zu Sem¬
1558 722 2636 872 kommen, einen anderen Verg zu suchen,
1553 834 2628 970 sein Gul zu würcken, als den, so der
1545 923 2580 1091 selbe zeige, und mit Lehr und Handel¬
1555 1046 1814 1179 bbeiche
1570 1125 2604 1282 Wie es jetz gesagt, seyn der Anfang gar
1545 1234 2647 1376 ggut gewesen, Es habe ihns gedunckt, es seye
1556 1335 2610 1460 da bey diesen Linthen eine wahre Erbeck¬
1551 1435 2617 1577 rung, zu demme seye auch die Reus gewige
2409 1568 2450 1633 .
1546 1540 2407 1672 keit etwann daran Schuld gewesen.
2564 1690 2596 1753 .
1568 1637 2562 1799 Wie es dann begriffen, daß dieser Sachen
2077 1757 2112 1797 e.
1552 1763 2313 1884 nicht auf richtigem deß seyen.
1568 1852 2523 2006 Es habe sich müßen anstoßen an ihrer
1564 1932 2554 2066 Kehr und Leben, zumahlen beyde Kohler¬
1549 2016 2587 2162 sich einer besonderen und Hohen Offenbah¬
1548 2118 2590 2256 erung berühmet, darbey aber ihme Repo¬
1542 2227 2586 2360 quentin zu verschiedenen mahlen Unzucht
1565 2313 2588 2434 und fündliche Merck zugemuthet, und als
1558 2403 2601 2551 es sie darüber aus Gottes Wort bescholten
1548 2494 2535 2636 haben sie ihme gesagt, Es verstehe das
1563 2592 2548 2729 Mort Gottes nicht, Es thute beßer, er
1564 2723 2079 2826 wurde es nicht lesen:
1563 2779 2596 2920 Das Verbott der Furwey gehe die nicht an,
1564 2901 2310 3010 so under der Gnade seyen zu¬
1561 2985 2558 3122 Auf dießes, und anders mehr, seyen
1569 3084 2590 3209 ihme die Augen aufgegangen, und habe
1558 3179 2584 3317 es diese Leuth verlaßen, Seye aber also¬
1571 3266 2599 3410 von ihnen verfolget worden, daß es nicht
2427 3346 2600 3474 fellich
