3024 4032
208 340 333 438 298.
372 445 1431 589 Seinen harten, ohnbesonnenen, Küsterlichen
377 522 1412 675 Reden Gott im Zimmel schwärlich beleydiget,
377 610 1428 756 und die Menschen empfindtlich geärgeret habe,
195 710 359 816 Untw.
437 706 664 856 Achja.
202 801 404 936 befragt
484 831 1395 957 Ob er auch erkenne, daß er mit werden
389 902 1405 1036 der unmäßigkeit und unreinigkeit vor
368 983 1376 1121 Gott und der ehrbahren welt sich stinkend
375 1078 690 1168 gemachet.
197 1159 346 1257 Antw
416 1182 1386 1293 Ja, darüber lige er jetz in großer
378 1244 1102 1362 finsternuß und Traurigkeit.
198 1371 370 1497 befragt,
438 1374 1328 1489 Ob er jetz erkenne, daß under dem
367 1460 1343 1582 nahmen der Geistlichen Freyheit, er die
348 1535 1384 1677 Seelen zu einer höchst schädlichen fleischlichen
348 1631 1334 1745 freyheit, und zu einem unordenlichen
343 1699 941 1828 Leben verführet habe?
182 1800 339 1889 Ant.
412 1805 1193 1945 Ja, das erkenne er jetz wohl.
169 1911 381 2041 befragt.
432 1929 1285 2026 Ob er dann jez Seine harte reden,
335 1988 1337 2113 Seine falsche Weißagungen, seine schädliche
328 2072 1324 2189 Lehren und unreine Wercke von Herzen
328 2147 569 2265 bereute.
347 2246 1350 2383 Ja, das alles seye ihm von hertzen leyd¬
146 2260 293 2374 Uso.
135 2360 334 2493 befragt
389 2378 1323 2497 Ob er sich deßhalb vor Gott und der
317 2455 1342 2593 welt straffbar erkenne, und sich dem Gericht
317 2542 1335 2676 Gottes und der Menschen als schuldig under¬
327 2624 521 2728 werche
140 2713 282 2805 Etw.
323 2705 1350 2842 Ja, erstelle sich dar als ein armer Sünder.
126 2811 315 2957 befragt,
371 2813 1309 2970 Ob er wünsche, daß diese Seine freunde
298 2929 1347 3041 dasjenige, was er jetz bezeüget, zu ihrer
302 3019 1357 3128 wahrnung nemmen, sich vor allen irrwegen
281 3101 1332 3208 hüten, und sich lauterlich an das Göttliche
281 3175 645 3285 wort halten.
290 3245 1180 3386 Ja, das wunsche er von hertzen.
97 3255 256 3357 Ant.
1472 1371 1587 1452 Anttwo
2538 444 2650 541 299.
1477 483 1674 612 befragt
1710 492 2585 653 Ob endtlich er auch verlangen, daß
1630 590 2591 718 gegenwärtige Seine freund diese Seine
1625 644 2612 808 bekantnuß auch anderen seines Anhangs
1600 732 2597 857 sagen; Er habe alle seine Irrthumber
1625 788 2517 935 widerruffen, Er seye ein Armer und
1605 880 2587 1000 elender Sunder worden, der von Herzen
1611 953 2595 1109 Gnade suche, und vermahne Sie samtlich,
1610 1042 2585 1165 daß Sie nach der Vorschrifft des Evangelii
1612 1105 2584 1244 und nach anleitung unsers offentlichen
1599 1191 2574 1321 Gottesdiensts, in der wahrheit und Gott¬
1607 1271 2101 1365 seligkeit wandlen.
1633 1344 2514 1503 da, sie sollen es ihnen mir sehen.
1581 1508 2577 1673 Hierauff ist der Kohler nach verrichtetem Ge¬
1597 1620 2530 1748 bätt wider an sein ohrt geführt worden,
1589 1695 2567 1814 und hat im Vorbeygang von obbenanten
1582 1768 2594 1885 Vier Maueren freundtlichen Abscheid genommen,
1573 1852 2610 1984 Da dan Hl. Diaconus Sicheid denenselben dise
1576 1934 2619 2065 bestgemeinte Erinnerung auf den weg gegeben,
1563 2021 2614 2146 daß Sie diese des Kohlers Bekantnuß ihnen
1573 2108 2620 2232 zur Überzeugung und dehmüthigung dienen
1584 2185 2579 2305 laßen, darzu Sie aber mit anscheinlicher
1571 2279 2605 2390 großer bestürzung still geschwiegen, außert
1574 2345 2573 2471 daß der Albrecht Münger auf begehrten
1564 2422 2583 2549 Erlaubnuß gesagt, diß alles komme ihme
1579 2523 2581 2635 unbegreifflich vor, weil er von dem Kohler
1568 2600 2566 2734 niemahl nichts ungebührliches gesehen, noch
1558 2696 1932 2806 gehöret habe etc.
1564 2763 2589 2876 Wurde aber ohne widerred, mit widerholter
1571 2842 2601 2984 freundtlicher Erinnerung, samt übrige dimittiert.
1546 2956 2574 3123 In gehorsamer befolgung nun dißöhrtigen
1550 3093 2585 3205 und oberwehnten befehls declariert Micherch.
1558 3173 2595 3305 Diaconus Sigfried so wohl schrifft, als mundtlich,
1548 3259 2536 3379 daß obige ganze Verhandlung, Fragen
