3024 4032
347 378 376 423 1
230 352 346 454 260.
305 402 391 502 Von
401 372 1406 560 Wegen Gieronimus Rohter. D.
387 484 1339 615 diesen Worten, Gott wiße nicht das
397 575 1379 713 mehr (mit denen fingeren schnellend ih
386 674 1377 797 Als Er. Und sie werden Gott helffen die
371 761 1316 900 Welt richten, Er habe ihnen die Ruthen
379 850 1066 966 darzu in die Hand gegeben.
373 950 1381 1099 Weiters wüße er dergleichen nichts meh¬
370 1062 564 1160 verb.
373 1270 1367 1486 Hans Hand, vnnd lieder Kirche
390 1430 1134 1572 hori Mahleren declariert:
356 1564 1358 1761 Als Er vor zwey Jahren samt noch An¬
1270 1731 1305 1769 .
359 1719 1370 1845 deren Persohnen mehr, mit Muß und
346 1808 1366 1952 Christen Kohler von Könitz auf Scherli
363 1924 1302 2050 gegangen, und sie unterwegs mit ein¬
1300 1996 1374 2033 .
335 2028 1374 2141 ander angefangen über die Heilige Schrifft
347 2112 1356 2235 zu disputieren, haben bey dieser Gelegen¬
340 2187 1368 2327 heit die beyden Kohler sich berühmet, sie
334 2280 1345 2409 sehen und können reden mit Godt und dem
335 2373 1355 2510 Geiland, wann sie wollen, und seye nicht
331 2479 1333 2608 einer Guten groß weder im Himmel noch
331 2568 1360 2715 auf Erden, das Ihnen Verborgen seyn,
322 2667 1334 2799 und Godt und der Theiland wißen nichts
322 2774 774 2883 mehrers als Sie
317 2852 1330 2977 Ab welch vermeßenen Reden es ihme ge¬
309 2959 1308 3084 grauset, und er ihme erwiederet, Er
307 3068 1351 3174 Rohler wüße, ja nur nicht, was deß Morgens¬
294 3141 1292 3276 für Mitter seyn, noch ob er werde am d
293 3250 1301 3395 Morndrigen Tag, gesund oder kranck seyn.
1108 3369 1308 3475 Spalis.
1489 377 2497 524 vorbeyin Hieronimus Roster
2526 418 2652 498 267.
1468 489 2641 631 Ehwrag. Ob der Muß diese Wort auch geredet
1473 585 2581 729 Antl: Ja, der Einte sowohl als der Andere.
1571 813 2631 1014 Güsten Gosteller, in und and
1566 949 2548 1113 Hans Zeiter, auf dem Gubel
1498 1092 2590 1294 Begangelen, daß obige deß Hans
1594 1261 2569 1377 Hands Deposition durchaus wahr¬
1603 1332 2613 1471 schafft, Maßen sie darbey gewesen, und
1600 1428 2595 1573 obige grausame Wort selbsten ange¬
1587 1537 2580 1674 ghöret, Mit dem Beyfügen, daß eben
1594 1636 2542 1757 damahlen die Kohler annoch geredet,
1599 1714 2596 1853 Ihnen seye bekannt, Mann der jung¬
1594 1813 2580 1960 este Tag seyn werde, Godt habe ihnen
1587 1917 2620 2036 die Ruthen geben, damit sie den zumahlen
1593 2022 2041 2134 die Welt richten,
1583 2050 2586 2247 den Tag bißen sie aber die Stund¬
1582 2204 2192 2330 wollen sie nicht sagen.
1561 2306 2594 2505 An welche leztere Wort, auch der Hans
1592 2453 2586 2607 Hand sich erinneret, und alle drey diese
1567 2554 2587 2708 ihre ablesend angehörte Depositionen
1587 2630 2522 2803 mit gutem Gewüßen bestätigten etc.
1967 3248 2517 3425 Examen
