3024 4032
212 349 348 429 228.
279 426 375 499 Non
208 952 359 1082 Schwag
218 1253 368 1347 Ankl.
410 365 1373 526 segen Dieronimus Rohter
401 473 1325 625 aber deßen Zeugen an Hand gestellt,
401 594 1364 726 Auch habe ihme erst gestern deß Chri¬
383 670 1378 807 1sten Eheweil gesagt, sie die Kohler seyen
379 766 1378 899 erst diesem Früehling zu Brügglen in
377 879 921 985 ihrem Hauß gewesen.
392 961 1398 1098 Was ihme dann ihrer Lehr und lebwesens
386 1063 1382 1184 halber von den vorigen Zeiten her bekan̄t
385 1146 536 1256 seyn.
407 1235 1380 1396 Sie haben vihle versamblungen gehalten,
376 1340 1307 1478 denen er Anfänglich auch beygewohnet,
1306 1414 1363 1500 .
374 1430 1375 1554 da er aber sowohl aus ihrer Lehr als aus
380 1528 1370 1662 dero Mandel ersehen, daß ihre Versamb
358 1617 1379 1762 glungen nicht zum Guten führen, inmaßen
352 1718 1370 1848 sie durch ihre Lehr die Leuth vom Gottes
350 1821 906 1949 dienst abgehalten etc.
320 1920 1382 2063 2. Haben sie zukonfftige ding geweissaget.
307 2012 1367 2144 3. Haubtsächlich aber haben sie Gottes Ge¬
352 2106 1329 2241 srichte angekündet, womit sie sich einen
334 2200 1124 2322 großen Anhang machen wollen.
308 2299 1360 2430 . Item haben sie auch beybringen wollen,
340 2401 1339 2520 daß sie einen sonderbahren Umbgang
330 2483 1365 2615 mit Godt und von demselben vielfaltige
330 2578 1366 2714 Offenbahrung haben, auch daß der Satan¬
321 2709 970 2804 in ihrer Gewalt seyn zu¬
397 2778 1320 2918 Dero Mandel aber habe sie darinn
303 2892 588 2995 geärgeret.
284 2993 1340 3123 a. Haben sie gezancket und Streit ange¬
317 3077 540 3183 pfangen.
287 3165 1333 3323 b. Haben sie sich in den Wihrts Häußeren
304 3269 1034 3391 voll geeßen und getruncken.
1200 3403 1297 3495 E
1422 1402 1529 1496 Mutte
1469 2504 1558 2596 4.
1426 2782 1544 2894 So.
1417 3065 1559 3193 Antl
1457 255 2521 518 Vesteren Zieronimus Röhler¬
1509 402 2560 592 2. Auch haben ihre Magdtlin sich deß Wahr¬
1537 540 2091 703 segens angemäßiget.
1552 592 2551 768 Ober in die Versamblungen, so er bey¬
1438 692 1534 842 Seg.
1547 707 2579 883 rsuchet, nichts gehöret, so wieder den der
1538 816 2576 1001 Hohen Oberkeit schuldigen Gehorsamb¬
1543 926 2554 1066 lauffen, und ob sie nicht auch die rechte¬
1540 1016 2535 1211 mäßigen Lehrer und Prediger ver¬
1533 1138 2572 1283 rächtlich und verkleinerlich zu machen.
1537 1232 1811 1397 begricht.
1552 1320 2581 1480 Betreffend die Hohe Oberkeit, so Erinnern
1549 1433 2560 1594 er sich dato nicht, etwas selbsten gehort
1547 1566 1786 1668 zu haben.
1530 1624 2559 1780 Hingegen aber habe er öffters gehört,
1537 1721 2548 1879 daß sie das Lehr- und Predig- Ambt¬
1552 1832 2579 1967 verächtlich durch gezogen und sich über¬
1550 1948 1976 2080 dieselben Erhebt.
1555 2032 2506 2156 Übrigens müße Er zu Steuber der¬
1543 2115 2527 2252 Wahrheit bezeugen, daß die Kohler¬
1556 2213 2556 2347 von Jugen auf sich in allen Kasteren
1548 2325 2034 2445 herumb geweltzet.
1591 2437 2545 2614 Hieronymus Rohrbach aus¬
1557 2542 2510 2725 dem Elstenholtz, kirchhöri Rüeggisperg.
1565 2721 2551 2899 Was ihme in Mußen seyn von den Gebrü¬
1544 2848 2500 2997 deren Kahler, seith demme sie Ban̄isiert
1568 2974 1788 3066 worden.
1578 3019 2557 3192 Vor ohngefehrd 2 Jahren nach in eigen
1551 3132 2523 3271 nachten habe er im durchgehen durch das
1550 3227 2594 3367 Dorff Brügglin dieselben gesehen, Maßen
1549 3312 2580 3447 sie Stättlich gekleidet, und mit degen versehen
2395 3380 2569 3473 gewesen
2518 237 2656 360 299.
