3024 4032
260 1444 341 1599 R.
280 928 358 1053 E.
316 370 376 432 14.
416 415 1213 582 Dzweytes Skamen¬
640 543 804 650 Meit
505 573 1120 762 Bisten Kuner
393 875 1396 1041 Er habe in Ersterm Examine die Wahrheit nicht
381 967 1453 1103 angegeben, maßen allen Umbständen nach es nicht
376 1066 1419 1184 hergegangen, bie Er es zu glauben machen wollen,
1192 1137 1313 1209 esprn
383 1142 1476 1287 verhoffentlich werde Er sich seithero Eines Besent haben
388 1236 1387 1359 und dermahlen bekennen, daß Er sein Weib er¬
379 1338 680 1451 "bürget habe?
394 1479 1451 1603 Er habe die Wahrheit schon vormahls Bekennt, und
370 1573 1453 1728 könne sie nicht anderst Persagen: Wolle und könne sein
371 1642 1475 1798 Verfahren keines begs entschuldigen und ausschonen¬
372 1749 1451 1885 gleichwohl aber könne Er nicht sagen, daß Er sie er¬
365 1825 1251 1985 wergt, anderst als loie Er es ausgesagt.
366 1974 1411 2124 Es seyn Bloß unmöglich, daß sein Weib allein von
364 2081 1461 2208 der Thur so zugerichtet worden, maßen an dem ganzen
364 2157 1416 2286 Hols ein schlartzer Ring, auch keine andere Ver¬
356 2242 1268 2361 letzung darneben Wahr zunemmen gewesen.
356 2458 1466 2591 Habe es einmahl nicht anders furgenommen, als
346 2557 720 2668 Wie Er es gesagt.
264 2708 1438 2879 2. Warum Er dann anfänglich vorgegeben, daß sein¬
343 2828 1394 2924 Weib die Stegen Herunter gefallen, Tags darauf
347 2896 1452 3016 aber dem Herren Pfarrer zu Hochstetten in der Da¬
345 2981 1452 3122 sigen Befangenschafft, allwohin Er selbigen Beruffen,
333 3059 1454 3184 gesagt, daß sein Weib sich selbst Erbürget, lorinnen
331 3157 866 3283 Er sich schon verstricet 2
1196 3314 1397 3458 H. Ee
1549 2557 1640 2694 2
1735 389 2492 576 oristen Diener.
1702 607 2738 750 Er Bekenne, daß er darinnen nicht die Wahrheit
1592 635 1666 746 H
1681 714 2686 833 geredet, habe sie aber dermahlen bie letsten,
1680 801 2160 906 mahls geoffenbahret.
1586 955 2740 1090 Instirt. Er solle doch noch vorjetzo die Wahre Hergangen¬
1658 1054 2743 1179 heit Erößnen und sein Leib nicht märteren loßen,
1672 1160 2754 1253 welches sonst unans bleiblich erfolgen werde, über
1675 1235 2733 1372 diß berde ihme Wohl. zu Sien kommen, daß Er auch
1669 1320 2765 1459 auf seine eigene Erzehlung hie als ein Muthbilliger
1666 1410 2751 1548 vorsetzlicher Mörder seines Weibs anzustehen, also
1672 1500 2742 1623 Er sich keine andere Rechnung machen könne, als die
1661 1578 2710 1690 schuldige Straaf deßthals zu leiden, Und da er¬
1667 1685 2732 1806 ihme nun an nichts mehr in der Welt gelegen seÿn
1663 1767 2639 1886 solle als Einen Erbarmenden Gott und Eine
1655 1845 2716 1981 Gnädige Oberkeit zu finden. Welches aber ohne
1658 1950 2720 2081 Rechtschaften Gekantnuß und Außlahrung seines
1655 2025 2684 2150 reebenden Hertzans nicht zu thoffen. Als werde
1650 2140 2753 2250 Er vord letstemahl in Gute Ermahnt die Vollständige
1661 2208 2723 2341 Warheit und Umbstände seiner Mißethat herans,
1654 2306 2713 2458 zugeben; Ansonsten Er durch harte Qual. darzu
1660 2396 2261 2514 Berde angehalten werden.
1674 2560 2754 2711 könne Einmahl nichts anders sagen, als Was er bereits
1645 2672 2718 2786 bekennet. Wolle allein, bas Eine Hohe Oberkeit¬
1645 2752 2721 2903 semet begen gut finden werde, mit Gedukt und Ge¬
1648 2854 2698 2982 horsam Erwarten. Unterberste sich dero gerechten
1642 2925 2693 3056 Straaft. Bitte aber zugleich in tißfster Alchemucht
1653 3015 2306 3120 umd Gnad und Barmhertzurkeit.
1717 3100 2221 3205 Abgeleßsen und boestätiges
1644 3184 2723 3311 D. Ectum durch Melchsr Großbeibel Efinger
1678 3278 2707 3397 und Grihtschrüber Batschet in der Oberm Ber¬
1646 3358 2361 3480 pfangerschafft den 14ten Juny. 1751.
2738 338 2800 406 15.
