3024 4032
193 336 298 425 326.
272 353 1179 502 von Wegen Hierorumus Röhlers.
310 488 1367 626 Unserer oberkeitlichen Guld und Gnade seyn.
311 587 1405 683 mag: Dann Wir nicht verhalten, sonderen alles
298 659 1381 773 Ernsts hierdurch kund thun wollen, daß die Un¬
300 721 1369 839 gehorsamme Übertredtern Unserer disörtigen
312 791 1332 914 Warnung und verbotten hinkönfftig keines
1350 791 1398 885 .
317 867 1353 978 Nachsehens, noch Unserer so sehr mißbrauchten
314 934 1321 1057 Mildigkeit sich fürters hin zu getrosten haben
305 1006 1405 1098 sonderen mit strenger Gerechtigkeit gestraffet
305 1075 624 1187 werden sollen.
299 1146 1373 1275 zumahlen wir von nun an allem, was Unge¬
299 1254 1385 1358 horsam heißen mag, kräfftig und mit aller
299 1320 1295 1429 Macht, die Uns von Gott verliehen ist, zu
295 1390 1214 1512 steüren gesinnet, und entschloßen sind.
290 1473 1369 1602 diß ist, was wir bey diesem Anlaß unserm
305 1555 1372 1658 lieben angehörigen, denen getreuwen und ge¬
289 1616 1351 1708 horsammen zu Grost und Erbauung, denen aber
293 1686 1363 1807 die sich deßen ohngeacht der Ordnung Gottes und
299 1762 1363 1868 Unserem Ernsten Befehl wiedersetzen möchten
275 1833 1384 1948 zur Überzeügung und zum Schrecken, offentlich
284 1902 1312 2021 kund zu machen, gut und Heilsam erachtet.
264 1980 435 2081 haben.
271 2050 1375 2190 Der Allgütige Godt aber, welcher so gnädig über
269 2137 1291 2250 seine Kirchenbachet, und Unser geliebtes
277 2207 1278 2313 Vatterland von außen und vor immen un¬
262 2279 1338 2390 frieden und Wohlstand erhaltet, der gebe auch
256 2342 1343 2467 hierzu seinen Saegen, damit biß aus Ende der¬
247 2421 1383 2542 Tagen in Unserem Lande Ehre wohne, Güte und
254 2496 1362 2616 Wahrheit ein Ander begegnen, Gerechtigkeit
1325 2583 1371 2659 .
263 2579 1323 2699 und friede einander küssen, I. 1726 dem¬
234 2650 1327 2792 Herren aller Herren aber allezeit mit¬
259 2735 1327 2867 neütem Lob gedienet werde. Geben den
238 2822 847 2947 25 t Januarii. 1753.
1519 410 1615 532 vn
2541 462 2663 548 387
1634 433 2599 624 wegen Münger, Marschall Kranger
1612 518 2588 693 Rupp, Burri, Schweingruber, vor¬
1593 605 2569 760 gemelt, samtlich Anhängern von hiero¬
1689 682 2094 804 minus Rohler.
1514 757 2626 971 Gedel, an Messen der Criminal, Com̅ission
1600 894 2614 1083 Nachdemme MegnHHrn heütigen Tags, aus Ihrem
1587 972 2609 1138 Min gnädiger und und Schrifftlichen Vortrag vor¬
1587 1058 2604 1203 standen, was in denen droben im Spittahl
1588 1117 2629 1252 verhafften Anhängeren deß hingerichteten.
1591 1179 2606 1317 Kohlers Als benantlichen Albrecht Münger,
1590 1244 2605 1388 deß Schulmeisters Sohn von Uetligen, Chri
1569 1322 2565 1472 isten Marschall von Neüwen Egg, Bendicht
2565 1406 2638 1476 .
1582 1401 2558 1515 Kränger, zu Zimmerwald, wohnhafft, Hans
1579 1452 2591 1590 Rupp von Riggisperg, Christen Burg, und
1581 1518 2608 1650 Christen Schwein Gruber von Wahleren ver¬
1577 1592 2616 1722 gführten Examinibus heraus gekommen, und
1573 1676 2589 1808 wie es deß Eint- und anderen halben bewandt,
1573 1749 2587 1860 haben Meinen gnädige Herren überhaubt das vorgegangene
1573 1800 2587 1914 nach dero angebohrnen Landsvätterlichen
1563 1871 2594 2011 Milte zwar in Gnaden dahin gestellt seyn
1564 1942 2598 2097 und dißfalls nit weiters an sie setzen laßen,
1570 2014 2561 2134 wollen, Jehedoch der beyläuffigen Meinung,
1571 2081 2578 2203 und in dem Verstand, daß Ihnen sambtlich
1562 2155 2606 2287 durch sie Messern und in Beÿseÿn Herrn Groß¬
1565 2221 2606 2361 Meibel und Herrn Gricht Schreibers eine scharffe
1573 2293 2566 2435 Censur, und kräfftige Ermahnung, die Einer¬
1564 2369 2583 2497 Reden fehler angemeßen, solle ertheilt und
1552 2432 2580 2559 demnach sämtlichen wieder dimittiert werden,
1552 2504 2546 2643 mit dieser anhendenden Commination, daß
1556 2591 2529 2706 wan̄ einer under Ihnen wieder alles beßere
1549 2645 2510 2779 verhoffen könfftighen, so bei erfrechen und
1543 2723 2580 2853 vergehen wurde, versamblungen zu halten, und
1528 2788 2575 2913 sich deß Lehrens oder Außsprechens anzunemmen.
1535 2877 2532 2979 Er solchenfalls ohn alle Gnad von Ihr Gnaden
1525 2941 2530 3032 Staft und Landen wurde verwiesen, Ja gar¬
1534 3012 2558 3124 gestalten dingen nach mit noch mehrerer Straff
1541 3077 2544 3157 beleget werden. So viel aber den Hans Rupp
1529 3147 2545 3281 von Riggisperg und besonders betrifft, so ist Ihr
2294 3235 2477 3364 asnach.
2589 3341 2632 3408 8
2589 3429 2619 3478 .
2639 1378 2669 1456 s
