3024 4032
224 299 360 382 154.
185 1203 398 1349 befugt.
289 1604 372 1729 3.
274 1957 349 2091 2
255 2349 321 2454 .
411 482 1377 619 selbigen Abend nicht mehr gesehen, indemme
410 576 1406 719 Er, ohne sich nirgends aufzuhalten recta¬
407 687 1006 795 nacher Hauß gegangen.
997 763 1085 852 5
425 764 1288 924 Darauf wurde der Christen¬
395 892 1330 1008 Burrer hervorbescheiden, und über¬
386 984 1363 1122 lezt vorstehende deß Schönigs Aussag
401 1073 859 1188 volgender maßen
433 1197 1365 1356 Er habe hievor außgesagt, er seye jeder¬
380 1304 1393 1437 Zeit bey und mit dem Schönig gele¬
382 1392 1327 1517 esen, auch mit ihme ins wirths Hanß
377 1474 1376 1628 gahn könte, und mit Ihme heimb gegangen.
395 1617 1362 1757 Er müße sich unß redt, oder seye übel ge¬
358 1713 1318 1835 schrieben worden, seye nicht mit Bentz¬
363 1797 1251 1930 Schönig, sonderen mit Peter Furren
345 1910 725 2009 heimbgangen.
367 1982 1368 2103 Ob Er noch nicht bekennen wolle, daß er
341 2068 1387 2203 auch geholffen den Riesen stoßen, wie solches
335 2156 1351 2282 von verschiedenen Persohnen über ihne auß¬
322 2251 740 2380 gesagt worden?
1316 2373 1365 2434 .
359 2337 1317 2455 Er bezeuge, daß er nicht gestoßen, könne
342 2431 1371 2569 sich bey gutem gewißen daran nicht erinneren.
373 2532 1356 2676 Auf Ernstliches Andringen zu bekennen
318 2622 1358 2762 und sich nicht überweißen zu laßen, und da
315 2706 1360 2850 deßen ohngeacht, der Zueren nichts einge¬
316 2800 1359 2953 stehen wollen, wurde der Klauß Gugi gegen
326 2903 1081 3050 Ihn̄e zuerin Confrontiert etc.
305 3020 1356 3166 Ala dann letzteren dem Burren beck vor¬
298 3120 1256 3271 hielte, freylich habe er auch gestoßen,
284 3214 1349 3365 doch könne Er nicht sagen, wie er gestoßen,
294 3308 1348 3451 Aber einmahl habe er ihne selbsten gesehen
1053 3398 1330 3532 darauf
278 3424 522 3544 stoßen.
2541 391 2661 474 135.
1615 514 2680 681 Darauf der Herren Betheuret, mit seinem Mußen
1638 615 2651 750 könne er sich deßen nicht errinneren, wann es
1628 718 2536 880 aber andere gesehen haben, so müße er es
1630 795 1862 926 glauben.
1635 877 2670 1052 Hierauf wurde dem Zug, wieder vorgehalten
1637 1018 2630 1133 was er in seinem zweyten Examine außge¬
1631 1075 2615 1233 rsagt, daß der Herren von Anfang biß zu¬
1619 1175 2622 1305 End gegenwärtig, oder wenigstens nicht weit
1637 1255 2628 1392 davon gewesen, welches von demselben wie¬
1626 1343 2554 1470 derhohlet, von dem Burren aber ver¬
1624 1435 2037 1539 nemnet worden.
1644 1549 2577 1683 Weiters wurde der Klauß zugim.
1637 1636 2631 1770 näherem Confragt: Ob in denen Zweyen
1634 1732 2620 1864 Umbständen, in welchen Er bekantlich ber¬
1625 1836 2662 1964 den müssen, daß er den Riesen geschlagen
1638 1925 2569 2070 der Herren darbey gewesen, und von
1622 2012 2623 2146 ihme gesehen worden, wurde dieses von
1621 2109 2595 2243 dem Gugi vernemmet, auch keine nähere
1621 2212 2571 2348 Umbstände vmbständen diß ohrts be¬
1607 2301 2307 2457 schrieben werden können.
1697 2448 2583 2606 Aber obige Ihm berührende Umb¬
1594 2570 2617 2711 ständ, wurde muß zugs hervorgebracht,
1603 2656 2515 2809 gegen den Schindler Confrontiert und
1445 2789 1683 2937 Prefengl.
1715 2809 2596 2946 Ob Er sich nicht errinnern, daß da die¬
1611 2894 2631 3041 letsten Streichen, hieher dem Meister Stein¬
1606 2985 2655 3137 Höltzli geschlagen worden, der Peter Schindlen
1608 3070 2652 3218 im Vorbey gang Ihnen zu geruffen - Furch
1603 3180 2463 3319 laßt das Gelten, Es geht zu grob etc.
2447 3314 2580 3477 I.
2668 1365 2718 1491 .
2672 1761 2718 1847 3
