3024 4032
230 314 367 384 152.
439 463 1320 610 Über diese Umbständ, wurde der¬
1314 544 1369 629 .
424 556 1372 711 Clauß Tugi hervorgebracht, und
424 660 1190 801 in gegenwart deß Schindlers
189 734 396 880 befragt
437 764 1389 894 Ob Er sich nicht erinnern, daß damahlen
403 849 1386 959 als die letzten Streichen ergangen, im Weißen
395 938 1373 1071 Stein Holzli, der Schindler zu ihme gesprochen,
388 1011 1291 1128 furschlaß das gelten, es geht zgros.
1291 1086 1324 1124 .
392 1104 1397 1251 Und Er darauf geantwortet, kein Es geht
377 1195 715 1307 Nüt zgrob
323 1283 1389 1415 R. Es könne wohl seyn, daß dieses geredt worden,
380 1384 1362 1486 dennoch versichere Er, daß Er sich daran
381 1440 725 1561 mit Erinnern.
172 1545 370 1646 Insticis
401 1544 1264 1695 Er sehe wohl, daß er nach und nach durch
359 1633 1339 1760 Kundschafft überführt werde, daß er mehrer
349 1719 1297 1836 ere Gewalthätigkeit an dem Riesen ver¬
352 1810 1306 1927 nebet, Als er anfangs bekennen wollen.
340 1887 1341 2032 Solle in Gottes Nahmen sich Erkennen, und
353 1974 1212 2090 gewalthätige Mittell auß meiden.
280 2070 1353 2203 R. Er könne gar nichts anders bekennen, als
344 2153 1320 2283 daß Er zweymahl mit der Haust auf die
353 2255 847 2370 Stallmer geschlagen.
349 2334 1302 2504 Dierauff wurde der Graus gegen¬
331 2474 1329 2615 den Jugi confrontiert etc. Welcher ihme
320 2569 969 2695 unter Augen Declariert:
311 2655 1368 2809 daß Er Hugi samt seinem Bruder beyde
317 2747 1296 2874 mit Stecken, auf den Riesen, hieher dem
295 2826 1350 2964 Weißen Stein Hölzli verschiedene Streichen
308 2933 1321 3053 geschlagen, welches Er Graub gar wohl
293 3020 516 3133 gesehen.
295 3108 1287 3260 Der Gugi antwortete, er habe ein stecktli¬
301 3198 1300 3336 bloß eines kleinen Zingers dick bey sich.
293 3283 1325 3426 gehabt, und Errinnere sich einmahl gar nicht,
1184 3380 1321 3480 daß
1355 1679 1383 1735 .
1461 2682 1645 2820 befange
1528 2879 1612 3018 d
2571 392 2678 505 153
1643 536 2636 669 daß er mit selbigem auf den Küfen geschlagen.
1631 599 2568 747 sonderen er habe seines Müßens nur zwey
1639 688 2556 824 Streichen mit der bloßen Haus gethan.
1642 772 2583 927 Hielte Endlich dem Brauw vor, Er möchte
2587 857 2624 898 .
1648 850 2654 1009 vielleicht seinen Brucker vor ihne angesehen
1627 940 2631 1062 haben, darauf der Graub erwiederet, Sie
1649 1033 2658 1175 Gebrüedere Zug, haben alle beyde geschlagen,
1651 1118 1920 1221 mit Stecken.
1631 1225 2598 1405 Ferners wurde auch noch gegen Klauß zuge¬
1630 1326 2567 1490 Confrontiert, Herr Richt Schönig etc.
1631 1417 2624 1567 Welcher dann gleichfalls dem Zug, mit eint
1625 1522 2620 1641 und Anderen Umbständen vorhielte, daß
1618 1598 2549 1692 hieher dem Weißen Stein Holze an der
1628 1679 2536 1811 Straß, er Clauß und sein Bruder.
1616 1776 2583 1903 Muß Gugi nebst dem Scherr Sie unter
1631 1846 2583 1980 Ihnen den Küsten in die Körne gestoßen,
1619 1943 2620 2063 zboden gemacht, und mit stecken geschlagen
1619 2034 2592 2158 habe es selbsten gar zu wohl gesehen, und
1621 2142 2640 2246 müeße es zu berichtigung seines gewißens
1618 2209 1930 2333 an tag geben
1634 2304 2635 2461 Worauf der Hug geantwortet, Es könne
1616 2401 2662 2526 wohl seyn, doch könne er sich mit an das Erinneren.
1623 2529 2356 2695 Benz Schönig weiters
1713 2681 2612 2824 Wo Er seinen Meister den Christen
1628 2775 2596 2917 Zurren auf dem Heimbweg verlaßen
1634 2891 2652 3042 bey denen Sachen vor denen Mehlenen außen,
1605 2975 2624 3113 Klorten seyn sein Meister dahinden blieben, Er
1612 3071 2608 3180 aber geraden wegs vorauß gegangen, Auch
1612 3138 2604 3281 dem Liebefeld aber seyn sein Meister wieder
1624 3224 2616 3382 nach gekommen, Alda selbiger wieder zurück¬
1611 3332 2571 3445 geblieben, und von der habe er ihne nun¬
2448 3414 2634 3501 selbigen
