3024 4032
384 435 1380 605 Eigenschafften zu rauben, und seinen allerheilige
377 570 1413 723 esten Namen auf zughörte Weise und also zu schmähen
386 655 1391 790 und zu lästeren sich vermeßen, daß Christen, die
379 768 1407 899 dieses lesen, oder hören, bitlich mit Außsetzung solcher
387 849 1144 978 Braüwten verschohnet werden sollen.
386 935 1381 1079 Obwohlert nun dieser Elende Sunder alle diese
371 1048 1382 1177 schwähre verbrechen und entsetzliche vergehungen, mit
371 1154 1361 1269 welchen Er den Allerhöchsten gelästeret, und zu
358 1220 1400 1379 gerechtem Zorn Eyfer gereitzet: Seine gnädige Obrig¬
377 1325 1385 1451 keit empfindlich betrüebet und beleidiget, und seinen
371 1413 1361 1548 Nächsten verführet, betrogen und geärgeret hat,
371 1523 1387 1633 nun von Hertzen behauptet, bereuet und beweinet:
354 1599 1378 1738 Alle seine Verthummer und Unläutere Lehr- Sätze, auch
359 1706 1339 1825 in Gegenwart verschiedener seiner Lehrjunger und
349 1779 1399 1909 anhängeren, verdammet und widerruffen, sich selbsten
346 1887 1365 2005 aber in diesem Allem, als einen vorsetzlichen Be¬
349 1967 1378 2106 etrieger und eigennützigen Todesschuldigen Lügen¬
347 2059 1354 2200 Gropheten dargegeben hat; Obschon wir auch
341 2160 1393 2292 sonsten gerne Barmhertzig vor Recht ergehen laßen,
344 2255 1361 2384 ist dennoch das Maaß seiner sunden gehäuffet,
340 2361 857 2488 und schreyet gen Zimmel,
398 2438 1313 2573 wer deß Herren Kanzen lästeret,
383 2517 1302 2673 Sollier alle weg gefödet werden.
316 2617 1352 2753 Derowegen Wir, denen von dem Obersten Re¬
316 2724 1347 2859 igenten Himmels und Erden, das Schwerdt der
321 2817 1349 2962 Gerechtigkeit bevorderst zu Ehre seines Aller¬
313 2917 1385 3069 heiligsten Namens, und auch zu Reinigung deß
324 3014 1368 3158 Landes von Schulden, die daßelbe befleken und be¬
311 3126 1369 3255 schuldigen möchten, anvertraut ist, dermahlen
319 3206 834 3366 bey Eyden versamlet,
1219 3296 1355 3474 fir
2598 426 2676 508 1
2546 473 2639 533 un
1628 445 2608 667 zu Recht Polent und Gestrochen
1634 613 2610 808 Es solle dieser Unglükseelige Hieroerinners Kohler
1634 737 2582 890 als ein verführen, Betrieger und abscheüblicher
1630 829 2565 988 Gotts, Kösterer, zu wohlverdienter Straaff, und
1620 932 2596 1099 anderen zum Schriften nach Empfehlung seiner
1626 1042 2575 1197 Armen Seelen in die Gnad ihres Erlosers
1625 1113 2580 1276 dem Scharpfrichter übergeben, von demselben
1600 1237 2605 1378 gebunden, oben auß auf die gewohnte Richt Statt
1596 1332 2569 1457 geführt, aldort auf einem Scheiterhauffen an
1601 1410 2576 1550 einem Pfahl erwürget, und also vom Leben zum
1597 1509 2587 1641 Tod gebracht, der Leichnahm dann allsobald zu
1613 1602 2586 1730 bezeugender mehrerer Abschaus seiner ver¬
1607 1685 2585 1823 brechen zu Staub und Aschen verbrant werden
1607 1781 2584 1926 Geben in Unserer Großen Rahts versamlung
1608 1874 2329 2005 den 15ten Januarii 1753
