3024 4032
213 3111 288 3211 3.
207 382 340 479 198.
277 1462 342 1585 I.
266 1660 330 1762 G
303 1088 360 1205 P
485 392 1149 555 Niclaus Stahler etc.
384 525 1284 651 Flinte, so er bey sich getragen, wegge¬
380 620 1369 741 gnommen, in Stücker zur schlagen, hernach
395 709 1280 837 eines von diesen Pistoleten genommen,
388 786 1374 934 und sich darvon in das Bern, Gebieth ge¬
382 898 1243 1020 macht, Allein daßelbe gleich in dem
389 988 1077 1118 nächsten Wald weggeworffen.
399 1099 1366 1210 Ober nicht bekennen müeße, daß er an
375 1188 1360 1302 dem im Herbst vor Michali 1751. zu Langen,
372 1275 1326 1396 bruch beschehenen Einbruch Theil gehabt,
376 1375 936 1497 dabey und mit gewesen.
380 1465 1323 1602 das könne er einmahl mit Wahrheit nicht
358 1573 561 1676 gestehen.
380 1655 1333 1784 Richt nur seyn er in seinen Ehevorigen Ver¬
358 1754 1347 1874 hohren dieses Raubs halber verdächtig ge¬
342 1850 1245 1971 wiesen und zu Red gestoßen worden,
338 1941 1353 2064 sonder es seyen gegenwärtig solche depo¬
342 2039 1347 2162 isitionen seiner Mithafften vorhanden, daß
332 2133 1330 2233 er diese Sach ohnmöglich Erlaugnen könne,
344 2225 1332 2344 und werden ihme diß ohrts die anführende
325 2316 1343 2439 Umbständ ohne Zweiffel die Wahrheit heraus
327 2394 1334 2540 ebringen müßen, Ob dann nicht wahr, daß
316 2510 1353 2637 er mit dem Grand Louis, H. Louis, kleinen
325 2609 1337 2750 Languedow und Jean Michelet vor
323 2711 1258 2840 ohngefehrd einem Jahr Nachts umb Elff.
315 2803 1305 2945 Uhr in das Pfarrhauß zu Langenbruck,
310 2914 1328 3025 Baßler, Gebieths eingestiegen, und das
309 3000 1030 3121 vorhandene Gelt geraubet.
311 3106 1273 3239 Er bezeuge und betheüre, daß er bey
313 3202 1344 3322 dieser Sach nicht gewesen und nicht wüße,
1129 3314 1251 3400 Wer
1475 2994 1545 3101 2.
1503 2707 1568 2799 3.
1518 702 1572 829 .
1524 1279 1582 1391 9.
1499 1482 1560 1598 G.
2556 357 2664 469 1799.
1652 375 2386 535 Niclaus Stahler etc.
1582 513 2613 615 Wer diesen Diebstahl verübet, wohl habe er¬
1595 598 2518 727 von vielen Leuthen davon reden gehört.
1613 695 2602 826 ob er sich gleichfalls nicht erinneren wolle,
1601 787 2653 930 daß sie das Gelt, namblich Gl. 500. aus einem
1603 896 2644 1034 Gänterlin, welches der Michelet mit einem
1594 994 2609 1126 in der Kuche genom̅enen Ziel aufgestrengt,
1590 1089 2611 1226 genommen, und solches unter Sie Zunft ge¬
1579 1197 1933 1298 etheilt haben?
1607 1295 2611 1442 Wie Er schon gesagt, seyn er nicht darge¬
1579 1395 1768 1492 glesen.
1598 1459 2625 1602 da gleichfalls deponirt werde, daß nach diene
1579 1574 2569 1698 sie den dasigen Pfarrer, seine Frauw und
1565 1660 2542 1801 Kinder gebunden, mit Hinschwänger und
1577 1761 2611 1869 Pistolen verwachet, hernach in die Keller ge¬
1568 1852 2551 1975 egangen und Eßen und Trincken gehohlt,
1568 1953 2568 2086 er Inquisit dann ins besonders auf deß ge¬
1565 2044 2597 2171 abendenen Pfarrers Gesundheit getruncken
1584 2139 2586 2258 und ihne gerühmt, daß er so wohl gehauset
1578 2219 2584 2352 und versprochen, wann er so fortfahre, wollen
1567 2322 2516 2442 sie bald wieder kommen, worauf sie diese
1574 2405 2593 2517 Reüth gebunden in den Keller getragen, und
1565 2510 2583 2628 sich mit dem Raub davon und über den Schein
1572 2603 1812 2708 gemacht?
1574 2702 2577 2815 habe niemahl sich dieses diebstahls im minsten
1561 2796 2595 2894 nicht theilhafftig gemacht, welches er mit vielen
1556 2896 2211 3010 betheürungen wiederhohlet.
1574 2996 2593 3100 Solle noch, aber mit mehrerer Offenherzigkeit,
1552 3081 2571 3194 tagen, ob er den Gelt- Diebstahl zu Beuti¬
1542 3170 2125 3288 koffen nicht gethan habe?
2350 3366 2447 3495 3.
