3024 4032
279 2058 357 2161 d
231 355 369 453 216.
492 388 1219 562 Niclaus Stahler etc.
499 528 1366 681 Er habe seine Bekantnuß noch nicht
195 538 484 660 vorgehalten.
410 625 1281 754 rein abgestattet, zumahlen der Stand,
420 718 1293 853 darinnen er sich erzeigt, Als er vor
413 812 1375 939 drey Jahren Allhier gefangen gewesen,
412 914 1302 1022 einen schon geübten und Gartnächtigen
1301 977 1354 1011 .
395 995 1295 1102 Dies bezeuge, und in dem langen und
402 1087 1338 1227 vielfaltigen Umbgang, so er mit dieser
398 1191 1332 1311 diebs- Bande gepflogen, er ohne allen
397 1281 1366 1403 zweiffel ein mehrers vernebet, als was
391 1376 1348 1498 er gestehe, umb so mehr, als die Eint und
385 1468 1272 1598 Anderen derselben, so hin und wieder¬
400 1575 1380 1689 habhafft gemacht worden, noch andere
401 1657 1352 1786 Sachen über ihne außgesagt, und erhar¬
383 1763 1284 1908 stet. Solle also durch hartnächtigkeit.
385 1855 1315 1994 seine anscheinende Reub nicht verdäch¬
374 1956 690 2070 etig machen.
390 2044 1344 2173 Er beharre darauff, daß er nunmahlen die
380 2136 1214 2256 keine und völlige Wahrheit geredt,
380 2229 1359 2349 darauff er leben und sterben wolle, was
352 2320 1272 2428 ihme von denen in der Bande bewußt
361 2416 1358 2543 und welche davon ihme bekant seyen, das
350 2508 984 2646 habe er aufrichtig gesagt.
340 2615 1360 2760 Nach angehörter Ablesung bate der Inqui¬
341 2719 1347 2864 sit umb verzeichung und Grad Mor¬
343 2805 1357 2950 auf er wieder an sein Ohrt geführt worden.
324 2986 1349 3141 Do Beschehen in der Oberen Gefangen,
331 3093 1350 3234 schafft, Sambstags den 22. Decbr.
338 3198 854 3348 Monaths. 1752.
1607 358 2535 538 Niclaus Stähler, Drittes
1794 477 2164 611 Examen
1612 587 2523 735 Infolg Ihr Gnaden Befelchs de 4 den
1613 692 2542 831 Septembris letsthin, durch MnGHrn.
1653 779 2483 925 Raths Herr zugspurger, nicht
1661 897 2448 1015 Meine gnädiger erren ders Weibel und Gricht,
1697 991 2250 1106 Schreiber, verführt.
2251 1042 2300 1095 .
1757 1086 2327 1224 Praemissa Exhortatione.
1732 1268 2592 1414 Eine Hohe Oberkeit habe sich zwar an
1454 1264 1714 1418 Vorgestelt.
1613 1378 2617 1504 seinen bißherigen Außaagen und darinne,
1606 1466 2542 1606 Enthaltenen Bekantnuß in Ansehen der
1601 1561 2559 1695 zwey Diebstählen von deutigkoffen und
1603 1671 2553 1769 Kindelbanck etc. ersättiget; Indemme er¬
1617 1766 2529 1883 aber nicht eingestehen wollen bey dem
1601 1849 2527 1991 Einbruch und diebstahl, in dem Pfarr¬
1589 1950 2611 2065 Hauß zu Langenbruck vor Michali fern¬
1592 2047 2582 2163 drigen Jahrs beschehen, bey gewohnet zu
1595 2132 2586 2235 haben, da doch er als ein Gethäter dieses
1607 2215 2521 2347 leydigen Verbrechens von dem Grand¬
1619 2311 2603 2447 Louis angegeben worden, und wie er selbsten
1607 2411 2607 2547 aus des Grand Louis eigenen Depositionen
1609 2493 2578 2626 mit Umbständen sich angezeiget und an¬
1609 2606 2581 2710 geklaget höre. Als werde er also ermah¬
1585 2698 2580 2804 met in Gottes Nahmen zu Entladung und
1601 2792 2579 2908 Berüchtigung seines Gewißens, die diß¬
1588 2876 2568 3002 öhrtige Wahrheit und Verhaltnuß der¬
1601 2975 2571 3112 Sach zu Eröffnen und zu bekenne etc. In¬
1582 3090 2501 3215 sonderheit aber zu behertzigen, daß
1592 3166 2605 3300 der Grand Louis seine diß öhrtige Ansag¬
1596 3257 2593 3371 in den Umbständen seines Todes wiederholet
1595 3360 1955 3482 und bestätiget.
2404 3366 2570 3474 Autl.
2539 395 2640 515 2
