3024 4032
231 364 354 451 206.
421 366 1165 530 Niclaus Stahler etc.
1113 505 1179 572 54
388 512 1361 658 Erstlich den Diebstahl zu dentikoffen
406 593 1343 740 ansehend, welchen er mit dem so genan̄ten
400 705 1305 837 Hasel, Juris verübet, verhalte es sich
388 780 839 914 folgender Maßen.
389 890 1354 1019 Als Er umb Meyhnachten 1750. im Münster
400 984 1341 1104 gefangen gewesen, habe er Aldorten mit
385 1076 1344 1211 dem Basel, Heiri, so eben auch damahlen
390 1170 1365 1299 im Verhafft wäre, bekantschafft gemacht,
396 1264 1338 1397 und welchen er hernach umb Pfingsten zu
370 1373 1290 1497 dornach wieder angetroffen, da sie dan̄
377 1461 1335 1590 mit Einander durchs Fruntrutische auf
374 1565 1300 1691 Bötzingen bey Ziel, von dort nach Solo¬
1296 1602 1351 1688 .
385 1654 1311 1779 thurn und von der gegen Burgdorff sich
362 1752 1329 1884 begeben und im dorfflein Zeutikoffen,
359 1849 1344 1974 nachdeme sie tags vorhero in der Ey über¬
353 1939 1347 2060 geachtet, den Diebstahl verübet: Namblich:
353 2035 1238 2153 Wie sie gewahret, daß in demjenigen
347 2126 1338 2252 Hauß, bey welchem sie gelesen, Niemand
345 2217 1338 2341 gegenwärtig s. zumahlen die Leuthe mit
346 2299 1287 2449 Zeuben beschäfftiget waren :) habe der¬
347 2414 1312 2546 Basel, Heiri eine Scheiben gebrochen, mit¬
341 2507 1306 2629 lest deßen er das Fenster aufgemacht,
338 2604 1297 2734 seye nachwerts in die Stuben gestiegen.
340 2702 1282 2828 Inzwüschen habe Er Inquisit draußen.
335 2794 1332 2939 Macht gehalten, Nach etwas Zeits seyn der
327 2892 1320 3041 Basele Feij wieder heraus gekommen, und
317 2990 1335 3125 habe in verschiedenen Alt- und Neüben gold,
325 3081 1270 3214 und Silber, Sortes und Bern Bathen oder
322 3185 1296 3334 Muntz so viel heraus gebracht, daß bey
1123 3310 1350 3444 Erfolgter
1473 2342 1549 2450 Fr.
1434 2537 1559 2623 Antl
1460 2891 1540 3051 2.
1422 3202 1571 3326 Antlig
2550 313 2661 424 2e.
1603 324 2373 502 Niclaus Stahler etc.
1555 482 2586 637 Erfolgter Theillung Er für seinen Part 100.
1574 579 2262 693 von Thaler Werths bekommen.
1560 664 2634 811 der Fastel keiri habe ihme dann auch verzehlet
1576 768 2619 915 daß er in der Stuben ein Gänterli und einen
1580 869 2638 1014 Trog aufgesprengt, einen anderen Trog aber¬
1573 988 2621 1124 mit einem Alda gefundenen Schlüßel auf¬
1558 1079 2623 1234 gemacht, und obgedeütes Gelt daraus ge¬
1575 1191 1768 1287 nommen.
1562 1269 2601 1416 Mit diesem Diebstahl haben sie sich nachwerts
1577 1363 2625 1484 durch Wald und Hochenen ins Lucerner Gebieth
1574 1453 2600 1598 auf Sursen gemacht, Allwo sie etwelche von
1577 1565 2562 1682 der Bande, als beyde Languedois, den
1544 1667 2605 1790 St. Louis, den Welschen Schwartz oder Miche¬
1564 1769 2623 1885 det, und den Savoyer Nicolas angetroffen
1557 1858 2617 1981 welche auf erhaltene Nachricht Ihnen die
1558 1963 2619 2055 Raub mit Gewalt abnemmen wollen, welcher
1550 2054 2610 2184 der Basel, Heiri mit der Flucht, er Inquis¬
1560 2149 2608 2267 dit aber vermitlest herzugekommener Hilff
1565 2249 2016 2354 erwehren können.
1571 2338 2575 2485 Umb welche Zeith des Tags sie diesen Lieb¬
1565 2437 1954 2548 stahl begangen.
1595 2523 2584 2655 So viel er sich erinneren könne, seyn es vor¬
1559 2622 2598 2745 mittag zwüschen 9. und 10. Uhren gewesen, und
1559 2734 2593 2842 ob dieser Verrichtung haben sie sich keine Vier¬
1564 2817 2183 2930 tel Stund lang versäumet.
1583 2902 2596 3035 Wie ihme oder dem Basel, der Bewußt ge¬
1557 2997 2584 3129 wesen, daß in diesem Bestohlenen Hauß sich
1558 3102 2007 3227 viel Gelt befinde?
2348 3184 2491 3286 keinen
1593 3191 2326 3329 Er Inquisit habe deßhalber gar
2343 3299 2568 3438 Nachricht
