3024 4032
376 311 523 397 434.
492 551 556 646 d.
903 369 1293 510 Information
580 532 1474 730 Meine WohlEdle Frau Haubtmann.
556 631 1500 807 von Battenwyl, gebohrne Otth depon
707 729 1492 892 Als sie im Freytag den 8ten m
549 824 1492 961 lezthin ihre Wösch in ihrem Hauß-Hoff einigen
556 902 1475 1042 laßen, seye ihr am Sonntag den 50 ten darauf
544 971 1487 1119 wie sie glaube, in der zeit von 2 uhr stat
541 1049 1458 1181 Mittags biß auf den Abend all ihr reiner
538 1132 1474 1264 Seisten gang aus einem Bucke, welches hinter
533 1217 1475 1340 einem fliegenhaus neben einem Mehlkasten
538 1294 1480 1409 im Hoff gestanden und mit 2en zuberen bedekt
525 1371 1477 1489 gewesen, entwendet worden. Sie habe dieses
524 1448 1457 1563 diebstahls halber gleich den Verdacht auf den
532 1516 1485 1638 Schumacher Du frere und seine Leüt geworffen,
529 1579 1479 1708 dennoch aber nichts sicheres entdeken können, biß
533 1672 1469 1789 gestere Morgens, da die Frau Büblin, des
517 1752 1462 1897 Grodtbeken Ehefrau am Stalden zu Ihr gekommen,
520 1849 1415 1955 und Ihr zwey zerschmiddene Engageantes
502 1936 1439 2036 gebracht, die sie von des bedeüten Dufrenes
509 2003 1440 2142 Weib etlich tag zuvor um 322 bz erkauffet,
496 2085 1390 2207 wie auch ein Fürtuch und 2. Carraux von
482 2170 1433 2287 Mousseline. Welches Sie alsobald von dem
482 2259 1365 2369 ihr gestohlnen Seiffen zeüg zu seye erkennet.
479 2331 1421 2439 diese Entdekung habe sie schleünigst Müntzh
479 2419 1445 2502 Grosweibel anzeigen laßen, damit er dasjenige
473 2476 1432 2579 richterlich vorkehre, was zu Behändigung dieser
472 2543 1428 2671 Leuten, und mehrerer Aufheiterung der Sach Er
477 2628 935 2738 nöthig erachten werde.
467 2722 1378 2828 der ganze Diebstahl bestehe ausfolgenden
467 2777 694 2866 Artiklen.
473 2854 818 2957 22. Vendomes.
457 2926 749 3032 50. Rabat.
464 3007 783 3117 18. Dorlottes,
452 3100 831 3191 18. Nachthauben.
454 3174 1448 3265 19. Hals tücher, prodierte und andere von Monsse
529 3257 636 3326 line
439 3313 996 3432 5. Fürtuch von Mousseline.
425 3407 1377 3519 8. paar Engageantes mit und ohne Broderie.
1347 3487 1396 3551 2.
1610 2606 1663 2691 2.
2593 361 2752 461 A. 32
1629 498 2222 631 2 Toilettes von Monseline.
1651 593 2090 716 1. Coesse mit Spitzen.
1648 690 1887 783 1. dito alte.
1685 742 2126 849 Paar Marchettes.
1651 775 1680 852 1.
1652 818 2415 928 1. Arbeit Sekel von Emboutissure.
1668 881 2712 1019 davon aber haben sich, mit gegriff deßen so
1690 961 2702 1080 die Frau Bäklin gebracht, in der gestrigen
1683 1054 2676 1169 Durchsuchung dieser Schumachers Dufresne
1655 1130 2740 1251 Wohnung nachstehende Sachen befunden, welche
1678 1204 2741 1315 zwar nicht mehr in gleichem zustand seyen, dennoch
2562 1286 2665 1352 Als
1687 1283 2425 1401 aber Sie für die Ihrigen erkenne.
1676 1358 2680 1475 65. Vendomes, davon die Pläzlin abgehauen.
1693 1451 1909 1544 7. Rabat.
1686 1502 2673 1623 12. Dorlottes, davon die Spizen abgehauen.
1663 1595 2724 1700 4 nacht gauben, davon die spitzen abgetrennt.
1671 1661 2613 1765 50 hals tücher darvon nur eines prodiert.
1683 1723 2718 1873 3. Fürtuch von Mousseline, einer ohne Falbala
1681 1817 2683 1937 6. paar Engageantes, davon 5 paar verhauen.
1675 1903 2124 1992 8. zerhauene Soilette.
1669 1976 1971 2099 5. alte Coeffe¬
1683 2043 2116 2147 6. paar Mancheltes
1678 2120 2391 2224 Arbeit Settel von Emboutissure.
1678 2199 2724 2302 dieses seye, was Sie über diese Geschicht Zeugen
1678 2285 2601 2381 könne, und überlaße alles der hohen Justiz¬
1720 2586 2743 2720 Frau Elisabeth Stoß des schloßer Meisters
1681 2674 2431 2787 Ehefrau, gebohrne Bäklin sagt aus.
1696 2742 2730 2839 verlichenen Constag Nachmittags seye der Schu¬
1678 2825 2713 2931 macher Dufrenes Eheweib zu ihrem Haus ge¬
1686 2892 2728 2990 kommen, und habe ihr zwey Bläzen prochierte grobe
1673 2975 2722 3079 Mousseline, neu und ungestammet zum Kauff ange¬
1688 3048 2664 3153 tragen. Sie habe aber solches nit kauffen
1697 3127 2643 3237 wollen, sondern Sie darmit zu ihres Bruders
1675 3203 2677 3307 Frau in der Nachbarschaft gewiesen, weilen Sie
1688 3281 2736 3383 etwelche Töchterlein habe; dahin sie auch gegangen
1684 3371 2658 3470 welches, wie sie vernommen, ihre Geschweyen auch
2519 3440 2734 3560 gekauffet.
