3024 4032
287 266 400 382 22
306 1816 398 1911 6.
916 342 1018 444 118.
421 374 1524 539 die sich nicht gleich zum Stähli begeben,
427 497 1511 590 indeßen seye diese Sach ruchtbahr worden
421 573 1514 705 so daß der H. Freyweibel Sie beschicket
412 658 1528 765 der sie deßhalben befraget, Ihnen das
418 738 1544 870 gelt abgeforderet und anderes dargegen
415 824 1544 960 gegeben, wormit Sie vorgestern dem
415 901 1587 1047 Steinmann diesen Summ der 2. 70. bezalen.
402 997 1555 1139 Er betheure, daß er von dem Stahl für
403 1100 1553 1232 diesen ihme gethanen dienst nicht das
409 1196 1521 1332 geringste empfangen, obschon er ein
399 1295 1541 1429 armer Mann seye. Er habe geglaubt,
410 1384 1537 1529 der Stähli seÿe ein aufrichtiger Treuer
410 1469 1528 1612 Mann, und habe alles gutes von Ihme
404 1582 868 1716 sagen gehöret.
419 1749 1531 1946 Christen Grenziglofer auß der
418 1876 1577 2014 Schwenglen der Herrschafft Syl bekräfftiget
416 1966 1565 2091 deß Christen Schneiders außag durchaus¬
431 2035 1543 2199 was Ihne darin betrifft mit versicheren
415 2137 1562 2298 daß er von dem Wahl nicht eines Kazens
419 2248 1540 2395 werth empfangen, und ihme in seinem
409 2317 1490 2505 vorgeben aus allzu großer Einfalt,
401 2420 1531 2607 gleichwie sein Schwager Schneider zu
424 2561 857 2703 wohl getrauet
296 2718 1587 2892 H. Barbara Schwendimann. Miche
429 2847 1575 2986 Schwendingen deß Wirths zu allmen,
1171 2943 1494 3069 Sagt auß
404 2952 902 3109 edingen Eheweib.
361 3096 1528 3263 Der Christen Wächli seye ihr sichen seith
442 3211 1512 3370 langen 92 h. schuldig gewesen. vor
425 3295 1514 3462 ungefährd dreyen Wochen an einem
431 3369 1561 3567 Sontag Abendts dann, seye er im vorbey¬
413 3499 1535 3663 gang in ihre Stuben gekommen, ohne
2766 356 2885 436 23.
1786 449 2883 604 sich aufzuhalten, und habe ihr zwey neue
1786 567 2875 674 dunf Fähler zugestelt, wie Sie ihme
1767 639 2867 757 gesagt, es gehöre ihme einen halben dazen
1753 723 2839 852 zurück, so habe er verdeütet, er begehre
1778 808 2769 942 nichts, Sie habe lang warten müßen
1770 893 2848 1024 Sie solle Sie in den Pfarr hafen thun, und
2603 998 2817 1097 Sie habe
1747 988 2471 1115 seye darmit fort gegangen.
1774 1081 2828 1216 selbige aber unter ihr ander Gelt gemischet
1774 1173 2810 1306 und darvon einer außgegeben, wiße
1773 1259 2833 1365 aber nicht wein. Der andere dann
1783 1356 2846 1466 seye Mhgh. der Münz Commission zu¬
1774 1439 2879 1546 gestelt worden. Sonsten betheure dien
1761 1518 2842 1650 daß dergl. funf Fähler sie keine mehr
1756 1590 2011 1732 gestehen.
1649 1806 2779 1990 8. Niclaus der Bagli Schulmeister
1776 1927 2553 2061 auf dem Farenberg deponirt.
2716 1957 2801 2049 E.
1774 2005 2856 2134 seye sein bruder Christen Stahl zwischen
1774 2096 2784 2186 Martini und Wienachten lezthin zu
1779 2169 2836 2301 Ihme gekommen, habe Ihne in ständig¬
1779 2248 2860 2345 ersucht, daß er ihme aus den Schulden
1773 2333 2840 2456 helffen möchte, die Sich sammethaffts auf¬
1791 2393 2838 2520 . 35. belauffen, unter versprechen,
1785 2493 2786 2629 er werde ihme solches in neuem Gelt
1788 2587 2882 2716 wieder erstehen, welches Gelter Schul¬
1791 2659 2837 2794 Meister ihme geschoßen. Der Christen
1793 2752 2840 2885 Stähli aber nachwerts in neuem Gelt
1787 2827 2872 2968 refundieret, mit beyfügen, diß seye gelt,
1792 2922 2847 3064 das er zusammen geleget, er werde es
1802 3001 2866 3140 nach dem Steuen jahr wieder heraus.
2168 3102 2870 3221 Einiche Zeit hernach seye er
1810 3107 1995 3219 losen.
1793 3180 2906 3318 wieder kommen, habe ihme seine umstände
1801 3265 2870 3417 kläglichst vorgestellet und gesaget, er seyn
1795 3350 2843 3511 branck gelegen, habe nichts verdienen
1814 3449 2875 3584 können, seine haußhaltung habe allein
