3024 4032
297 55 438 162 341.
477 123 737 295 .
484 238 1366 412 diertes Examen
376 425 422 505 7
440 359 1472 591 Mit Niclaus Sprich von
824 496 1145 606 Hunziken.
271 556 429 744 Frag
450 621 1502 820 Erstelle sich wohl erinneren, ob zwischen
457 713 1494 883 dem Stahl und ihme nichts weiters¬
447 818 1506 976 vorgegangen, als was sein letztes Exem¬
439 902 1505 1095 anhalte, nambl. daß er von dem Star¬
438 1008 1511 1179 mehr nicht als die bekante 74. Burch
425 1097 1171 1242 kochen Stuck empfangen.
275 1236 414 1320 Auct
442 1213 1465 1389 Sie haben weiters nichts mit einander
418 1332 634 1449 gehabt.
241 1457 429 1598 Prag.
442 1467 1471 1618 Ob er dann laugnen dorffe, daß der
412 1544 1479 1705 Stähli ihme nicht auch 10 tag stück gegeben.
267 1686 411 1775 Amts
427 1680 1502 1847 Ja, er habe Ihme auch deren eingehändiget,
262 1830 416 1979 Jung.
431 1834 1461 2000 zu welcher Zeit er ihme selbige gegeben.
418 1943 1370 2074 ob es zuvor gewesen, als die zu
387 2023 1399 2165 Sbunhingen zusammen gekommen?
249 2147 410 2263 Autw.
424 2139 1247 2284 Ja: es seye vorher gewesen
243 2249 1467 2434 Frag. Wie viel Stück er ihme darvon zugestellt,
234 2424 383 2513 Antw
411 2418 1412 2566 Es können bey d. 30. in Tettons
380 2505 1403 2653 gewesen seyn, welche er Ing. gegen
357 2613 1404 2745 geprägete außgewechslet, und die
366 2707 1409 2849 Sie dann hernach mit einander ge¬
349 2800 650 2901 theillet
223 2939 359 3038 Jurg
387 2929 1442 3077 Ob er ihme Selbige auf ein mahl oder
337 3033 1367 3173 zu verschiedenen mahlen gegeben.
206 3162 343 3269 Auto
358 3172 1449 3293 Er habe Ihme etwelche mahl überlieferet,
348 3251 1383 3394 und auch auf gleiche weise haben
330 3345 1343 3500 er dem Wahl geprägte wieder
316 3469 882 3598 zurück gegeben.
1579 392 1697 546 Cag
1598 522 1727 629 Autl.
1591 648 1689 783 sung
1590 1164 1724 1244 Autw.
1582 1288 1683 1421 Brig
1592 1884 1702 2001 Antl
1557 2524 1726 2626 Instirt
1560 3173 1679 3269 Act.
2786 29 2904 152 577
1736 260 2842 509 Wo er mit seinem Antheil hingekommen?
1735 373 2951 637 Er habe solchen in steine haußhaltung verwendet
1725 482 2919 728 auß diesem ergebe sich klar, daß er schon zuvor
1727 576 2921 798 gewußt, als der Wahl ihme die 6. geprägete
1722 665 2916 905 durf dachen Stuck zu Münstingen zugestelt
1726 721 2924 979 daß der Wahl untreu worden, und er also
1728 836 2909 1061 in seinen vorigen Verhören die Wahrheit ver¬
1723 1018 1913 1140 shellet.
1738 1079 2575 1260 Ja es müße deine also seyn
1723 1215 2926 1407 Warum er solches nicht anfänglich geoffenbaret,
1722 1292 2885 1473 und erst jetz bekenne, da es an dem Tag¬
1729 1392 2912 1560 lige. Dieses zeige an, daß er sein gewißen
1727 1495 2874 1632 nicht völlig entladen, sonder daß er noch¬
1725 1588 2866 1693 in mehrerem entweders allein oder mit
1704 1675 2800 1808 dem Wahl oder jemand anders werde
1726 1771 2280 1898 mitren gewesen seyn.
1735 1889 2895 2047 Er habe diesen diebstahl verschweigen wolle
1726 1977 2860 2133 um dardurch dem Stähli und Ihme zu
1715 2050 2844 2200 verschonen, dennoch versichere er, daß
1707 2144 2840 2280 dieses nun alles seye, und er weder mit
1707 2216 2754 2376 dem Stahl ins gemein, noch allein
1700 2330 2879 2510 oder mit Jemand anderem weiters nichts
1711 2391 2168 2527 veruntreuet.
1738 2540 2876 2758 Es seye gar nicht glaublich, daß es darbey
1713 2648 2785 2835 allein werde geblieben seyn, er werde
1693 2708 2895 2923 dahero zum letzten mahl ermahnt, seinem
1690 2802 2757 3021 gewißen Ruhe zuschaffen, und sein
1678 2896 2906 3120 herz ungescheüt und ohne weiteres Handere
1663 3013 2893 3237 zu lahren, damit er von seiner hohen Ober¬
1700 3068 2677 3293 keit desto eher gnad hoffen könne?
1707 3193 2854 3461 Er betheüre bey seinem Gewißen, daß
1701 3293 2826 3537 er nichts mehr zu bekennen habe, sonsten
1686 3359 2429 3526 er es sicherlich thun wolte.
1691 3424 2879 3693 bätte demütigst um gnädige straaff, so woll für
1680 3501 2861 3786 steinen befangenen fehler, als daß er selbigen
1695 3560 2607 3761 nicht alsobald aufrichtig bekennet.
1671 3619 2761 3865 abgelesen und bestätiget. act. ut supra
