<?xml version="1.0" encoding="UTF-8" standalone="yes"?>
<PcGts xmlns="http://schema.primaresearch.org/PAGE/gts/pagecontent/2013-07-15" xmlns:xsi="http://www.w3.org/2001/XMLSchema-instance" xsi:schemaLocation="http://schema.primaresearch.org/PAGE/gts/pagecontent/2013-07-15 http://schema.primaresearch.org/PAGE/gts/pagecontent/2013-07-15/pagecontent.xsd">
    <Metadata>
        <Creator>prov=University of Rostock/Institute of Mathematics/CITlab|PLANET AI GmbH/Gundram Leifert/gundram.leifert@planet-ai.de:name=German_Kurrent_XVI-XVIII_M5.4(htr_id=38771)::::v=2.6.7
prov=University of Rostock/Institute of Mathematics/CITlab|PLANET AI GmbH/Tobias Gruening/tobias.gruening@planet-ai.de:name=de.uros.citlab.module.baseline2polygon.B2PSeamMultiOriented:v=2.6.7
prov=University of Rostock/Institute of Mathematics/CITlab|PLANET AI GmbH/Tobias Gruening/tobias.gruening@planet-ai.de:name=/net_tf/LA73_249_0mod360.pb:de.uros.citlab.segmentation.CITlab_LA_ML:v=2.6.7
Transkribus</Creator>
        <Created>2022-06-16T09:29:18.771+02:00</Created>
        <LastChange>2022-09-12T15:41:21.606+02:00</LastChange>
        <TranskribusMetadata docId="1334852" pageId="52363868" pageNr="216" tsid="114645953" status="IN_PROGRESS" userId="9570" imgUrl="https://files.transkribus.eu/Get?id=ISAQBZZWNOCABFKOOVTGCYWR&amp;fileType=view" xmlUrl="https://files.transkribus.eu/Get?id=DLGIZZONSQJANDECOYNPRTXV" imageId="35485826"/>
    </Metadata>
    <Page imageFilename="IMG_7968.jpg" imageWidth="3024" imageHeight="4032">
        <ReadingOrder>
            <OrderedGroup id="ro_1687513613101" caption="Regions reading order">
                <RegionRefIndexed index="0" regionRef="r1"/>
                <RegionRefIndexed index="1" regionRef="r2"/>
                <RegionRefIndexed index="2" regionRef="r3"/>
            </OrderedGroup>
        </ReadingOrder>
        <TextRegion orientation="0.0" id="r1" custom="readingOrder {index:0;}">
            <Coords points="350,286 350,440 483,440 483,286"/>
            <TextLine id="r1l1" custom="readingOrder {index:0;}">
                <Coords points="344,405 370,398 391,414 403,413 423,424 461,419 469,412 490,421 487,340 452,345 441,334 421,330 403,337 383,326 367,341 342,351"/>
                <Baseline points="350,389 376,390 403,390 429,388 456,386 483,387"/>
                <TextEquiv>
                    <Unicode>130</Unicode>
                </TextEquiv>
            </TextLine>
            <TextEquiv>
                <Unicode>130</Unicode>
            </TextEquiv>
        </TextRegion>
        <TextRegion orientation="0.0" id="r2" custom="readingOrder {index:1;}">
            <Coords points="449,498 449,3480 1479,3480 1479,498"/>
            <TextLine id="r2l1" custom="readingOrder {index:0;} person {offset:22; length:7;}">
                <Coords points="521,543 705,585 784,549 1163,558 1477,647 1487,558 1313,469 1258,503 1110,461 806,494 649,448 527,455"/>
                <Baseline points="528,536 575,538 622,540 670,542 717,543 764,545 812,545 859,545 906,546 954,547 1001,548 1048,551 1096,554 1143,558 1190,563 1238,570 1285,578 1332,589 1380,601 1427,616 1475,633"/>
                <TextEquiv>
                    <Unicode>Standermordet. Welche Mißelis</Unicode>
                </TextEquiv>
            </TextLine>
            <TextLine id="r2l2" custom="readingOrder {index:1;}">
                <Coords points="533,644 600,676 653,637 885,632 982,639 1016,673 1083,631 1178,637 1286,691 1318,667 1458,707 1462,637 1366,608 1282,628 1171,559 961,555 892,593 783,551 720,584 657,559 583,608 536,585"/>
                <Baseline points="540,623 585,624 631,626 676,626 722,626 767,626 813,626 858,627 904,627 949,627 995,629 1041,632 1086,634 1132,636 1177,642 1223,647 1268,653 1314,662 1359,672 1405,684 1451,696"/>
                <TextEquiv>
                    <Unicode>noch um so viel abscheulicher ist, als</Unicode>
                </TextEquiv>
            </TextLine>
            <TextLine id="r2l3" custom="readingOrder {index:2;}">
                <Coords points="532,729 580,710 639,745 749,704 797,745 1083,715 1150,748 1193,729 1225,758 1435,771 1438,703 1283,706 1174,638 1057,639 1018,672 986,639 882,639 788,678 652,636 594,681 535,674"/>
                <Baseline points="540,702 584,704 628,704 673,705 717,705 762,705 806,705 850,705 895,707 939,707 984,708 1028,710 1072,713 1117,715 1161,719 1206,723 1250,728 1294,734 1339,741 1383,750 1428,761"/>
                <TextEquiv>
                    <Unicode>er wohl gewußt, wie daß gemelt</Unicode>
                </TextEquiv>
            </TextLine>
            <TextLine id="r2l4" custom="readingOrder {index:3;}">
                <Coords points="532,815 1013,793 1065,829 1113,796 1172,830 1255,808 1451,858 1465,824 1302,748 1187,779 928,713 855,745 794,745 755,703 666,748 601,717 535,741"/>
                <Baseline points="540,780 585,783 631,786 677,788 723,789 769,789 815,789 860,789 906,789 952,789 998,789 1044,789 1090,791 1136,794 1181,797 1227,801 1273,807 1319,814 1365,823 1411,834 1457,846"/>
                <TextEquiv>
                    <Unicode>seine Verlobte von ihme schwangeren</Unicode>
                </TextEquiv>
            </TextLine>
            <TextLine id="r2l5" custom="readingOrder {index:4;}">
                <Coords points="538,872 622,875 677,923 718,918 810,872 898,890 930,882 931,842 892,840 851,808 829,825 751,800 704,821 586,790 540,813"/>
                <Baseline points="545,855 570,858 595,861 620,863 646,864 671,866 696,866 721,866 747,866 772,866 797,866 822,867 848,867 873,868 898,869 924,872"/>
                <TextEquiv>
                    <Unicode>leibs gewesen.</Unicode>
                </TextEquiv>
            </TextLine>
            <TextLine id="r2l6" custom="readingOrder {index:5;}">
                <Coords points="936,860 953,860 967,875 979,869 986,871 991,865 1005,873 1012,874 1020,868 1029,874 1039,868 1045,874 1054,874 1054,837 1038,838 1025,833 999,849 978,834 967,842 954,836 946,840 936,838"/>
                <Baseline points="942,873 968,875 994,876 1020,876 1047,873"/>
                <TextEquiv>
                    <Unicode>.</Unicode>
                </TextEquiv>
            </TextLine>
            <TextLine id="r2l7" custom="readingOrder {index:6;}">
                <Coords points="1052,894 1309,886 1340,914 1395,911 1462,945 1470,880 1421,857 1385,861 1359,837 1291,866 1253,841 1229,854 1184,825 1153,834 1118,803 1061,821"/>
                <Baseline points="1062,870 1088,872 1114,875 1141,875 1167,878 1194,879 1220,881 1246,884 1273,886 1299,889 1326,892 1352,896 1378,902 1405,907 1431,915 1458,923"/>
                <TextEquiv>
                    <Unicode>deßen alles den</Unicode>
                </TextEquiv>
            </TextLine>
            <TextLine id="r2l8" custom="readingOrder {index:7;}">
                <Coords points="535,950 764,946 808,979 865,946 992,997 1078,956 1159,1000 1277,973 1415,996 1419,912 1316,894 1257,921 991,868 912,908 818,874 677,923 594,866 539,871"/>
                <Baseline points="542,932 585,934 628,936 672,938 715,939 759,940 802,942 845,942 889,944 932,944 976,945 1019,947 1062,948 1106,950 1149,952 1193,956 1236,959 1279,962 1323,966 1366,972 1410,978"/>
                <TextEquiv>
                    <Unicode>der Delinquent freywillig bekant</Unicode>
                </TextEquiv>
            </TextLine>
            <TextLine id="r2l9" custom="readingOrder {index:8;}">
                <Coords points="533,1068 573,1048 592,1063 627,1052 668,1077 739,1052 768,1058 770,953 746,947 702,961 679,946 648,968 607,962 598,969 573,951 535,949"/>
                <Baseline points="540,1016 567,1017 595,1017 623,1017 651,1017 678,1017 706,1018 734,1019 762,1022"/>
                <TextEquiv>
                    <Unicode>worden.</Unicode>
                </TextEquiv>
            </TextLine>
            <TextLine id="r2l10" custom="readingOrder {index:9;}">
                <Coords points="504,1177 1066,1184 1200,1223 1354,1203 1485,1256 1488,1172 1357,1121 1283,1132 1236,1087 1096,1118 1040,1089 932,1152 767,1092 507,1078"/>
                <Baseline points="510,1170 558,1175 606,1177 655,1178 703,1179 752,1179 800,1179 849,1178 897,1176 946,1176 994,1175 1042,1175 1091,1176 1139,1177 1188,1179 1236,1183 1285,1188 1333,1194 1382,1203 1430,1213 1479,1226"/>
                <TextEquiv>
                    <Unicode>Wann Wir nun das weltliche Schwerde</Unicode>
                </TextEquiv>
            </TextLine>
            <TextLine id="r2l11" custom="readingOrder {index:10;}">
                <Coords points="536,1255 804,1256 859,1303 949,1250 1176,1310 1276,1263 1452,1301 1453,1239 1354,1204 1146,1222 901,1176 818,1218 712,1179 676,1205 538,1194"/>
                <Baseline points="543,1245 588,1247 633,1248 678,1250 723,1250 768,1250 813,1251 859,1251 904,1251 949,1253 994,1253 1039,1254 1084,1254 1129,1256 1175,1259 1220,1261 1265,1263 1310,1267 1355,1272 1400,1276 1446,1283"/>
                <TextEquiv>
                    <Unicode>der Gerechtigkeit, von Gott dem</Unicode>
                </TextEquiv>
            </TextLine>
            <TextLine id="r2l12" custom="readingOrder {index:11;}">
                <Coords points="517,1334 946,1330 1070,1385 1146,1348 1198,1374 1327,1348 1375,1386 1468,1365 1359,1272 1312,1310 1244,1275 1132,1311 1048,1250 956,1286 915,1260 859,1303 804,1256 713,1284 679,1248 521,1263"/>
                <Baseline points="525,1314 571,1316 618,1316 665,1317 712,1319 759,1320 805,1322 852,1323 899,1325 946,1326 993,1329 1039,1331 1086,1334 1133,1336 1180,1340 1227,1343 1273,1347 1320,1350 1367,1354 1414,1358 1461,1362"/>
                <TextEquiv>
                    <Unicode>Aller Obersten Regenten tragen</Unicode>
                </TextEquiv>
            </TextLine>
            <TextLine id="r2l13" custom="readingOrder {index:12;}">
                <Coords points="526,1397 658,1398 720,1438 833,1404 982,1402 1051,1434 1100,1405 1271,1410 1403,1460 1461,1443 1465,1369 1369,1390 1321,1360 1222,1398 1134,1354 1051,1384 969,1338 930,1361 869,1333 529,1333"/>
                <Baseline points="534,1386 580,1389 626,1391 672,1394 718,1395 764,1397 810,1398 856,1401 902,1403 948,1404 994,1406 1040,1407 1086,1410 1132,1412 1178,1414 1224,1416 1270,1420 1316,1424 1362,1426 1408,1431 1455,1436"/>
                <TextEquiv>
                    <Unicode>das unschuldig vergoßene Rüthi</Unicode>
                </TextEquiv>
            </TextLine>
            <TextLine id="r2l14" custom="readingOrder {index:13;}">
                <Coords points="527,1482 710,1500 790,1474 964,1531 1049,1490 1110,1525 1289,1498 1471,1518 1472,1452 1328,1432 1267,1467 1193,1428 1094,1459 979,1403 727,1444 658,1398 530,1417"/>
                <Baseline points="534,1472 580,1475 627,1476 673,1478 720,1479 766,1481 813,1482 859,1484 906,1484 952,1486 999,1487 1045,1488 1092,1490 1138,1492 1185,1495 1231,1496 1278,1499 1324,1502 1371,1506 1417,1510 1464,1514"/>
                <TextEquiv>
                    <Unicode>wachen, das böse zu bestraffen, und</Unicode>
                </TextEquiv>
            </TextLine>
            <TextLine id="r2l15" custom="readingOrder {index:14;}">
                <Coords points="520,1566 585,1552 627,1593 675,1562 904,1567 953,1614 1010,1570 1067,1604 1421,1596 1424,1530 1351,1540 1297,1506 1131,1535 1062,1491 973,1546 849,1487 524,1481"/>
                <Baseline points="528,1547 572,1549 616,1551 661,1553 705,1555 749,1556 794,1558 838,1560 882,1560 927,1562 971,1563 1015,1565 1060,1567 1104,1569 1148,1571 1193,1574 1237,1576 1281,1578 1326,1582 1370,1586 1415,1590"/>
                <TextEquiv>
                    <Unicode>Und höchstend angelegen, Unsere</Unicode>
                </TextEquiv>
            </TextLine>
            <TextLine id="r2l16" custom="readingOrder {index:15;}">
                <Coords points="526,1643 864,1657 932,1703 1026,1653 1478,1700 1480,1620 1367,1596 1030,1580 968,1617 901,1568 711,1591 671,1565 629,1596 530,1565"/>
                <Baseline points="533,1635 580,1637 627,1640 674,1641 721,1643 768,1645 815,1646 862,1647 909,1649 956,1650 1003,1650 1050,1652 1097,1653 1144,1656 1191,1658 1238,1660 1285,1663 1332,1666 1379,1671 1426,1676 1473,1680"/>
                <TextEquiv>
                    <Unicode>Lande, von der gleichen Aut Schulden</Unicode>
                </TextEquiv>
            </TextLine>
            <TextLine id="r2l17" custom="readingOrder {index:16;}">
                <Coords points="518,1738 572,1725 632,1772 699,1724 1065,1749 1114,1728 1338,1763 1423,1751 1425,1698 1026,1654 928,1705 799,1649 750,1683 713,1654 521,1645"/>
                <Baseline points="525,1709 569,1713 614,1715 658,1718 703,1719 747,1722 792,1723 836,1725 881,1725 925,1727 970,1728 1015,1730 1059,1731 1104,1733 1148,1734 1193,1736 1237,1739 1282,1740 1326,1743 1371,1746 1416,1751"/>
                <TextEquiv>
                    <Unicode>zu befreyen. Als haben Wir</Unicode>
                </TextEquiv>
            </TextLine>
            <TextLine id="r2l18" custom="readingOrder {index:17;}">
                <Coords points="493,1832 561,1792 703,1844 1006,1803 1140,1843 1446,1833 1448,1762 1403,1747 1230,1776 1109,1733 699,1724 634,1772 558,1735 496,1759"/>
                <Baseline points="501,1791 547,1791 594,1791 641,1793 688,1793 735,1794 782,1796 829,1797 876,1799 923,1800 970,1802 1016,1803 1063,1805 1110,1807 1157,1809 1204,1811 1251,1813 1298,1815 1345,1818 1392,1820 1439,1821"/>
                <TextEquiv>
                    <Unicode>hiemit zu Recht gesprochen und</Unicode>
                </TextEquiv>
            </TextLine>
            <TextLine id="r2l19" custom="readingOrder {index:18;}">
                <Coords points="752,1986 791,2006 817,1996 869,1949 898,1949 911,1958 920,1951 972,1952 971,1889 944,1881 935,1888 892,1872 826,1871 817,1881 795,1874 779,1881 751,1867"/>
                <Baseline points="758,1949 783,1946 809,1944 835,1943 861,1943 887,1944 913,1944 939,1944 965,1943"/>
                <TextEquiv>
                    <Unicode>Erfert</Unicode>
                </TextEquiv>
            </TextLine>
            <TextLine id="r2l20" custom="readingOrder {index:19;} person {offset:28; length:5; continued:true;}">
                <Coords points="489,2081 1219,2139 1436,2109 1438,2051 1246,2016 1194,2055 1064,1997 938,1995 876,2036 491,2018"/>
                <Baseline points="495,2081 541,2081 588,2082 635,2084 682,2085 728,2085 775,2088 822,2090 869,2092 915,2094 962,2096 1009,2097 1056,2099 1102,2102 1149,2103 1196,2105 1243,2106 1289,2108 1336,2109 1383,2109 1430,2109"/>
                <TextEquiv>
                    <Unicode>Es solle dieser Arme Sunder Jacob</Unicode>
                </TextEquiv>
            </TextLine>
            <TextLine id="r2l21" custom="readingOrder {index:20;} person {offset:0; length:5; continued:true;}">
                <Coords points="486,2161 694,2194 879,2176 919,2220 975,2177 1044,2217 1132,2186 1457,2225 1460,2137 1355,2113 1252,2158 1128,2112 973,2158 888,2099 723,2131 661,2093 489,2081"/>
                <Baseline points="492,2157 540,2159 588,2162 636,2162 684,2164 732,2165 780,2166 828,2168 876,2170 924,2172 972,2174 1020,2175 1068,2177 1116,2179 1164,2181 1212,2183 1260,2186 1308,2187 1356,2190 1404,2193 1452,2195"/>
                <TextEquiv>
                    <Unicode>Wäber, als ein grausammer Morden,</Unicode>
                </TextEquiv>
            </TextLine>
            <TextLine id="r2l22" custom="readingOrder {index:21;}">
                <Coords points="497,2268 538,2239 717,2268 811,2245 1119,2266 1178,2308 1234,2267 1389,2263 1391,2213 1233,2195 1180,2228 1129,2186 1044,2217 972,2178 916,2217 878,2176 814,2208 765,2175 695,2195 500,2170"/>
                <Baseline points="504,2237 550,2237 596,2237 642,2238 689,2240 735,2241 781,2244 827,2246 874,2248 920,2250 966,2253 1012,2255 1059,2256 1105,2258 1151,2259 1197,2261 1244,2261 1290,2261 1336,2259 1383,2258"/>
                <TextEquiv>
                    <Unicode>zu wohl verdienter dennoch aber</Unicode>
                </TextEquiv>
            </TextLine>
            <TextLine id="r2l23" custom="readingOrder {index:22;}">
                <Coords points="478,2361 565,2318 634,2356 736,2324 840,2361 884,2330 1387,2352 1419,2349 1421,2299 1376,2266 1317,2292 1277,2267 1163,2319 1046,2264 641,2242 480,2287"/>
                <Baseline points="486,2310 532,2313 578,2315 625,2316 671,2320 717,2322 764,2324 810,2327 856,2328 903,2330 949,2333 995,2334 1042,2336 1088,2337 1134,2339 1181,2339 1227,2340 1273,2339 1320,2339 1366,2337 1413,2336"/>
                <TextEquiv>
                    <Unicode>gnädiger Bestraffung, und allen</Unicode>
                </TextEquiv>
            </TextLine>
            <TextLine id="r2l24" custom="readingOrder {index:23;}">
                <Coords points="487,2399 783,2411 913,2454 964,2419 1328,2452 1379,2415 1428,2436 1430,2356 1148,2345 1100,2391 954,2338 873,2333 801,2376 695,2330 488,2349"/>
                <Baseline points="494,2396 540,2398 586,2400 633,2403 679,2405 726,2406 772,2408 818,2409 865,2412 911,2413 958,2414 1004,2415 1050,2416 1097,2417 1143,2417 1190,2418 1236,2418 1282,2418 1329,2418 1375,2418 1422,2417"/>
                <TextEquiv>
                    <Unicode>bösen zum Abschen, dem Scharff¬</Unicode>
                </TextEquiv>
            </TextLine>
            <TextLine id="r2l25" custom="readingOrder {index:24;}">
                <Coords points="484,2485 1072,2527 1209,2508 1258,2540 1425,2505 1427,2436 1233,2424 1158,2480 1110,2434 1025,2465 967,2419 886,2459 683,2409 485,2436"/>
                <Baseline points="491,2480 537,2481 583,2483 630,2486 676,2489 723,2490 769,2493 815,2495 862,2498 908,2500 955,2502 1001,2502 1047,2504 1094,2505 1140,2505 1187,2505 1233,2504 1279,2502 1326,2501 1372,2497 1419,2493"/>
                <TextEquiv>
                    <Unicode>Richtes übergeben, von demselben</Unicode>
                </TextEquiv>
            </TextLine>
            <TextLine id="r2l26" custom="readingOrder {index:25;}">
                <Coords points="481,2577 992,2581 1168,2595 1222,2630 1282,2593 1315,2616 1426,2584 1420,2520 1299,2547 1168,2507 1066,2545 858,2496 780,2553 682,2496 598,2483 547,2515 484,2481"/>
                <Baseline points="489,2561 535,2562 582,2563 628,2565 675,2566 721,2568 768,2571 814,2574 861,2576 907,2579 954,2580 1000,2583 1047,2585 1093,2586 1140,2588 1186,2588 1233,2587 1279,2585 1326,2583 1372,2580 1419,2576"/>
                <TextEquiv>
                    <Unicode>gebunden, oben aus auf die gebohrte</Unicode>
                </TextEquiv>
            </TextLine>
            <TextLine id="r2l27" custom="readingOrder {index:26;}">
                <Coords points="461,2653 574,2695 629,2651 772,2711 1066,2666 1277,2716 1370,2666 1371,2607 1226,2651 1167,2595 1052,2628 993,2581 921,2619 862,2579 701,2614 622,2570 463,2594"/>
                <Baseline points="468,2642 512,2643 557,2645 602,2648 647,2650 692,2653 736,2655 781,2658 826,2660 871,2661 916,2664 960,2666 1005,2666 1050,2667 1095,2667 1140,2667 1184,2667 1229,2666 1274,2664 1319,2662 1364,2658"/>
                <TextEquiv>
                    <Unicode>Richtstatt geführet worten nach</Unicode>
                </TextEquiv>
            </TextLine>
            <TextLine id="r2l28" custom="readingOrder {index:27;}">
                <Coords points="478,2732 550,2730 613,2772 656,2732 1349,2759 1398,2747 1400,2673 1239,2725 1067,2667 928,2725 740,2707 631,2650 575,2695 479,2678"/>
                <Baseline points="485,2724 530,2725 575,2727 621,2729 666,2730 711,2733 757,2735 802,2738 847,2739 893,2741 938,2744 983,2745 1029,2747 1074,2747 1119,2748 1165,2748 1210,2748 1255,2747 1301,2745 1346,2743 1392,2741"/>
                <TextEquiv>
                    <Unicode>Empfehlung seiner Seelen, in die</Unicode>
                </TextEquiv>
            </TextLine>
            <TextLine id="r2l29" custom="readingOrder {index:28;} person {offset:16; length:21; continued:true;}">
                <Coords points="450,2862 502,2874 594,2817 679,2821 723,2862 818,2829 881,2877 945,2832 1238,2828 1307,2860 1419,2832 1420,2783 853,2740 688,2739 629,2785 577,2738 511,2784 452,2764"/>
                <Baseline points="458,2808 505,2810 553,2811 601,2813 648,2816 696,2817 744,2819 791,2820 839,2822 887,2823 935,2825 982,2826 1030,2827 1078,2828 1125,2829 1173,2829 1221,2829 1268,2828 1316,2828 1364,2826 1412,2825"/>
                <TextEquiv>
                    <Unicode>Erbarende ihrer Heilands und Erlosers</Unicode>
                </TextEquiv>
            </TextLine>
            <TextLine id="r2l30" custom="readingOrder {index:29;} person {offset:0; length:12; continued:true;}">
                <Coords points="442,2886 719,2902 762,2942 867,2910 893,2936 947,2909 1158,2933 1332,2917 1336,2823 1054,2839 1009,2871 940,2836 873,2880 797,2834 723,2862 676,2819 443,2863"/>
                <Baseline points="449,2880 492,2882 536,2883 580,2885 624,2887 668,2889 712,2892 755,2895 799,2898 843,2900 887,2903 931,2904 975,2907 1019,2909 1062,2910 1106,2910 1150,2910 1194,2910 1238,2909 1282,2907 1326,2904"/>
                <TextEquiv>
                    <Unicode>Sesu Christi, auf eine Drechen</Unicode>
                </TextEquiv>
            </TextLine>
            <TextLine id="r2l31" custom="readingOrder {index:30;}">
                <Coords points="467,2998 519,2967 572,3010 634,2973 976,3014 1434,2994 1436,2921 1370,2957 1320,2914 1274,2945 1194,2914 1009,2941 861,2913 774,2962 704,2901 469,2916"/>
                <Baseline points="474,2961 521,2964 569,2967 617,2969 664,2973 712,2975 760,2978 807,2981 855,2982 903,2985 951,2987 998,2988 1046,2988 1094,2990 1141,2990 1189,2988 1237,2988 1284,2987 1332,2984 1380,2980 1428,2976"/>
                <TextEquiv>
                    <Unicode>gelegt nachwerts seine Glieder mit</Unicode>
                </TextEquiv>
            </TextLine>
            <TextLine id="r2l32" custom="readingOrder {index:31;}">
                <Coords points="460,3055 968,3059 1093,3099 1161,3066 1424,3062 1425,3028 1279,2991 1081,2993 1010,3042 954,2991 828,3032 765,2983 670,2975 567,3011 518,2968 462,3003"/>
                <Baseline points="467,3036 514,3039 562,3041 609,3044 657,3046 704,3048 752,3051 799,3054 847,3056 894,3059 942,3060 990,3062 1037,3063 1085,3064 1132,3065 1180,3065 1227,3063 1275,3063 1322,3061 1370,3057 1418,3054"/>
                <TextEquiv>
                    <Unicode>dem Rad, von unter auf gebrochen.</Unicode>
                </TextEquiv>
            </TextLine>
            <TextLine id="r2l33" custom="readingOrder {index:32;}">
                <Coords points="463,3132 533,3123 576,3159 643,3128 768,3171 827,3136 1003,3139 1073,3182 1124,3143 1202,3175 1436,3135 1437,3100 1283,3066 1097,3098 960,3060 878,3107 766,3053 464,3071"/>
                <Baseline points="470,3117 518,3117 566,3119 614,3120 662,3122 710,3124 758,3126 806,3129 854,3131 902,3133 950,3135 998,3137 1046,3138 1094,3140 1142,3140 1190,3140 1238,3138 1286,3137 1334,3135 1382,3131 1430,3126"/>
                <TextEquiv>
                    <Unicode>und zu letzt ihme das Herr Verstoßen</Unicode>
                </TextEquiv>
            </TextLine>
            <TextLine id="r2l34" custom="readingOrder {index:33;}">
                <Coords points="449,3209 802,3211 883,3255 946,3222 1296,3218 1362,3259 1428,3229 1430,3157 1307,3138 1084,3204 1003,3140 915,3174 828,3137 770,3173 641,3128 549,3183 451,3130"/>
                <Baseline points="456,3195 504,3197 552,3199 600,3201 649,3203 697,3206 745,3208 794,3211 842,3213 890,3215 939,3217 987,3219 1035,3219 1083,3221 1132,3221 1180,3221 1228,3219 1277,3218 1325,3215 1373,3212 1422,3207"/>
                <TextEquiv>
                    <Unicode>und also von dem Leben zum Tod hingen</Unicode>
                </TextEquiv>
            </TextLine>
            <TextLine id="r2l35" custom="readingOrder {index:34;}">
                <Coords points="455,3292 825,3298 864,3326 895,3299 940,3326 1173,3299 1258,3338 1389,3297 1390,3207 1168,3248 983,3225 923,3273 801,3211 731,3235 585,3206 455,3258"/>
                <Baseline points="462,3288 508,3287 554,3287 600,3287 646,3288 692,3289 738,3291 784,3293 830,3295 876,3297 922,3299 968,3300 1014,3302 1060,3303 1106,3303 1152,3303 1198,3303 1244,3300 1290,3296 1336,3293 1382,3287"/>
                <TextEquiv>
                    <Unicode>gerichtet werden. Hernach soll die</Unicode>
                </TextEquiv>
            </TextLine>
            <TextLine id="r2l36" custom="readingOrder {index:35;}">
                <Coords points="457,3388 1342,3402 1449,3367 1449,3301 1408,3283 1260,3341 1015,3306 939,3349 889,3311 542,3279 458,3333"/>
                <Baseline points="464,3363 512,3363 561,3365 610,3366 659,3367 708,3369 757,3372 806,3375 855,3377 904,3380 953,3383 1001,3384 1050,3386 1099,3386 1148,3386 1197,3384 1246,3382 1295,3378 1344,3372 1393,3366 1442,3357"/>
                <TextEquiv>
                    <Unicode>enthielte Cörper in das Rad gefochten.</Unicode>
                </TextEquiv>
            </TextLine>
            <TextLine id="r2l37" custom="readingOrder {index:36;}">
                <Coords points="455,3470 512,3446 638,3489 729,3464 774,3500 879,3464 1096,3466 1220,3513 1395,3423 1234,3382 1126,3413 1096,3386 954,3409 918,3383 848,3411 621,3369 526,3427 456,3389"/>
                <Baseline points="462,3443 508,3443 554,3443 600,3444 647,3446 693,3447 739,3449 786,3452 832,3454 878,3456 925,3459 971,3461 1017,3462 1063,3462 1110,3462 1156,3462 1202,3461 1249,3458 1295,3455 1341,3450 1388,3444"/>
                <TextEquiv>
                    <Unicode>und als eine Schreben dels vierjahren</Unicode>
                </TextEquiv>
            </TextLine>
            <TextEquiv>
                <Unicode>Standermordet. Welche Mißelis
noch um so viel abscheulicher ist, als
er wohl gewußt, wie daß gemelt
seine Verlobte von ihme schwangeren
leibs gewesen.
.
deßen alles den
der Delinquent freywillig bekant
worden.
Wann Wir nun das weltliche Schwerde
der Gerechtigkeit, von Gott dem
Aller Obersten Regenten tragen
das unschuldig vergoßene Rüthi
wachen, das böse zu bestraffen, und
Und höchstend angelegen, Unsere
Lande, von der gleichen Aut Schulden
zu befreyen. Als haben Wir
hiemit zu Recht gesprochen und
Erfert
Es solle dieser Arme Sunder Jacob
Wäber, als ein grausammer Morden,
zu wohl verdienter dennoch aber
gnädiger Bestraffung, und allen
bösen zum Abschen, dem Scharff¬
Richtes übergeben, von demselben
gebunden, oben aus auf die gebohrte
Richtstatt geführet worten nach
Empfehlung seiner Seelen, in die
Erbarende ihrer Heilands und Erlosers
Sesu Christi, auf eine Drechen
gelegt nachwerts seine Glieder mit
dem Rad, von unter auf gebrochen.
und zu letzt ihme das Herr Verstoßen
und also von dem Leben zum Tod hingen
gerichtet werden. Hernach soll die
enthielte Cörper in das Rad gefochten.
und als eine Schreben dels vierjahren</Unicode>
            </TextEquiv>
        </TextRegion>
        <TextRegion orientation="0.0" id="r3" custom="readingOrder {index:2;}">
            <Coords points="1658,390 1658,1181 2729,1181 2729,390"/>
            <TextLine id="r3l1" custom="readingOrder {index:0;}">
                <Coords points="2531,439 2580,445 2593,457 2611,444 2651,460 2678,447 2687,455 2699,447 2712,452 2725,440 2736,442 2735,378 2706,368 2684,376 2665,366 2637,382 2622,381 2598,368 2562,404 2531,404"/>
                <Baseline points="2538,429 2565,431 2592,432 2619,432 2647,432 2674,430 2701,429 2729,428"/>
                <TextEquiv>
                    <Unicode>A. G.</Unicode>
                </TextEquiv>
            </TextLine>
            <TextLine id="r3l2" custom="readingOrder {index:1;}">
                <Coords points="1652,636 1767,614 1877,655 1965,601 2251,586 2301,619 2353,580 2657,586 2653,524 2602,493 2490,540 2347,487 2161,553 2063,514 1923,567 1646,519"/>
                <Baseline points="1658,629 1707,623 1757,617 1806,611 1856,607 1905,603 1955,598 2004,594 2054,592 2103,588 2153,586 2203,584 2252,581 2302,579 2351,578 2401,576 2450,575 2500,573 2549,572 2599,572 2649,570"/>
                <TextEquiv>
                    <Unicode>Staglang, auf einem Saal in die</Unicode>
                </TextEquiv>
            </TextLine>
            <TextLine id="r3l3" custom="readingOrder {index:2;}">
                <Coords points="1663,746 1788,683 1902,710 2050,668 2427,652 2458,675 2516,645 2578,660 2603,626 2383,581 2329,634 2190,590 2076,618 1967,599 1877,655 1764,614 1656,637"/>
                <Baseline points="1667,707 1713,700 1760,693 1806,688 1853,683 1899,677 1946,674 1992,671 2039,668 2085,665 2132,663 2178,660 2225,659 2271,657 2318,656 2364,654 2411,653 2457,651 2504,650 2550,648 2597,647"/>
                <TextEquiv>
                    <Unicode>Höhe gerichtet verbleiben, dißer</Unicode>
                </TextEquiv>
            </TextLine>
            <TextLine id="r3l4" custom="readingOrder {index:3;}">
                <Coords points="1673,780 1972,751 2096,790 2152,739 2247,775 2324,734 2421,772 2502,726 2638,735 2646,670 2520,645 2468,675 2166,666 2116,715 2050,668 1976,673 1912,730 1798,686 1730,743 1671,744"/>
                <Baseline points="1679,773 1727,768 1775,764 1823,761 1871,758 1919,753 1967,751 2016,748 2064,745 2112,743 2160,740 2208,738 2256,736 2304,734 2353,732 2401,729 2449,728 2497,726 2545,725 2593,722 2642,720"/>
                <TextEquiv>
                    <Unicode>endlich an das verschmächte Ohrt word</Unicode>
                </TextEquiv>
            </TextLine>
            <TextLine id="r3l5" custom="readingOrder {index:4;}">
                <Coords points="1676,883 1959,829 2207,844 2269,808 2733,818 2728,708 2540,763 2477,735 2416,775 2325,734 2252,778 2153,739 2084,798 1982,751 1876,810 1806,764 1671,794"/>
                <Baseline points="1680,849 1732,844 1784,840 1836,837 1889,833 1941,831 1993,828 2046,825 2098,822 2150,820 2203,817 2255,815 2307,813 2359,811 2412,809 2464,807 2516,804 2569,803 2621,800 2673,797 2726,795"/>
                <TextEquiv>
                    <Unicode>verscharret werden, sein Gutt aber</Unicode>
                </TextEquiv>
            </TextLine>
            <TextLine id="r3l6" custom="readingOrder {index:5;}">
                <Coords points="1685,945 2056,899 2120,938 2264,897 2473,935 2526,890 2595,894 2592,844 2433,812 2271,855 2179,834 2110,859 2040,826 1899,884 1809,852 1760,899 1682,881"/>
                <Baseline points="1691,926 1735,922 1780,919 1825,915 1870,912 1915,910 1960,907 2004,905 2049,903 2094,902 2139,899 2184,897 2229,896 2274,894 2318,893 2363,891 2408,888 2453,887 2498,885 2543,882 2588,881"/>
                <TextEquiv>
                    <Unicode>unserem Fisco zu erkent seyn.</Unicode>
                </TextEquiv>
            </TextLine>
            <TextLine id="r3l7" custom="readingOrder {index:6;}">
                <Coords points="1667,1024 1748,1044 1866,1001 2254,970 2345,1012 2448,970 2643,984 2728,961 2724,880 2560,899 2506,944 2425,911 2263,956 2057,899 1904,958 1827,919 1663,951"/>
                <Baseline points="1673,1013 1725,1008 1777,1004 1830,1001 1882,997 1935,993 1987,991 2039,988 2092,986 2144,984 2197,981 2249,980 2301,978 2354,975 2406,974 2459,971 2511,968 2563,965 2616,962 2668,959 2721,954"/>
                <TextEquiv>
                    <Unicode>Geben in Unserer großen Rahts</Unicode>
                </TextEquiv>
            </TextLine>
            <TextLine id="r3l8" custom="readingOrder {index:7;}">
                <Coords points="1685,1101 1858,1082 1942,1131 2107,1060 2442,1099 2502,1057 2671,1051 2667,981 2609,961 2525,1009 2442,973 2345,1013 2290,973 2214,1032 2090,986 2004,1032 1932,998 1681,1035"/>
                <Baseline points="1691,1094 1739,1088 1788,1083 1836,1080 1885,1076 1934,1073 1982,1071 2031,1068 2079,1067 2128,1065 2177,1063 2225,1061 2274,1058 2322,1056 2371,1054 2420,1049 2468,1045 2517,1040 2565,1034 2614,1026 2663,1019"/>
                <TextEquiv>
                    <Unicode>Versamlung, Montags den 30ten</Unicode>
                </TextEquiv>
            </TextLine>
            <TextLine id="r3l9" custom="readingOrder {index:8;}">
                <Coords points="1678,1214 1735,1171 1813,1161 1835,1177 1907,1143 1980,1196 2029,1161 2119,1166 2189,1131 2188,1107 2101,1065 2019,1098 1995,1090 1946,1126 1860,1108 1816,1123 1728,1090 1674,1115"/>
                <Baseline points="1682,1163 1707,1162 1732,1161 1757,1160 1782,1159 1807,1158 1832,1157 1857,1157 1882,1156 1907,1155 1932,1154 1957,1154 1982,1152 2007,1152 2032,1151 2057,1150 2082,1149 2107,1149 2132,1147 2157,1146 2183,1145"/>
                <TextEquiv>
                    <Unicode>Senner 1761.</Unicode>
                </TextEquiv>
            </TextLine>
            <TextEquiv>
                <Unicode>A. G.
Staglang, auf einem Saal in die
Höhe gerichtet verbleiben, dißer
endlich an das verschmächte Ohrt word
verscharret werden, sein Gutt aber
unserem Fisco zu erkent seyn.
Geben in Unserer großen Rahts
Versamlung, Montags den 30ten
Senner 1761.</Unicode>
            </TextEquiv>
        </TextRegion>
    </Page>
</PcGts>
