3024 4032
335 530 506 662 313.
430 630 523 725 5
461 1599 497 1686 .
578 617 1500 757 Hans Hooffmann deß obigen Sohn
572 716 1288 862 seines Alters 222. Jahr
1288 734 1512 845 Sagt aus
555 866 1463 993 Er seye der erste gewesen, so von diesem
550 946 1454 1083 Streit gehöret, und vor das Hause ge
548 1026 1478 1145 gangen, da er dann gehöret, daß einer
544 1092 1444 1228 gesagt, es seye ihm mit einem Scheit ein
545 1178 1424 1301 Loch in den Kopf geschlagen worden,
533 1242 1355 1371 daß er die Stirnen hinab blute.
534 1330 1410 1458 Auf diß hin etwelche Schersonen die¬
529 1411 1415 1544 Straaß hinab gegangen, und jemand
532 1485 1460 1645 gesagt, Er könne ihnen wohl nach gehen, er
552 1560 1187 1697 eye ein Guggisperger,
1325 1610 1471 1688 diesen
527 1622 1492 1781 Leuten seyen noch mehrere nachgefolget,
520 1708 1460 1852 wiße aber nicht wer, weilen er wegen
509 1780 1492 1905 der Nacht Einsterin niemand gekennt,
643 1857 1455 2015 dald darauf habe er gehöret, daß
514 1928 1439 2055 Zaun Stehen abgebrochen worden, und
512 2000 1467 2121 Streichen erfolget, worauf einer gesagt,
497 2062 1043 2204 horgeht, er ist genug¬
1253 2095 1393 2211 Ruchen
1398 2140 1426 2182 .
502 2151 1385 2275 diesem seye einer von diesen Leüthen,
503 2232 1427 2368 namentlich Götli von König, zu ihme
485 2297 1423 2432 Dept. und seinem Bruder gekommen,
492 2397 1415 2520 habe ihnen ein Liecht geforderet, mit
488 2457 1400 2614 verdeüten, er habe seine Kappen
503 2550 1412 2681 verlohren. Sie haben darauf hin
499 2622 1419 2767 ein liecht angezündet, und seyen mit
494 2705 1409 2839 diesem Jöstli daß zu Hl. von Favels
496 2774 1414 2917 Hauß hinauf gegangen, haben aber
493 2847 1319 2975 die Kappen nicht finden können.
476 2923 1423 3090 Sorten bey H. von Tafels Hauß
495 3013 1429 3153 haben Er und sein Bruder den Pöstli
501 3092 1361 3243 verlaßen, und seyen wieder heim
501 3184 783 3277 gegangen.
785 3178 1348 3320 11. Wiße hierüber
504 3238 1139 3388 weiters nichts zu zeugen.
1256 3392 1371 3540 65.
1626 2613 1672 2695 X
1613 1882 1692 1983 7.
1615 646 1717 775 6.
2645 411 2839 511 313.
1734 545 2736 781 Gristen Hooffmann, daß
1721 610 2831 853 obigen Bruder, ungefärd 15. Jahr all¬
1992 773 2299 941 Jögst aud.
1725 873 2759 1084 Er habe nicht so viel von diesem Streit
1722 952 2826 1150 gehört wie sein Bruder, sonder da derste
1729 1049 2812 1248 so Er darvon wahrgenommen, seye, daß
1724 1170 2671 1322 Er gehört Zaun Steten abbreiten
1712 1215 2711 1392 darauf dann Streichen erfolget, und
1719 1322 2713 1476 einer gesagt, hör jetz, es ist genug.
1696 1415 2776 1533 Seine übrige Erzahlung wäre gleichen
1711 1476 2814 1626 Inhalts, wie eines Bruders Deposition
1707 1554 2782 1713 und wußte weiters nichts beyzufügen.
1714 1846 2761 2002 Christen ferndriger, aus dem
1692 1951 2657 2089 Amt Schwarzenburg, 11. Jahren
1690 2020 2652 2150 Alters, Taglöhner bey ermeltem
1697 2103 2272 2239 Abraham Hoffman̄.
2513 2099 2799 2235 Sagt aus
1684 2248 2735 2414 Als er von diesem Streit gehört, seye
1691 2349 2736 2488 er vor das hauß gegangen, da jemand
1683 2421 2791 2577 gesagt, sie sollen nicht nach gehen, darauf
1684 2519 2719 2665 ein an aus Bild gesprochen, er seye
1704 2592 2721 2757 war nur ein kleiner Guggisperges,
1696 2669 2634 2822 aber er dorffe doch wohl nachgehen.
1892 2751 1972 2803 abet
1687 2745 2778 2928 Indeßen andere, so diesem voraußge¬
1694 2828 2694 2981 wesen, gesagt haben, man solle ein
2643 2961 2692 3018 11
1688 2895 2796 3092 Riecht bringen, oder es seye ein Morden
1683 2967 1898 3101 Hauß.
2185 3002 2663 3158 Wahren dieses
1686 3045 2704 3226 Zeit aber, seye so wohl die Straaß
1694 3139 2736 3321 hinab als die Straaß hinauf Steinen
1687 3203 2199 3337 geworffen worden.
2470 3293 2777 3421 dieses habe
1694 3300 2789 3491 ihne Depl. veranlaßet, daß er seinem
1688 3352 2776 3587 Meister und seinen Söhnen biß zu deß
1685 3442 2744 3642 H. Standen Hauß nachgefolget, da er
1697 3533 2788 3760 dann gehört, daß dann Steken abgerißen,
2612 3721 2770 3861 und etc.
