3024 4032
223 368 379 478 272.
215 946 349 1094 Jerg
198 1107 353 1229 Gutb
181 1247 362 1388 frag
163 1532 350 1697 Entb
173 2144 340 2275 tanis
250 2289 285 2340 1
419 386 1361 556 Über der von Köricht beider aufgestanden
425 498 1370 638 babeeretwelche oder 4. zurücklauffen
420 580 662 688 gewahret.
668 579 1353 709 habe übrigens von denen
428 654 1331 786 Väteren und Angreifferen meinens
413 722 1295 862 gekennet, indemme es zimlich finster
403 826 615 941 gewesen.
389 934 1297 1106 zu welcher Zeit dieses zugegangen.
389 1106 1356 1277 Wberde etwann um 9. Uhr gewesen seyn
395 1252 1309 1429 Ob dieses seine bahre Erzählung und
372 1350 1334 1508 Außag seye über dasjenige, was ihme
367 1450 1179 1581 dieses Angluks halber bekant.
376 1561 1356 1724 Ja. Er betheüre bey seinem Gewißen
371 1654 1338 1808 daß er in guten treuen alles gesaget,
359 1740 1291 1890 bad ihme dieses traurigen Handels
352 1811 1266 1970 halber in laßen seye, worauf Er
346 1894 595 2013 beharre.
428 2012 1208 2182 Abgelesen, und bestäthiget.
357 2173 1287 2345 Hans Freyburghaus von König
346 2268 1284 2445 in Watteren Bohnhaft, verheyratet
344 2376 1307 2530 bey 39 jahren alters, arbeite bey
340 2446 1300 2599 Hl Verkmeister Heller. Sagte aud.
331 2591 1274 2748 Nachdeme der verstorbene Bürgi,
349 2693 1224 2834 der Christen Brunni, einer von
340 2774 1212 2916 Körich, und Er Dept. in H. von
345 2846 1282 2992 Maligerts Keller gestern Abendt
362 2941 1315 3068 eine Magd getrunken, seyen sie vier
349 3012 1211 3163 ungefard um 8. Kehren zum Thor
345 3074 1352 3242 hinaus gegangen, und bey H. Von Pate
352 3161 1314 3322 Keller habe der Bürge noch eine halbe
356 3239 1247 3392 bezahlen wollen. Da sie diese halb
340 3321 1281 3470 magd gefordert, und getrunken, und er
1036 3428 1230 3556 Depl.
1417 3241 1551 3391 frag
2445 374 2635 511 273
1577 416 2481 564 Depl. hinaus gegangen, das S. h.
1577 514 2496 617 Waßer zu laßen, auch wider in den
1584 593 2555 731 Schopf gehen wollen, habe Er von hinden
1584 666 2505 805 ein Streich an den Kopf empfangen.
1580 752 2509 885 darvon er Sturm zu boden gehalten,
1577 830 2533 969 und eine kleine Weile ligen geblieben,
1718 910 2592 1043 Alder wider zu sich selbst gekommen
1579 992 2532 1107 und aufgestanden, habe Er geschwohren
1567 1060 2547 1206 und gesagt, das seye Mörderisch ge¬
1563 1141 2596 1304 händlet, Es seyen noch Indiene Truke
1574 1221 2484 1355 re und ein geiger in dem schopf
1573 1295 2575 1437 gewesen, da man getanzet. Die Vie
1564 1375 2508 1507 Cammeraden seyen, nachdeme sie ihre
1570 1442 2558 1577 halb Maad trunken gehabt, mit ein¬
1549 1538 2571 1679 ander wegg die Comit Straaß hin¬
1566 1612 2512 1766 unter gegangen, da dann ihnen so
1556 1675 2601 1848 gleich eine Menge Steinen nachgeworf¬
1554 1770 2585 1926 pfen worden, und man auf sie laß ge¬
1554 1862 2533 1994 gkommen. Bey der großen forten
1556 1938 2541 2091 habe er gehöret, daß der Bürgen ein
1548 2012 2586 2156 Streich empfangen es Jesus geschrauen
1551 2089 2573 2225 und zu Toden gefallen. Es habe ihn ge¬
1550 2161 2496 2302 annzet, die Angreiffer seyen Juder
1563 2240 2528 2364 Porten hinaus in die Straaß gekommen.
1557 2313 2522 2438 fr und der Brunnen seyen zu dem Bürge
1563 2373 2547 2514 zegangen, haben denselben aufgehoben,
1564 2446 2577 2618 und heimgeführet, welcher noch zimlich orden,
1564 2541 2496 2693 dlich gegangen, zu Hauß haben sie
1557 2616 2563 2762 ihn ausgezogen, und auf das Rath ge¬
1552 2685 2589 2848 gleget, auf gleiche weise, wie er heute
1551 2778 2621 2913 fes darauf gefunden worden. Er müßen
1560 2855 2519 2974 bekennen, daß er ein wenig trunken
1554 2926 2602 3082 gewesen, und wegen dem empfangenen
1562 3024 2558 3181 Streich sich nicht an alles wohl errinne¬
1555 3159 1894 3250 ren möge.
1580 3244 2578 3426 Ober nicht gestehen, bes ihm den ersten
2159 3344 2367 3484 verschet
1568 3343 2139 3498 Streich, bey dem Schoff
2203 3462 2447 3586 Autb. h.
