3024 4032
325 451 520 562 346.
556 546 1489 695 Ein paar Mahl geachtzet, welches
590 643 1478 767 Sie Deponentin für Kindt Wehe
568 721 1465 847 gehalten. Sie seye darauf bey¬
559 801 1466 912 und bey einer halben Viertel Stund
554 871 1468 1002 hernach, wieder in aller Stille dahin
556 949 1486 1079 gegangen, habe damahl aber weder
563 1031 1445 1155 die Muter noch das Mädi mehr
546 1109 1448 1248 gehöret. Gleich darnach habe sie
544 1196 1393 1319 nochmahl vor dem Obergaden
544 1262 1517 1399 geloset, aber wieder niemand gehöret,
536 1344 1530 1475 außert, daß Sie gesehen, die Muter
529 1424 1492 1560 ihr furtuch, darin Eschen gewesen,
539 1499 1345 1611 auf der Lauben ausstauben.
539 1582 1507 1703 Endlich haben Sie das Mäd. in seiner
529 1656 1503 1779 Elteren Stuben reden gehört, so daß
545 1726 1483 1857 Sie Depl. darauf zu Morgen ge¬
523 1800 1492 1931 kochet, nach dem Morgents denum
519 1877 1499 1990 8. Ahren seye die Nachbaure Rosina
499 1941 1471 2083 Rentsch, des Hans Rentschen Be¬
520 2031 1426 2158 schweyen zu ihr gekommen, sagende,
515 2106 1498 2231 Sie habe gewahret, daß mit dem Müll
521 2177 1414 2306 etwas vorgehe, entweders seye er in
521 2249 1462 2374 undt Räthen, oder die Gebührt seige
520 2330 1475 2470 schon vorbey, Sie habe ihre Tochter des
523 2401 1509 2549 Fabeli auf die Lauben geschicket, welches
508 2487 1428 2637 gesagt, es sehr darauf sehr bedentlich
514 2563 1482 2703 und bis aus, es seye alles mit Eschen
521 2652 773 2761 verbuscht.
1039 2668 1420 2799 Gleich hernach
508 2717 1488 2843 seye Sie Depo: zum Ornnen gegangen,
508 2802 1437 2920 da die bemelte Restina Rentsch Sie
508 2879 1419 3001 habe bereden wollen, selbst auf die
522 2958 1431 3092 Lauben zu geben, um in schauen, bas
514 3042 1376 3150 da seyn möchte. Sie habe Sich aber
503 3105 1423 3240 deßen gebeigeret, mit Verdeüten,
514 3186 1379 3320 dorten komme die Muter, Sie wolle
500 3261 882 3376 Selbe anreffen.
1071 3265 1367 3409 habe in der
520 3316 1434 3469 That sie befraget, was Sie machen, Sie
514 3397 1479 3542 haben etwas im Haus, das nicht gut sege
2667 377 2840 487 347.
1741 505 2736 745 Worauf Sie geantwortet, Sie haben
1759 599 2717 811 nichts im Hauß, und machen mit¬
1738 659 2822 878 Auf erwiederen warum dann die Lauben
1745 764 2818 942 von Blut und anderen Sachen so bucht
1760 849 2823 1036 aussehen, wie das Kosten Rentsch sage.
1748 921 2806 1118 habe sie zwar bekennet, es seye lut
1753 1015 2772 1169 darauf, aber dieses komme von dem
1735 1111 2686 1270 Rädi, her, welches seine zeiten
2176 1183 2787 1303 Sie Depo: aber, an
1747 1218 2179 1345 wieder habe.
1743 1245 2773 1395 dieser Sach allezeit zweifflend, habe
1739 1330 2803 1492 die Muter auf das frische ermah¬
1734 1423 2757 1559 net wohl zu schauen, was sie mage.
1719 1483 2746 1631 Welche ihr verdeütet, Sie könne da
1737 1573 2761 1711 nichts machen, sie buße just so viel,
1736 1653 2788 1793 als sie Depl. das Mädi habe ihr
1725 1710 2802 1862 gesagt, Es habe seine zeiten wieder
1738 1814 2725 1922 bekommen. Nachdemme die Sept.
1738 1883 2779 2009 etwas zeits hernach selbst die Lauben
1722 1953 2754 2068 besichtiget, und die Muter zugleich¬
1726 2049 2712 2160 durch den Hoff hinein gegangen.
1717 2114 2809 2217 habe sie der muter mit gestürzung
1715 2196 2779 2311 gesagt, die Lauben sehr allzu wüst aus,
1722 2289 2794 2390 sie haben sicher etwas böses vor, worauf
1727 2348 2776 2484 die Muter von selbst ein Liecht her¬
1728 2431 2686 2557 beygebracht, und Sie Depl. in
1729 2510 2687 2655 das Obergaden geführet, um zu
1731 2593 2689 2723 schauen, bad darin zu finden seyn
1716 2665 2761 2790 möchte, habe auch die Tochter das
1721 2738 2748 2870 Maii darzu beruffen, welches auf
1729 2822 2726 2949 einiches Weigeren in das Obergaden
2225 2897 2387 2962 Depli
1725 2890 2003 2988 gekommen.
2165 2913 2751 3033 Sie habe so gleich an
1717 2957 2769 3130 ihm gewahret, daß sein Bauch kleiner
1721 3035 2770 3192 worden. Derowegen Sie ihns ge¬
2575 3160 2615 3236 .
1716 3109 2770 3269 gfraget, wo er seinen großen dauch
1709 3194 2772 3355 hingethan habe? Es habe zur Ant¬
1721 3261 2779 3454 wort gegeben, sein Bauch seye nicht
1720 3340 2767 3554 kleiner, seine Zeiten aber seyen wieder,
1713 3429 2753 3622 skommen. In dem Ober Baden
2529 3597 2739 3729 haben etc.
