3024 4032
283 2854 364 2993 d
291 2234 354 2349 2.
299 373 410 502 1
304 519 404 615 .
771 341 1025 451 Anlicher
467 424 1390 593 geantwortet, es habe ihme nichts zu
463 503 1416 681 befehlen; worauff er betrohet worden.
469 580 1398 740 sie wollen ihme schon den Meister
461 656 1381 832 zeigen, und wie es nun gewahret,
458 737 1402 919 daß ihme etliche vorhanden, habe
457 825 1364 970 er diese leüth seines ohrts auch
453 911 1403 1061 betrohet, Sie sollen nicht auf ihne,
458 1005 1397 1136 in seinen Zinß, kommen, sonsten er
447 1097 1369 1210 etwas mache, das nicht gut seyn;
445 1166 1344 1304 darauff Er das Fucil auß dem
1341 1232 1381 1288 .
437 1267 1348 1393 Schaden geholet, und sich darmit
435 1331 1392 1485 vor des Haus gestellt, mit fernerem
429 1430 1317 1540 betrohen, zu schießen, so jemand
436 1526 1380 1639 gegen Ihne komme. Also und ohne
427 1610 1356 1746 daß gleich sein etwas andern zwüschen
424 1691 1339 1817 ihnen geredet worden, wie er die
409 1787 1341 1917 Reuthe heran nahen gemercket
400 1875 1359 1995 habe er unglückhaffter weis den
412 1952 1334 2077 Schuß loß geschoßen, da dann das
401 2049 1348 2178 große Unglück, zu seinem großten
393 2112 802 2252 leyd begegnet.
398 2246 1340 2385 Er habe doch nicht vermuthen können,
376 2340 1357 2491 daß diese leuth, ihme leyds zufügen
373 2433 1306 2566 werden, indeme sie ihne ja mir
364 2507 1330 2621 zur Stille und zur ruhe vermahnet,
355 2597 1355 2733 warum Er dann das Gewehr ergriffen
375 2686 1347 2830 welches anders nicht als ein großes
363 2771 1114 2917 unglück abgeben könte?
386 2906 1320 3066 Ach. Er könte nichts anders sagen,
365 3001 1327 3147 als daß er in großer Buth gewesen,
354 3068 1284 3218 und nicht bedencket, wo hin die
341 3149 1331 3310 sach auß gehen möchte, anbey habe es
336 3238 1353 3394 sich geförchtet, die Männer wollen ihm
1026 3420 1312 3526 schlagen,
1462 2900 1557 3005 1.
1491 2412 1549 2545 2.
1516 1507 1587 1625 2.
1512 1754 1598 1865 d.
2595 349 2705 444 2
2007 376 2284 467 Aulicher.
1535 452 2686 610 ſchlagen, nachdeme sie ihne betrohet, Sie
2626 532 2656 625 s
1646 514 2622 655 wollen ihme schon den Meister zeigen
1645 575 2695 751 und hierauff habe es auch offteres zurüffen,
1632 652 2691 810 Sie sollen nicht unter sein Tach trauff,
1634 721 2659 894 auff ihres herrn nahen, den unglückl
1625 800 2644 951 Schuß gethan, Übrigens hätte er gar
1632 873 2688 1021 nicht vermuhtet, daß der kleine Vogel,
1639 953 2677 1108 Schus, so er drey Tage vorhero geladen,
1628 1025 2692 1153 einen Mentschen erschießen könnte.
1630 1111 2687 1260 und bezeüge, daß er durch abschießung
1635 1177 2650 1351 deß Gewehrs die Männer mehr zu
1623 1270 2678 1431 erschreiben gedacht, als Ihnen beyds
1610 1387 1959 1521 zu zufügen.
1624 1499 2657 1628 Weßenthalber, da er so zornig gewesen,
1615 1575 2704 1727 Er seiner Frl. also ungestehen nachgefragt.
1614 1729 2662 1880 Anfänglich da er heym gekommen, habe
1615 1802 2628 1941 er in guter meinung sich mit ihr
1610 1921 2661 2013 verstühren wollen, deßwegen er eine
1602 1967 2646 2095 Bouteille Wein gebracht, und ihr zu
1604 2039 2607 2172 trincken zu geben, erst nachhero
1596 2121 2653 2254 da er nicht ins Haus und in seine
1606 2200 2651 2315 ruhe kommen können, seye er von
1593 2292 2467 2421 deßwegen zornig geworden.
1602 2422 2638 2544 Er habe sich morgens nach dem un¬
1589 2501 2651 2618 glück verlauten laßen, der Schuß
1581 2579 2587 2701 habe den letzen getroffen u. in
1571 2696 2608 2805 welchem sie er diese Wort geredet,
1588 2752 2607 2867 und was er darmit verstanden?
1588 2914 2630 3063 Er seye in der grösten bestürzung
1586 2998 2572 3123 und bekummerniß über sein
1582 3083 2611 3204 unglück gewesen, als der Bentz
1560 3163 2610 3296 Müller ihme vorgehalten: Wann
1566 3249 2590 3363 er sie alle drey hätte über ein
1562 3318 2598 3437 hauffen schießen können, würde er
2438 3474 2598 3594 no
