3024 4032
294 921 399 1024 Frau
274 1134 426 1238 Autu
303 81 439 202 44.
321 218 454 330 Aucto
470 228 1519 453 Er wolle seiner schlimmen thaten halben
472 319 1481 492 niemand fältschlich beladen, indemme
445 400 1469 567 er diese Antren und diebstähl ohne
429 493 1499 671 jemanden hulf noch bußen begangen,
454 582 1494 754 was ihne aber darzu verleitet seyn
436 690 1512 867 seine Armuth, gehabte Kranckheitun
430 766 1277 939 der Schulden Last gewesen
457 917 1483 1062 ob er hingegen niemand verleiten wolle
435 1015 1482 1165 ihme in seiner untreü hulff zu leisten
448 1137 1512 1289 Er habe, nachdeme er würcklich untreu¬
432 1222 1497 1362 worden, zu endletsten Wintermonat
417 1313 1454 1470 gesuchet, mit dem Spiclaus Speich¬
431 1397 1467 1569 anzubinden und ihme den Antrag
402 1473 1473 1661 gethan, weilen er bey dem Präg stark
416 1587 1470 1770 arbeite, so wolle er ihme Jettons geben,
408 1706 1466 1840 die er dann in der Such Kammer
397 1808 1448 1938 gegen geprägte außwechslen sollen
412 1913 1451 2010 und welche Sie hernach theillen wollen.
386 1984 1463 2124 zu diesem und habe er dem Speich, das
395 2094 1456 2225 erste mahl bey dem Ochßen zu Sum¬
376 2189 1430 2331 singen, dahin er ing ihne bescheiden
382 2295 1432 2436 Rechs geprägte bene Zunf dahen Stuck
383 2395 1415 2524 darüber er erschrocken, zugestelt,
368 2485 1421 2636 Nachwarts habe er ihme an̄och unter
364 2605 1390 2749 zweyen mahlen 68. Jettons an der
364 2687 1424 2861 kreich, daß und bey dem Möhren
358 2821 920 2951 Gang übergeben.
1026 2832 1425 2944 weilen er Ing
365 2896 1401 3045 aber gewüßt, wo die Schlußel zur
355 3016 1404 3167 Prag kammer ligen, so habe er dem
364 3132 1428 3262 Speich nachwerts nichts mehr eingehän¬
339 3222 1396 3373 rdiget, damit er mit ihme nicht
357 3337 1353 3476 theillen müße. Es seye ihme
340 3415 1453 3572 herzlich leid, daß der Speich vermitlest
347 3513 1354 3667 seiner in dieses Unglück geratens
1589 451 1715 586 be
1598 701 1726 791 Auctis
1584 1281 1733 1357 Instirt
1573 2127 1695 2214 Auctis
2704 265 2857 395 15
1763 419 2854 553 Ob er nicht gesinnet, welch großen Fehler
1747 502 2869 605 und Bum er begehe, aus Mrgh Sbünz¬
1746 578 2840 699 Stadt eine so beträchtliche Summ zu stählen.
1764 647 2782 803 Er bereue diese seine undankbahre
1748 739 2860 872 that, die er insonderheit gegen h. Jenner
1749 841 2806 972 als seinen In Väter begangen, mit
1737 928 2796 1054 aufrichtigem herzen. Seine Reicht¬
1731 1023 2794 1146 hinigkeit und Armuth haben ihne zu
1722 1128 2287 1247 diesem fall gebracht.
1761 1224 2793 1369 Er werde nunmehr befraget, ob dieses,
1741 1332 2746 1449 was er jetzum außgesaget, die reine
1736 1419 2755 1531 wahrheit in sich halte, oder ob er noch
1718 1486 2836 1610 etwas zu offenbahren habe, in welchem
1712 1589 2684 1703 fall er zum letzten mahl ernstlich
1717 1662 2822 1762 erinneret werde, nichts zu verhalen,
1715 1727 2804 1858 sonder Gott und Einer hohen Oberkeit
1709 1823 2804 1947 die Ehre zu geben, und durch eine auf¬
1706 1911 2821 2048 nrichtige Bekantnuß seinem gewißen
1714 1980 2198 2100 Ruhe zu schaffen:
1727 2096 2745 2254 Er bezeuge, daß er dermahl kein hertz
1702 2212 2773 2329 geläret, eine wahre Bekantnuß abge¬
1697 2289 2747 2416 stattet, und nichts mehr beyzustehen
1712 2370 2787 2517 wiße, sonder dasjenige, was er gesagten
1689 2459 2818 2586 die gründliche warheit seyn. Er erkenne
1695 2522 2817 2684 jezund die wichtigkeit seines verbrechens
1703 2627 2751 2758 welches er herzlich bereue, und bätte
1700 2699 2818 2853 derohalber Gott und eine hohe Oberkeit
1686 2797 2739 2940 Sich seiner Gnädigst zu erbarmen
1691 2874 2801 3055 und ihne nicht nach seinem verdienen
1685 2955 1987 3068 anzustehen.
1754 3076 2653 3241 also abgelesen und bestätiget
1699 3182 2816 3350 actum in der Oberen Befangenschafft
1666 3260 2438 3452 den 23ten Aprilis 1759.
