3024 4032
252 337 396 429 354.
637 403 910 519 Urtheil.
336 479 1361 700 Daß Hans Hinzicket vorbemelt
337 712 1325 888 W. S. Schultheis Kleine
361 807 1328 957 und Große Rähte der Stadt und
331 887 1359 1039 Respublic Bern urkunden hiermit
349 961 1371 1124 Als dann Stir heute bey Eyden verstan¬
322 1049 1390 1227 dlet Uns vortragen laßen, die Primina
327 1134 1336 1318 Procedur und Vergicht, deß gegenwärtig
316 1266 1347 1391 vor gericht stehenden Mißethäters, mit
323 1341 1327 1513 Nahmen Hans Henzicken, gebührtig
310 1461 1335 1599 von Moos beraus aus der Herrschafft
320 1540 900 1685 unnd Amts Lenzburg.
314 1648 1325 1857 Daraus wir dann höchst bedaurlich und
329 1795 1335 1920 mißfällig erstehen, welcher Gestalten
312 1903 1368 2005 dieser elende Mensch letzt abgeleichenen
309 1974 1325 2124 Herbstmonat in dem Anheggberg
318 2062 1349 2197 allda er in dienst gestanden, wider
311 2153 1308 2303 Gödtliche und Natürliche Gestäte
324 2245 1320 2381 sich so weit vergeßen, also daß
313 2347 1337 2471 er mit dem abschenlichen Kaster der
300 2434 1340 2572 Bestialitaet sich beflecket und beschul
304 2523 1296 2685 ediget. Welche unschristliche That
316 2620 1336 2771 umständlicher aufzudecken, es eine
329 2707 1155 2857 Ärgerniß und Schande wäre.
316 2803 1347 3002 Wann aber dergleichen Anthaten einen
322 2927 1308 3103 Breuel in den Anger Gottes, und
322 2990 1291 3169 Wir von Godt dem aller Obersten
310 3077 1276 3270 Regenten das Steltliche Schwerde der
313 3170 1299 3349 Gerechtigkeit tragen, das Böste zu
985 3353 1338 3466 bestraffen.
2518 306 2617 394 255.
1518 414 2629 551 Gestraffen, insonderheit dann besorget seyn
1546 493 2558 626 vollen, unsere Lande von dergleichen
1540 569 2632 690 Unthaten zu verwahren, und den darauf
1533 636 2620 782 gesetzten gerechten hern Gottes, so viel
1547 717 2276 841 an Uns ist, abzuwenden.
1529 821 2641 1004 Als haben wir hiermit zu Recht erkent,
1697 936 2192 1052 und Gesprochen
1554 1051 2642 1171 Es solle dieser Übelthäter Hans Hunzi¬
1548 1145 2606 1225 Der zu wohl verdienter dennoch aber
1530 1211 2614 1348 gnädiger Bestraffung, und Männiglich
1540 1308 2639 1431 zum Abschen, nach Empfehlung seiner
1540 1386 2619 1525 Seelen in die Erbarende ihres Heyland
1538 1469 2543 1593 und Erlösters desu Christ dem
1543 1532 2629 1679 Scharff Richter übergeben von dem
1524 1645 2621 1787 selben gebunden Unter auß, nach
1539 1733 2626 1866 der gewohnten richtstadt geführt allda
1540 1825 2623 1958 auf einen Scheidter Hauffen gestehet
1532 1915 2563 2077 an einem Pfaal erwürget und
2505 2057 2537 2097 e
1528 2023 2547 2161 hernach der entseelte Cörper zu¬
1526 2097 2644 2247 Staub und Aschen verbronnet werden.
1539 2178 2635 2341 seine zeitlichen Guter aber unserem
1516 2262 2184 2428 Jusco zu erkennt seyn
1519 2407 2607 2567 Geben in unserer Großen Rahts¬
1532 2490 2642 2674 Versamlung sontags den 16ten Sinter¬
1526 2595 1986 2742 Monats 1761.
