3024 4032
375 524 552 628 316
366 609 545 731 Didul
1255 432 1429 591 .
593 617 1475 756 An Herrn Vice Großweibel von
566 721 1520 835 Wattenwyl und Herrn Vice Gricht¬
567 799 1161 907 schreiber Ougspurger.
550 919 1463 1092 Nachdemme meine gnädigen Herren und einer Herrn
556 1015 1440 1108 Vice Großweibels und Herrn Lice
562 1092 1493 1225 Gricht Schreiberk mundlichen Relation
550 1171 1488 1316 vernommen, was maßen nach Ihr Gnade
550 1253 1439 1366 Befelch die in der bekanten Procedi¬
544 1332 1473 1482 wegen von Seiten Christian Wänger
535 1403 1468 1547 von Stattenwyl vorgegangenen Ta¬
526 1479 1474 1619 schlags, implicierte Persohnen nunmehre
526 1558 1467 1679 beeydiget worden, haben Hochdieselben
528 1632 1431 1747 die Procedur ihres Ohrts als complet
532 1707 1437 1833 angesehen, also daß solche Meinen gnädigen Herren und
529 1772 1479 1907 Oberen Räth und Burgeren vorgetra¬
524 1855 1476 1970 igen werden soll, doch in dem Verstand
526 1927 1422 2087 daß wann der and geschriebene Gyger
505 2014 1484 2147 Moser von Guggisperg wird habhaft genant
514 2091 1447 2210 werden können, solches dan̄zumahlen - und
514 2164 1480 2309 auch der Trief, so der Gethäter Stenger
508 2249 1466 2397 an Euch Herrn Großweibel geschrieben,
496 2319 1476 2459 der Procedur beygefüget werden solle.
508 2457 1463 2571 Betreffend dann der in der Gefangen,
484 2539 1357 2672 schaft an̄och enthaltenen Peter
493 2623 1436 2763 Sprobst von Finsteren Hennen, haben
495 2693 1447 2844 Meg. denselben derer Eydtlichen
496 2770 1442 2906 Gelubd, sich wieder zu stellen, auf freyen
487 2847 1347 3003 fuß erkent, maßen ihr herr
508 2934 1419 3067 Groß Weibel von ihme deß halb ein
490 2991 1337 3123 Hand Gelüts abnemmen und die
493 3062 1447 3202 Persoung deß Presfeld dem Herrn
493 3143 1370 3292 Rricht schreiber überlaßen worden.
488 3221 1418 3380 Und die Meinen gnädige Herren und Haltung deß
477 3298 1426 3438 Land tags tag bestimme, auch Montag
496 3373 1388 3521 den 22ten künftigen Nov. Als
499 3448 1425 3602 werdet Ihr Herr Großweibel und
1239 3550 1425 3670 Hertz.
1567 1198 1722 1326 Copia
2667 412 2858 538 171. l.
1727 543 2851 790 Herr Grichts Schreiber deßen zum Verhalt
1747 638 2845 852 berichtet. Actum den 18ten 8bris 1763.
1880 881 2074 1010 Sigl.
2100 858 2656 1048 Canzley Bern.
1741 1140 2815 1285 ined von dem Christian Wänger nach
1730 1222 2718 1375 seinem Austrit an Mhhl. in Vice¬
1711 1314 2785 1459 Groß Weibel von Wattenwyl abge¬
1705 1411 2179 1536 laßenen Brieff d
1680 1528 2824 1705 WohlEdelgebohrner Junter Haubtman.
1675 1716 2722 1853 Ich nimme die Freyheit dem WohlEdel
1689 1785 2740 1936 Stunker Hhaubtman̄ zu Bericht ein, wie er
1674 1859 2802 1981 zzugegangen ist am 23ten dieses Monats
1691 1949 2809 2074 die H. Steinhauer haben und mit solchen er¬
1679 2031 2801 2147 irschröklichen Worten zugeruffen, daß
1660 2104 2709 2252 die ganze Nachbarschaft wird Zeugen
1678 2181 2693 2321 seyn, sie haben nicht gemacht wie Leüt,
1683 2256 2788 2382 sonder wie die rasenden Lauben, und uns
1670 2329 2760 2507 mit Steinen geworffen, daß man nicht
1666 2400 2765 2553 richt sicher gewesen auf der gefaßen und
1655 2491 2701 2649 und allezeit geruffen, wann wir nicht
1670 2572 2801 2714 kommen, so sind wir Schelmen und dieben
1674 2651 2776 2827 bahr ist, da sind sprobst und ich mit zann
1660 2732 2744 2900 Stehen durch die Steinen durch und haben
1660 2799 2783 2990 sie geschlagen, es ist sichter Nacht gebe¬
1662 2884 2730 3072 sen, ob ich ein unglüker Streich gethan
1668 2967 2763 3131 oder der andere, das kan ich bey meinem
1659 3030 2746 3227 Gewüßen nicht sagen, aber daß, von
1678 3135 2767 3316 ich und der Gärtner und der Schwarzen,
1665 3199 2802 3447 geburger, und noch die anderen 2. Jungen
1661 3263 2710 3485 knaben sind fort gegangen, so sind sie
1670 3349 2762 3580 alle 4. aufrecht gewesen, was nach der
1667 3407 2778 3674 Hand geschehen ist, das ist mir unbekant,
1667 3498 2711 3729 shoffe aber Meine Gnädige Herren
2464 3706 2744 3846 berde etc.
