<?xml version="1.0" encoding="UTF-8" standalone="yes"?>
<PcGts xmlns="http://schema.primaresearch.org/PAGE/gts/pagecontent/2013-07-15" xmlns:xsi="http://www.w3.org/2001/XMLSchema-instance" xsi:schemaLocation="http://schema.primaresearch.org/PAGE/gts/pagecontent/2013-07-15 http://schema.primaresearch.org/PAGE/gts/pagecontent/2013-07-15/pagecontent.xsd">
    <Metadata>
        <Creator>prov=University of Rostock/Institute of Mathematics/CITlab|PLANET AI GmbH/Gundram Leifert/gundram.leifert@planet-ai.de:name=German_Kurrent_XVI-XVIII_M5.4(htr_id=38771)::::v=2.6.7
prov=University of Rostock/Institute of Mathematics/CITlab|PLANET AI GmbH/Tobias Gruening/tobias.gruening@planet-ai.de:name=de.uros.citlab.module.baseline2polygon.B2PSeamMultiOriented:v=2.6.7
prov=University of Rostock/Institute of Mathematics/CITlab|PLANET AI GmbH/Tobias Gruening/tobias.gruening@planet-ai.de:name=/net_tf/LA73_249_0mod360.pb:de.uros.citlab.segmentation.CITlab_LA_ML:v=2.6.7
Transkribus</Creator>
        <Created>2022-06-16T09:29:17.037+02:00</Created>
        <LastChange>2022-09-12T15:38:36.681+02:00</LastChange>
        <TranskribusMetadata docId="1334852" pageId="52363254" pageNr="116" tsid="114645209" status="IN_PROGRESS" userId="9570" imgUrl="https://files.transkribus.eu/Get?id=HKYPBBRPZPLLFCFJZRTBEDFF&amp;fileType=view" xmlUrl="https://files.transkribus.eu/Get?id=KSCSMHSGNDQPUXVKXCQVZPIW" imageId="35485712"/>
    </Metadata>
    <Page imageFilename="IMG_7867.jpg" imageWidth="3024" imageHeight="4032">
        <ReadingOrder>
            <OrderedGroup id="ro_1687513608951" caption="Regions reading order">
                <RegionRefIndexed index="0" regionRef="r1"/>
                <RegionRefIndexed index="1" regionRef="r2"/>
                <RegionRefIndexed index="2" regionRef="r3"/>
                <RegionRefIndexed index="3" regionRef="r4"/>
                <RegionRefIndexed index="4" regionRef="r5"/>
            </OrderedGroup>
        </ReadingOrder>
        <TextRegion orientation="0.0" id="r1" custom="readingOrder {index:0;}">
            <Coords points="294,292 294,449 407,449 407,292"/>
            <TextLine id="r1l1" custom="readingOrder {index:0;}">
                <Coords points="287,402 294,402 305,412 339,401 353,406 363,401 386,402 395,408 414,404 416,357 398,364 385,352 377,359 343,334 329,346 316,346 308,354 290,349"/>
                <Baseline points="294,392 322,392 350,392 378,394 407,399"/>
                <TextEquiv>
                    <Unicode>230.</Unicode>
                </TextEquiv>
            </TextLine>
            <TextEquiv>
                <Unicode>230.</Unicode>
            </TextEquiv>
        </TextRegion>
        <TextRegion orientation="0.0" id="r2" custom="readingOrder {index:1;}">
            <Coords points="372,469 372,3497 1401,3497 1401,469"/>
            <TextLine id="r2l1" custom="readingOrder {index:0;}">
                <Coords points="464,509 681,530 1043,503 1402,578 1407,464 1293,479 1220,439 1116,426 1058,454 933,417 887,443 467,436"/>
                <Baseline points="471,501 517,501 563,501 609,501 656,501 702,500 748,498 795,498 841,498 887,498 934,498 980,499 1026,501 1072,503 1119,507 1165,512 1211,518 1258,526 1304,535 1350,545 1397,560"/>
                <TextEquiv>
                    <Unicode>gehen wollen, und den Statter offen</Unicode>
                </TextEquiv>
            </TextLine>
            <TextLine id="r2l2" custom="readingOrder {index:1;}">
                <Coords points="466,581 652,600 817,572 869,597 1075,570 1397,637 1398,601 1316,550 1161,514 1089,546 988,501 882,540 716,512 468,527"/>
                <Baseline points="474,566 519,567 565,569 611,568 657,567 703,567 749,566 794,566 840,566 886,564 932,566 978,566 1024,567 1070,570 1115,572 1161,577 1207,582 1253,589 1299,597 1345,607 1391,618"/>
                <TextEquiv>
                    <Unicode>stehen gestehen, habe er die Thür, se</Unicode>
                </TextEquiv>
            </TextLine>
            <TextLine id="r2l3" custom="readingOrder {index:2;}">
                <Coords points="451,671 969,638 1407,711 1409,658 1358,632 1040,570 889,614 786,586 454,601"/>
                <Baseline points="459,641 506,639 553,637 600,636 647,635 694,633 741,632 788,632 835,632 882,632 930,633 977,635 1024,637 1071,641 1118,645 1165,651 1212,658 1259,665 1306,675 1353,685 1401,698"/>
                <TextEquiv>
                    <Unicode>zugethan wäre, eröfnet, und daselb</Unicode>
                </TextEquiv>
            </TextLine>
            <TextLine id="r2l4" custom="readingOrder {index:3;}">
                <Coords points="446,754 711,717 1292,758 1332,756 1333,716 1070,652 1029,676 885,648 688,680 651,654 448,673"/>
                <Baseline points="453,720 496,719 540,716 583,713 627,711 671,710 714,708 758,707 802,707 845,707 889,708 933,708 976,710 1020,713 1064,715 1107,719 1151,723 1195,728 1238,733 1282,739 1326,746"/>
                <TextEquiv>
                    <Unicode>esten ihren Knecht mit Nahmen</Unicode>
                </TextEquiv>
            </TextLine>
            <TextLine id="r2l5" custom="readingOrder {index:4;} person {offset:0; length:14;}">
                <Coords points="460,833 578,800 628,822 927,789 997,829 1104,794 1383,843 1384,817 1218,744 1048,769 997,734 715,717 464,744"/>
                <Baseline points="468,791 513,788 558,786 604,785 649,783 695,781 740,780 786,779 831,779 877,780 922,781 967,782 1013,785 1058,788 1104,792 1149,798 1195,804 1240,812 1286,820 1331,830 1377,840"/>
                <TextEquiv>
                    <Unicode>Hans Hinzicker, bey 30 jahren</Unicode>
                </TextEquiv>
            </TextLine>
            <TextLine id="r2l6" custom="readingOrder {index:5;} place {offset:16; length:16;}">
                <Coords points="467,878 625,899 875,870 930,908 1021,876 1051,904 1106,870 1223,915 1393,905 1272,835 1156,857 1091,808 996,829 952,790 879,831 784,796 725,840 658,811 469,822"/>
                <Baseline points="474,860 519,860 565,861 610,861 656,861 702,861 747,861 793,861 838,861 884,863 930,863 975,864 1021,867 1066,870 1112,873 1158,879 1203,883 1249,891 1294,899 1340,908 1386,917"/>
                <TextEquiv>
                    <Unicode>Alters, aus der Vogthey Lenzburg</Unicode>
                </TextEquiv>
            </TextLine>
            <TextLine id="r2l7" custom="readingOrder {index:6;} place {offset:25; length:4; continued:true;}">
                <Coords points="467,942 610,935 711,974 1022,956 1386,1004 1390,937 1274,954 1187,908 895,919 732,875 469,912"/>
                <Baseline points="474,930 519,932 564,933 609,935 655,935 700,936 745,936 791,938 836,939 881,941 927,942 972,945 1017,947 1062,950 1108,954 1153,958 1198,965 1244,971 1289,978 1334,986 1380,996"/>
                <TextEquiv>
                    <Unicode>und ein konternen an der Kan¬</Unicode>
                </TextEquiv>
            </TextLine>
            <TextLine id="r2l8" custom="readingOrder {index:7;} place {offset:0; length:7; continued:true;}">
                <Coords points="439,1033 647,1013 719,1048 812,1037 853,1073 999,1013 1208,1070 1273,1050 1314,1087 1377,1080 1380,1037 1113,969 981,997 920,953 726,988 647,944 584,979 445,946"/>
                <Baseline points="447,998 493,1001 539,1002 585,1004 631,1005 678,1007 724,1008 770,1010 816,1011 862,1013 909,1015 955,1017 1001,1021 1047,1025 1093,1028 1140,1033 1186,1039 1232,1046 1278,1053 1324,1062 1371,1071"/>
                <TextEquiv>
                    <Unicode>hangend angetroffen, welcher Knecht</Unicode>
                </TextEquiv>
            </TextLine>
            <TextLine id="r2l9" custom="readingOrder {index:8;} person {offset:34; length:6; continued:true;}">
                <Coords points="447,1093 818,1093 1086,1145 1218,1122 1397,1165 1401,1109 1127,1047 607,1062 557,1020 514,1055 451,1044"/>
                <Baseline points="456,1071 502,1075 549,1078 596,1080 643,1082 689,1083 736,1085 783,1086 830,1088 876,1089 923,1092 970,1094 1017,1097 1063,1101 1110,1105 1157,1111 1204,1117 1250,1126 1297,1134 1344,1145 1391,1158"/>
                <TextEquiv>
                    <Unicode>auf einem Stuhl stehend die C. v. Basten</Unicode>
                </TextEquiv>
            </TextLine>
            <TextLine id="r2l10" custom="readingOrder {index:9;} person {offset:0; length:8; continued:true;}">
                <Coords points="423,1185 622,1167 691,1207 866,1173 938,1218 1384,1241 1386,1199 1241,1140 1144,1167 960,1120 901,1154 853,1118 703,1142 595,1084 518,1116 430,1095"/>
                <Baseline points="432,1154 479,1155 526,1157 574,1159 621,1161 668,1163 716,1164 763,1166 810,1168 858,1170 905,1173 952,1176 1000,1179 1047,1183 1094,1188 1142,1194 1189,1200 1236,1208 1284,1215 1331,1223 1379,1233"/>
                <TextEquiv>
                    <Unicode>Einunter, gantz entbloßt auf einer</Unicode>
                </TextEquiv>
            </TextLine>
            <TextLine id="r2l11" custom="readingOrder {index:10;} person {offset:19; length:14;}">
                <Coords points="431,1251 545,1285 619,1260 666,1292 738,1256 807,1291 967,1271 1030,1304 1398,1326 1402,1272 1290,1236 1027,1213 930,1243 861,1189 743,1227 624,1168 435,1201"/>
                <Baseline points="438,1236 485,1238 533,1241 581,1242 628,1245 676,1247 724,1249 771,1251 819,1253 867,1257 915,1260 962,1262 1010,1265 1058,1270 1105,1274 1153,1279 1201,1284 1248,1291 1296,1297 1344,1305 1392,1313"/>
                <TextEquiv>
                    <Unicode>acht jährigen ihme Niclaus Mollet</Unicode>
                </TextEquiv>
            </TextLine>
            <TextLine id="r2l12" custom="readingOrder {index:11;}">
                <Coords points="429,1352 558,1322 672,1357 842,1343 1135,1388 1195,1357 1389,1398 1392,1347 1221,1311 1126,1337 982,1285 910,1321 621,1261 434,1280"/>
                <Baseline points="438,1310 485,1314 532,1318 579,1320 627,1324 674,1326 721,1329 768,1331 816,1334 863,1337 910,1340 957,1342 1005,1345 1052,1349 1099,1352 1146,1356 1194,1362 1241,1368 1288,1374 1335,1381 1383,1389"/>
                <TextEquiv>
                    <Unicode>deß Grichts zu gehörigen C. v. Stute</Unicode>
                </TextEquiv>
            </TextLine>
            <TextLine id="r2l13" custom="readingOrder {index:12;}">
                <Coords points="434,1400 664,1404 705,1444 902,1434 963,1488 1041,1488 1126,1437 1250,1487 1392,1474 1394,1448 1179,1362 1040,1396 983,1356 670,1359 622,1326 561,1360 437,1355"/>
                <Baseline points="441,1389 488,1393 535,1398 582,1402 630,1405 677,1407 724,1411 771,1413 819,1415 866,1418 913,1421 960,1423 1008,1427 1055,1431 1102,1434 1149,1438 1197,1444 1244,1450 1291,1456 1338,1464 1386,1472"/>
                <TextEquiv>
                    <Unicode>eine Reichische That begehens gestehen</Unicode>
                </TextEquiv>
            </TextLine>
            <TextLine id="r2l14" custom="readingOrder {index:13;} person {offset:14; length:14;}">
                <Coords points="426,1489 819,1486 1379,1565 1345,1497 1229,1485 1193,1446 966,1486 887,1438 811,1472 681,1466 433,1399"/>
                <Baseline points="435,1467 484,1470 533,1473 583,1476 632,1480 682,1483 731,1486 780,1488 830,1493 879,1496 929,1500 978,1502 1028,1506 1077,1511 1126,1516 1176,1521 1225,1525 1275,1532 1324,1538 1374,1544"/>
                <TextEquiv>
                    <Unicode>Worauf hin er Reinaus Mollet der</Unicode>
                </TextEquiv>
            </TextLine>
            <TextLine id="r2l15" custom="readingOrder {index:14;}">
                <Coords points="418,1572 713,1578 802,1614 1131,1592 1318,1631 1359,1619 1362,1580 1319,1598 1225,1525 1143,1566 985,1510 555,1519 424,1487"/>
                <Baseline points="426,1547 472,1548 518,1550 564,1553 611,1555 657,1557 703,1560 750,1562 796,1566 842,1568 889,1572 935,1576 981,1580 1027,1584 1074,1588 1120,1593 1166,1598 1213,1603 1259,1608 1305,1614 1352,1620"/>
                <TextEquiv>
                    <Unicode>Sohn solches alsobald ihme Vatter</Unicode>
                </TextEquiv>
            </TextLine>
            <TextLine id="r2l16" custom="readingOrder {index:15;}">
                <Coords points="413,1625 640,1668 753,1642 1301,1706 1304,1667 1145,1600 917,1604 856,1635 699,1584 659,1606 416,1591"/>
                <Baseline points="420,1617 463,1621 507,1625 551,1629 595,1632 639,1635 682,1638 726,1641 770,1645 814,1647 858,1650 901,1653 945,1657 989,1659 1033,1663 1077,1665 1120,1669 1164,1674 1208,1677 1252,1682 1296,1686"/>
                <TextEquiv>
                    <Unicode>als er schon in der Ruhe wäre,</Unicode>
                </TextEquiv>
            </TextLine>
            <TextLine id="r2l17" custom="readingOrder {index:16;}">
                <Coords points="417,1716 468,1749 629,1709 823,1762 1033,1740 1334,1791 1369,1787 1374,1734 1244,1694 1086,1713 1013,1665 929,1696 801,1651 688,1671 424,1627"/>
                <Baseline points="426,1691 472,1695 519,1699 566,1703 613,1707 660,1711 707,1715 754,1718 801,1721 848,1724 895,1727 941,1731 988,1734 1035,1738 1082,1742 1129,1746 1176,1751 1223,1756 1270,1762 1317,1767 1364,1775"/>
                <TextEquiv>
                    <Unicode>angezeigt, der so dann fillendes</Unicode>
                </TextEquiv>
            </TextLine>
            <TextLine id="r2l18" custom="readingOrder {index:17;}">
                <Coords points="410,1811 692,1792 810,1836 879,1806 1075,1817 1199,1862 1303,1847 1307,1799 1229,1807 1117,1746 1038,1770 968,1748 870,1787 629,1709 564,1748 532,1717 478,1749 418,1717"/>
                <Baseline points="420,1766 463,1769 507,1773 551,1777 595,1781 639,1785 682,1789 726,1793 770,1797 814,1800 858,1804 901,1807 945,1810 989,1814 1033,1817 1077,1821 1120,1824 1164,1828 1208,1833 1252,1836 1296,1841"/>
                <TextEquiv>
                    <Unicode>aufgestanden, und den Knecht</Unicode>
                </TextEquiv>
            </TextLine>
            <TextLine id="r2l19" custom="readingOrder {index:18;}">
                <Coords points="1304,1862 1310,1862 1313,1860 1315,1861 1332,1860 1332,1824 1323,1824 1322,1826 1304,1828"/>
                <Baseline points="1310,1845 1326,1845"/>
                <TextEquiv>
                    <Unicode>.</Unicode>
                </TextEquiv>
            </TextLine>
            <TextLine id="r2l20" custom="readingOrder {index:19;}">
                <Coords points="399,1883 622,1858 980,1902 1045,1941 1154,1911 1357,1927 1271,1858 982,1849 881,1807 813,1838 692,1792 491,1832 405,1814"/>
                <Baseline points="408,1847 455,1848 502,1851 549,1853 596,1856 643,1859 690,1862 737,1867 784,1870 831,1874 879,1878 926,1883 973,1888 1020,1893 1067,1898 1114,1902 1161,1907 1208,1911 1255,1916 1302,1920 1350,1925"/>
                <TextEquiv>
                    <Unicode>ganz statterend und erschrocken</Unicode>
                </TextEquiv>
            </TextLine>
            <TextLine id="r2l21" custom="readingOrder {index:20;}">
                <Coords points="400,1937 758,1985 852,1959 1165,2025 1356,2003 1360,1946 1219,1911 1118,1967 793,1882 662,1918 557,1861 405,1879"/>
                <Baseline points="407,1929 454,1932 501,1934 548,1936 595,1939 642,1943 689,1945 737,1948 784,1952 831,1956 878,1959 925,1964 972,1968 1019,1971 1067,1975 1114,1980 1161,1983 1208,1987 1255,1991 1302,1994 1350,1997"/>
                <TextEquiv>
                    <Unicode>im Stein auf dem Herr ligen¬</Unicode>
                </TextEquiv>
            </TextLine>
            <TextLine id="r2l22" custom="readingOrder {index:21;}">
                <Coords points="388,2030 856,2050 912,2086 952,2059 1296,2082 1299,2052 1197,2011 1144,2035 1104,1997 1062,2019 993,1980 932,2022 848,2020 699,1967 481,1972 395,1940"/>
                <Baseline points="396,2004 440,2008 485,2012 530,2015 574,2019 619,2023 664,2025 708,2029 753,2033 798,2036 843,2040 887,2043 932,2046 977,2050 1021,2053 1066,2057 1111,2060 1155,2064 1200,2067 1245,2070 1290,2073"/>
                <TextEquiv>
                    <Unicode>das Liecht aber auf der Seiten</Unicode>
                </TextEquiv>
            </TextLine>
            <TextLine id="r2l23" custom="readingOrder {index:22;}">
                <Coords points="400,2104 463,2134 528,2106 736,2127 864,2184 915,2149 1100,2143 1189,2189 1337,2173 1341,2119 1181,2127 1131,2081 914,2092 778,2052 688,2081 531,2031 403,2055"/>
                <Baseline points="408,2082 454,2087 500,2093 546,2099 592,2103 639,2107 685,2111 731,2115 777,2118 823,2121 870,2125 916,2127 962,2131 1008,2133 1054,2136 1101,2139 1147,2141 1193,2144 1239,2147 1285,2150 1332,2153"/>
                <TextEquiv>
                    <Unicode>auf einer Rück stehend ange¬</Unicode>
                </TextEquiv>
            </TextLine>
            <TextLine id="r2l24" custom="readingOrder {index:23;}">
                <Coords points="389,2181 459,2216 523,2189 800,2200 1110,2267 1345,2259 1350,2191 1264,2174 1212,2200 1117,2164 1066,2199 992,2165 947,2194 719,2146 587,2156 539,2107 393,2134"/>
                <Baseline points="396,2169 443,2173 490,2177 537,2181 584,2185 632,2188 679,2192 726,2196 773,2201 820,2204 868,2207 915,2210 962,2215 1009,2217 1056,2221 1104,2225 1151,2229 1198,2233 1245,2237 1292,2240 1340,2244"/>
                <TextEquiv>
                    <Unicode>troffen, dene er über diese That,</Unicode>
                </TextEquiv>
            </TextLine>
            <TextLine id="r2l25" custom="readingOrder {index:24;}">
                <Coords points="386,2301 895,2305 974,2360 1022,2325 1365,2333 1368,2285 1314,2271 998,2274 926,2236 840,2261 782,2227 392,2211"/>
                <Baseline points="396,2258 444,2261 492,2265 540,2268 588,2273 636,2276 684,2279 733,2283 781,2287 829,2290 877,2294 925,2297 973,2301 1021,2303 1070,2306 1118,2309 1166,2311 1214,2313 1262,2316 1310,2318 1359,2319"/>
                <TextEquiv>
                    <Unicode>befragt, welcher ihme solches alsobald</Unicode>
                </TextEquiv>
            </TextLine>
            <TextLine id="r2l26" custom="readingOrder {index:25;}">
                <Coords points="389,2355 915,2385 968,2419 1059,2391 1131,2438 1212,2399 1349,2433 1354,2344 1114,2358 1026,2324 952,2360 892,2304 766,2357 670,2301 569,2339 480,2292 391,2305"/>
                <Baseline points="396,2346 443,2351 490,2355 538,2358 585,2362 633,2365 680,2367 727,2371 775,2373 822,2375 870,2378 917,2379 964,2381 1012,2384 1059,2386 1107,2388 1154,2390 1201,2392 1249,2394 1296,2397 1344,2399"/>
                <TextEquiv>
                    <Unicode>bekennet etc. Worauf hin er Niclaus</Unicode>
                </TextEquiv>
            </TextLine>
            <TextLine id="r2l27" custom="readingOrder {index:26;}">
                <Coords points="385,2448 417,2471 522,2444 623,2482 764,2466 812,2499 1072,2473 1128,2510 1348,2492 1351,2445 1198,2413 1132,2446 1072,2404 1010,2442 937,2409 819,2434 710,2374 648,2403 461,2364 388,2385"/>
                <Baseline points="393,2429 440,2433 488,2437 535,2441 583,2444 630,2447 678,2450 725,2453 773,2456 820,2459 868,2460 915,2463 963,2465 1010,2466 1058,2468 1105,2469 1153,2471 1200,2472 1248,2474 1295,2474 1343,2475"/>
                <TextEquiv>
                    <Unicode>deß Krichts denselben durch seinen</Unicode>
                </TextEquiv>
            </TextLine>
            <TextLine id="r2l28" custom="readingOrder {index:27;}">
                <Coords points="382,2542 504,2528 967,2583 1110,2555 1221,2595 1319,2573 1320,2538 1216,2498 1101,2526 1022,2491 919,2516 677,2474 556,2512 386,2449"/>
                <Baseline points="390,2516 436,2520 482,2523 528,2528 574,2531 620,2535 666,2538 713,2540 759,2543 805,2546 851,2548 897,2550 943,2552 989,2554 1036,2555 1082,2556 1128,2558 1174,2558 1220,2558 1266,2559 1313,2559"/>
                <TextEquiv>
                    <Unicode>Sohn im Tenn verwahren laßen,</Unicode>
                </TextEquiv>
            </TextLine>
            <TextLine id="r2l29" custom="readingOrder {index:28;}">
                <Coords points="388,2608 469,2654 534,2619 618,2677 809,2650 1310,2675 1312,2624 1186,2581 677,2568 603,2597 504,2539 467,2566 391,2543"/>
                <Baseline points="395,2597 440,2600 485,2605 531,2609 576,2613 622,2616 667,2620 713,2624 758,2626 804,2628 849,2631 894,2633 940,2634 985,2636 1031,2637 1076,2639 1122,2640 1167,2641 1213,2642 1258,2642 1304,2643"/>
                <TextEquiv>
                    <Unicode>indeßen Er selbst den Stadthalter</Unicode>
                </TextEquiv>
            </TextLine>
            <TextLine id="r2l30" custom="readingOrder {index:29;}">
                <Coords points="386,2699 899,2721 1065,2768 1126,2732 1256,2739 1259,2697 1145,2657 970,2682 903,2652 830,2679 743,2652 611,2680 504,2634 388,2649"/>
                <Baseline points="393,2675 435,2681 478,2686 521,2690 564,2695 607,2698 650,2703 692,2706 735,2709 778,2712 821,2714 864,2717 907,2718 950,2720 992,2722 1035,2723 1078,2724 1121,2726 1164,2726 1207,2727 1250,2727"/>
                <TextEquiv>
                    <Unicode>und Weibel darzu beruffen,</Unicode>
                </TextEquiv>
            </TextLine>
            <TextLine id="r2l31" custom="readingOrder {index:30;}">
                <Coords points="382,2752 457,2764 495,2806 662,2781 733,2825 826,2795 969,2850 1031,2810 1294,2809 1297,2764 1186,2734 1047,2784 1010,2754 841,2753 723,2714 612,2734 494,2698 383,2728"/>
                <Baseline points="389,2745 433,2751 478,2756 523,2762 568,2766 613,2772 658,2776 703,2780 748,2784 793,2788 838,2790 882,2794 927,2796 972,2799 1017,2800 1062,2802 1107,2803 1152,2804 1197,2804 1242,2804 1287,2804"/>
                <TextEquiv>
                    <Unicode>und Ihnen diese begangene That</Unicode>
                </TextEquiv>
            </TextLine>
            <TextLine id="r2l32" custom="readingOrder {index:31;}">
                <Coords points="388,2844 640,2891 844,2880 971,2919 1030,2892 1241,2902 1277,2868 1187,2845 1129,2875 1051,2829 758,2842 581,2784 495,2808 393,2789"/>
                <Baseline points="396,2822 439,2828 483,2835 526,2841 570,2846 614,2852 657,2858 701,2863 745,2868 788,2873 832,2877 876,2879 919,2883 963,2886 1007,2888 1050,2889 1094,2889 1138,2891 1181,2889 1225,2888 1269,2886"/>
                <TextEquiv>
                    <Unicode>angezeigt, welche Beruffene den</Unicode>
                </TextEquiv>
            </TextLine>
            <TextLine id="r2l33" custom="readingOrder {index:32;} person {offset:0; length:14;}">
                <Coords points="381,2945 448,2928 524,2972 563,2940 727,2977 895,2962 1153,3013 1210,2981 1286,2993 1289,2945 1185,2908 1036,2947 932,2903 878,2943 679,2876 386,2876"/>
                <Baseline points="390,2909 434,2914 479,2920 523,2926 568,2931 612,2936 657,2941 701,2945 746,2950 790,2954 835,2958 880,2960 924,2963 969,2965 1013,2967 1058,2969 1102,2969 1147,2969 1191,2969 1236,2969 1281,2967"/>
                <TextEquiv>
                    <Unicode>Hans Hunzicker auch über sothane</Unicode>
                </TextEquiv>
            </TextLine>
            <TextLine id="r2l34" custom="readingOrder {index:33;}">
                <Coords points="385,3010 951,3096 1044,3067 1233,3087 1343,3055 1345,3027 1299,3000 1082,3018 895,2961 809,3016 627,2972 578,2997 390,2933"/>
                <Baseline points="393,2993 440,3000 487,3005 534,3010 581,3017 629,3022 676,3027 723,3032 770,3036 817,3040 865,3045 912,3047 959,3050 1006,3051 1053,3054 1101,3055 1148,3056 1195,3056 1242,3055 1289,3054 1337,3051"/>
                <TextEquiv>
                    <Unicode>that nochmahlen befragt, der in ihrer</Unicode>
                </TextEquiv>
            </TextLine>
            <TextLine id="r2l35" custom="readingOrder {index:34;}">
                <Coords points="381,3096 1019,3169 1175,3136 1264,3152 1325,3110 1197,3077 983,3117 890,3072 685,3055 645,3078 586,3042 535,3069 387,3010"/>
                <Baseline points="389,3069 435,3076 481,3082 528,3089 574,3095 621,3101 667,3107 713,3112 760,3117 806,3122 853,3126 899,3129 945,3132 992,3134 1038,3135 1085,3137 1131,3137 1177,3137 1224,3136 1270,3134 1317,3131"/>
                <TextEquiv>
                    <Unicode>gegenwart, wie zu vor, solche ver¬</Unicode>
                </TextEquiv>
            </TextLine>
            <TextLine id="r2l36" custom="readingOrder {index:35;}">
                <Coords points="367,3162 712,3225 810,3209 912,3250 1019,3213 1053,3248 1313,3220 1316,3178 1253,3195 1129,3154 1076,3185 751,3131 705,3161 570,3112 370,3129"/>
                <Baseline points="374,3150 420,3156 467,3161 513,3166 560,3173 607,3179 653,3183 700,3189 747,3194 793,3199 840,3203 887,3206 933,3210 980,3211 1027,3213 1073,3215 1120,3215 1167,3215 1213,3215 1260,3213 1307,3210"/>
                <TextEquiv>
                    <Unicode>rübel zu haben köntlich gewesen, und</Unicode>
                </TextEquiv>
            </TextLine>
            <TextLine id="r2l37" custom="readingOrder {index:36;}">
                <Coords points="374,3261 1123,3339 1352,3304 1355,3268 1236,3230 1085,3254 1013,3216 948,3252 711,3249 621,3193 379,3192"/>
                <Baseline points="383,3227 431,3234 479,3240 527,3246 575,3252 623,3258 671,3265 720,3271 768,3277 816,3281 864,3286 912,3291 960,3294 1008,3296 1057,3299 1105,3299 1153,3299 1201,3299 1249,3297 1297,3293 1346,3288"/>
                <TextEquiv>
                    <Unicode>auf Befragen deß Weibels, Warum</Unicode>
                </TextEquiv>
            </TextLine>
            <TextLine id="r2l38" custom="readingOrder {index:37;}">
                <Coords points="362,3336 417,3363 484,3337 604,3386 761,3361 851,3403 1022,3377 1125,3431 1201,3376 1328,3386 1334,3315 1118,3343 924,3303 810,3333 733,3294 368,3261"/>
                <Baseline points="372,3303 419,3311 467,3318 514,3324 562,3331 609,3337 657,3344 704,3350 752,3355 799,3359 847,3364 895,3368 942,3371 990,3372 1037,3375 1085,3375 1132,3375 1180,3375 1227,3374 1275,3372 1323,3368"/>
                <TextEquiv>
                    <Unicode>er solches gethan, und ob er solches</Unicode>
                </TextEquiv>
            </TextLine>
            <TextLine id="r2l39" custom="readingOrder {index:38;}">
                <Coords points="1066,3505 1087,3501 1135,3535 1153,3523 1167,3524 1210,3488 1247,3472 1250,3413 1202,3405 1176,3418 1166,3409 1099,3447 1069,3433"/>
                <Baseline points="1074,3473 1101,3474 1129,3476 1157,3477 1185,3479 1213,3479 1241,3477"/>
                <TextEquiv>
                    <Unicode>auch </Unicode>
                </TextEquiv>
            </TextLine>
            <TextEquiv>
                <Unicode>gehen wollen, und den Statter offen
stehen gestehen, habe er die Thür, se
zugethan wäre, eröfnet, und daselb
esten ihren Knecht mit Nahmen
Hans Hinzicker, bey 30 jahren
Alters, aus der Vogthey Lenzburg
und ein konternen an der Kan¬
hangend angetroffen, welcher Knecht
auf einem Stuhl stehend die C. v. Basten
Einunter, gantz entbloßt auf einer
acht jährigen ihme Niclaus Mollet
deß Grichts zu gehörigen C. v. Stute
eine Reichische That begehens gestehen
Worauf hin er Reinaus Mollet der
Sohn solches alsobald ihme Vatter
als er schon in der Ruhe wäre,
angezeigt, der so dann fillendes
aufgestanden, und den Knecht
.
ganz statterend und erschrocken
im Stein auf dem Herr ligen¬
das Liecht aber auf der Seiten
auf einer Rück stehend ange¬
troffen, dene er über diese That,
befragt, welcher ihme solches alsobald
bekennet etc. Worauf hin er Niclaus
deß Krichts denselben durch seinen
Sohn im Tenn verwahren laßen,
indeßen Er selbst den Stadthalter
und Weibel darzu beruffen,
und Ihnen diese begangene That
angezeigt, welche Beruffene den
Hans Hunzicker auch über sothane
that nochmahlen befragt, der in ihrer
gegenwart, wie zu vor, solche ver¬
rübel zu haben köntlich gewesen, und
auf Befragen deß Weibels, Warum
er solches gethan, und ob er solches
auch </Unicode>
            </TextEquiv>
        </TextRegion>
        <TextRegion orientation="0.0" id="r3" custom="readingOrder {index:2;}">
            <Coords points="1547,336 1547,3531 2687,3531 2687,336"/>
            <TextLine id="r3l1" custom="readingOrder {index:0;}">
                <Coords points="2539,400 2557,401 2591,435 2606,436 2615,429 2634,444 2660,442 2666,448 2688,441 2697,355 2683,346 2671,349 2648,329 2617,340 2603,331 2586,336 2575,324 2548,322"/>
                <Baseline points="2549,375 2576,374 2604,376 2631,380 2659,384 2687,390"/>
                <TextEquiv>
                    <Unicode>221 </Unicode>
                </TextEquiv>
            </TextLine>
            <TextLine id="r3l2" custom="readingOrder {index:1;}">
                <Coords points="1592,543 2045,503 2640,543 2648,460 2398,463 2281,427 2152,489 1975,432 1592,470"/>
                <Baseline points="1599,539 1651,529 1703,521 1755,515 1807,510 1859,506 1911,504 1964,501 2016,501 2068,501 2120,501 2172,503 2224,504 2276,507 2329,509 2381,511 2433,515 2485,518 2537,520 2589,522 2642,524"/>
                <TextEquiv>
                    <Unicode>Auch öffters gethan. Hat er geantwor¬</Unicode>
                </TextEquiv>
            </TextLine>
            <TextLine id="r3l3" custom="readingOrder {index:2;} person {offset:10; length:7;}">
                <Coords points="1592,614 2031,589 2079,614 2158,582 2209,619 2250,593 2323,625 2383,591 2604,613 2640,604 2640,523 2573,559 2409,514 2320,551 2045,503 1921,545 1883,517 1832,552 1792,526 1592,551"/>
                <Baseline points="1599,603 1650,594 1702,587 1754,581 1805,577 1857,573 1909,570 1960,569 2012,569 2064,569 2116,569 2167,570 2219,572 2271,573 2322,575 2374,578 2426,581 2477,582 2529,584 2581,586 2633,587"/>
                <TextEquiv>
                    <Unicode>stet, der Teuffel habe ihme solches wohl</Unicode>
                </TextEquiv>
            </TextLine>
            <TextLine id="r3l4" custom="readingOrder {index:3;}">
                <Coords points="1608,678 1684,678 1712,656 1748,670 1789,650 1834,686 1880,653 2016,662 2052,654 2049,596 1980,610 1935,589 1898,616 1868,600 1832,622 1724,596 1605,632"/>
                <Baseline points="1613,665 1638,661 1663,658 1689,655 1714,651 1740,648 1765,647 1790,644 1816,642 1841,641 1867,640 1892,639 1917,639 1943,639 1968,639 1994,639 2019,641 2045,642"/>
                <TextEquiv>
                    <Unicode>in Sum geben.</Unicode>
                </TextEquiv>
            </TextLine>
            <TextLine id="r3l5" custom="readingOrder {index:4;} person {offset:0; length:14;}">
                <Coords points="2230,670 2304,656 2329,677 2430,656 2608,668 2651,689 2655,596 2612,618 2409,603 2315,627 2297,606 2233,591"/>
                <Baseline points="2238,647 2263,647 2289,648 2314,648 2340,648 2365,650 2391,650 2416,651 2442,652 2467,654 2493,654 2518,656 2544,657 2569,659 2595,660 2620,661 2646,662"/>
                <TextEquiv>
                    <Unicode>Niclaus Mollet</Unicode>
                </TextEquiv>
            </TextLine>
            <TextLine id="r3l6" custom="readingOrder {index:5;}">
                <Coords points="1619,764 1759,726 1881,765 2045,730 2267,730 2364,766 2644,744 2615,696 2438,675 2401,700 2304,660 1915,657 1833,686 1787,651 1729,701 1620,689"/>
                <Baseline points="1626,734 1676,729 1727,726 1777,722 1828,720 1878,719 1929,719 1979,717 2030,719 2080,719 2131,720 2182,721 2232,723 2283,725 2333,727 2384,729 2434,731 2485,734 2535,735 2586,737 2637,740"/>
                <TextEquiv>
                    <Unicode>deß Grichts thut hierzu, daß, als er</Unicode>
                </TextEquiv>
            </TextLine>
            <TextLine id="r3l7" custom="readingOrder {index:6;}">
                <Coords points="1619,820 1744,843 1928,798 1990,829 2435,823 2494,861 2640,818 2641,781 2564,752 2446,788 2306,746 2172,771 2132,741 1863,772 1751,730 1675,782 1620,764"/>
                <Baseline points="1626,809 1676,804 1726,801 1777,798 1827,797 1878,795 1928,795 1978,795 2029,795 2079,797 2130,798 2180,800 2230,803 2281,804 2331,806 2382,809 2432,811 2482,812 2533,815 2583,816 2634,818"/>
                <TextEquiv>
                    <Unicode>in Gegenwart deß Statthalters Ihne</Unicode>
                </TextEquiv>
            </TextLine>
            <TextLine id="r3l8" custom="readingOrder {index:7;} person {offset:0; length:15;}">
                <Coords points="1609,922 1754,882 1917,925 2030,899 2197,924 2240,890 2643,918 2644,872 2536,842 2483,876 2330,827 2236,855 1904,819 1827,860 1786,829 1611,853"/>
                <Baseline points="1617,891 1668,887 1719,884 1770,881 1821,879 1872,878 1923,876 1974,876 2025,876 2076,878 2127,878 2178,880 2229,882 2280,885 2331,887 2382,890 2433,893 2484,896 2535,900 2586,903 2637,906"/>
                <TextEquiv>
                    <Unicode>Hans Heinzicker befraget, ob er dann</Unicode>
                </TextEquiv>
            </TextLine>
            <TextLine id="r3l9" custom="readingOrder {index:8;}">
                <Coords points="1608,974 1773,1013 1854,968 2326,1010 2570,998 2613,962 2306,911 2239,941 2043,901 1877,933 1754,882 1608,939"/>
                <Baseline points="1614,972 1663,969 1713,966 1762,963 1812,962 1862,960 1911,960 1961,960 2010,960 2060,960 2110,962 2159,963 2209,965 2258,967 2308,969 2358,971 2407,974 2457,977 2506,980 2556,982 2606,986"/>
                <TextEquiv>
                    <Unicode>die That recht vollbracht, derselbe</Unicode>
                </TextEquiv>
            </TextLine>
            <TextLine id="r3l10" custom="readingOrder {index:9;}">
                <Coords points="1607,1054 1914,1044 1996,1083 2404,1095 2460,1064 2640,1081 2641,1051 2526,995 2346,1026 2234,991 2022,1013 1956,977 1904,1015 1824,988 1608,1005"/>
                <Baseline points="1614,1043 1665,1041 1716,1040 1767,1038 1818,1038 1869,1038 1920,1038 1971,1039 2022,1040 2073,1041 2124,1043 2175,1044 2226,1046 2277,1049 2328,1051 2379,1053 2430,1056 2481,1059 2532,1062 2583,1065 2634,1068"/>
                <TextEquiv>
                    <Unicode>in Antwort ertheillet, Ja solchem</Unicode>
                </TextEquiv>
            </TextLine>
            <TextLine id="r3l11" custom="readingOrder {index:10;}">
                <Coords points="1591,1137 1921,1119 2055,1134 2090,1170 2158,1137 2512,1162 2541,1154 2543,1095 2468,1086 2412,1122 2208,1076 2107,1104 1936,1053 1882,1092 1724,1060 1592,1104"/>
                <Baseline points="1598,1125 1644,1122 1691,1120 1738,1118 1785,1118 1832,1118 1879,1118 1925,1119 1972,1121 2019,1122 2066,1125 2113,1127 2160,1130 2207,1131 2253,1134 2300,1136 2347,1138 2394,1140 2441,1142 2488,1143 2535,1143"/>
                <TextEquiv>
                    <Unicode>nach haben Sie denselben in das</Unicode>
                </TextEquiv>
            </TextLine>
            <TextLine id="r3l12" custom="readingOrder {index:11;}">
                <Coords points="1604,1225 1804,1223 1866,1255 1946,1213 2040,1217 2200,1262 2284,1225 2580,1269 2626,1221 2534,1169 2385,1199 2325,1163 2256,1205 2186,1155 2126,1185 1921,1119 1738,1149 1694,1125 1606,1164"/>
                <Baseline points="1611,1214 1661,1211 1711,1209 1762,1208 1812,1206 1863,1206 1913,1206 1963,1208 2014,1209 2064,1211 2115,1213 2165,1215 2215,1218 2266,1221 2316,1224 2367,1227 2417,1229 2467,1232 2518,1235 2568,1237 2619,1238"/>
                <TextEquiv>
                    <Unicode>Wirtshaus geführet, und mit zwey¬</Unicode>
                </TextEquiv>
            </TextLine>
            <TextLine id="r3l13" custom="readingOrder {index:12;}">
                <Coords points="1608,1303 1684,1323 1893,1285 2071,1330 2218,1308 2284,1345 2336,1314 2600,1334 2602,1262 2415,1293 2357,1255 2226,1284 2137,1231 2089,1268 1958,1231 1884,1270 1702,1215 1610,1232"/>
                <Baseline points="1614,1292 1663,1290 1712,1289 1761,1288 1810,1287 1859,1287 1908,1289 1957,1290 2006,1292 2055,1293 2104,1295 2153,1297 2202,1299 2251,1301 2300,1304 2349,1307 2398,1309 2447,1311 2496,1313 2545,1315 2594,1317"/>
                <TextEquiv>
                    <Unicode>rächteren verwahren laßen, allwo</Unicode>
                </TextEquiv>
            </TextLine>
            <TextLine id="r3l14" custom="readingOrder {index:13;}">
                <Coords points="1605,1401 1812,1368 1851,1400 1894,1377 2263,1386 2333,1414 2545,1392 2546,1366 2405,1325 2236,1368 2134,1304 1993,1353 1907,1311 1852,1347 1776,1309 1608,1336"/>
                <Baseline points="1613,1368 1659,1366 1705,1364 1751,1364 1798,1364 1844,1364 1890,1365 1936,1367 1983,1368 2029,1371 2075,1373 2121,1377 2168,1379 2214,1382 2260,1385 2306,1387 2353,1390 2399,1394 2445,1395 2491,1398 2538,1400"/>
                <TextEquiv>
                    <Unicode>er sich noch würcklichen befinde</Unicode>
                </TextEquiv>
            </TextLine>
            <TextLine id="r3l15" custom="readingOrder {index:14;}">
                <Coords points="1884,1467 1924,1457 1988,1469 2011,1460 2035,1467 2043,1461 2085,1465 2085,1394 2040,1397 2009,1374 1995,1384 1952,1386 1918,1407 1884,1405"/>
                <Baseline points="1890,1454 1916,1452 1943,1451 1970,1451 1997,1452 2024,1452 2051,1454 2078,1455"/>
                <TextEquiv>
                    <Unicode>Enden</Unicode>
                </TextEquiv>
            </TextLine>
            <TextLine id="r3l16" custom="readingOrder {index:15;}">
                <Coords points="2100,1466 2106,1466 2111,1468 2114,1466 2127,1466 2127,1417 2121,1417 2117,1413 2110,1411 2109,1409 2100,1409"/>
                <Baseline points="2106,1454 2121,1454"/>
                <TextEquiv>
                    <Unicode>.</Unicode>
                </TextEquiv>
            </TextLine>
            <TextLine id="r3l17" custom="readingOrder {index:16;}">
                <Coords points="1607,1668 2108,1660 2259,1718 2446,1673 2490,1717 2591,1681 2631,1701 2634,1628 2576,1641 2491,1597 2424,1648 2331,1612 2239,1631 2136,1581 1950,1607 1856,1568 1609,1610"/>
                <Baseline points="1614,1655 1664,1653 1715,1652 1765,1650 1816,1650 1866,1651 1917,1652 1967,1653 2018,1655 2068,1657 2119,1659 2170,1661 2220,1664 2271,1666 2321,1668 2372,1670 2422,1673 2473,1674 2523,1676 2574,1677 2625,1679"/>
                <TextEquiv>
                    <Unicode>Den 5ten Octobris 1761. in Ehren Gegen¬</Unicode>
                </TextEquiv>
            </TextLine>
            <TextLine id="r3l18" custom="readingOrder {index:17;}">
                <Coords points="1607,1753 1653,1735 1692,1766 1780,1727 1959,1760 2065,1728 2136,1763 2247,1741 2456,1761 2526,1728 2455,1729 2417,1695 2257,1718 2108,1659 1952,1704 1905,1679 1820,1704 1730,1652 1610,1679"/>
                <Baseline points="1614,1724 1659,1722 1704,1721 1749,1720 1795,1719 1840,1721 1885,1721 1930,1722 1976,1724 2021,1725 2066,1727 2111,1729 2157,1731 2202,1734 2247,1736 2292,1738 2338,1740 2383,1742 2428,1743 2473,1745 2519,1746"/>
                <TextEquiv>
                    <Unicode>warth eingangs wohlgemelten</Unicode>
                </TextEquiv>
            </TextLine>
            <TextLine id="r3l19" custom="readingOrder {index:18;}">
                <Coords points="1588,1826 1786,1833 1862,1784 2078,1856 2222,1819 2550,1849 2594,1841 2597,1776 2498,1800 2451,1761 2160,1768 2110,1737 2033,1773 1776,1728 1693,1767 1591,1756"/>
                <Baseline points="1596,1794 1645,1796 1695,1797 1744,1799 1794,1800 1844,1802 1893,1803 1943,1805 1992,1806 2042,1808 2092,1809 2141,1811 2191,1813 2240,1815 2290,1817 2340,1820 2389,1821 2439,1824 2488,1827 2538,1830 2588,1833"/>
                <TextEquiv>
                    <Unicode>mehgenen obervogts und bevor das</Unicode>
                </TextEquiv>
            </TextLine>
            <TextLine id="r3l20" custom="readingOrder {index:19;}">
                <Coords points="1587,1896 1826,1883 1905,1923 2038,1894 2362,1913 2453,1957 2534,1940 2530,1850 2409,1894 2254,1843 2104,1878 1888,1821 1758,1847 1590,1825"/>
                <Baseline points="1595,1881 1641,1880 1688,1880 1734,1880 1781,1881 1828,1883 1874,1884 1921,1885 1968,1887 2014,1889 2061,1892 2108,1894 2154,1896 2201,1898 2248,1901 2294,1904 2341,1906 2388,1909 2434,1911 2481,1913 2528,1916"/>
                <TextEquiv>
                    <Unicode>Examen vorgenommen worden, ist</Unicode>
                </TextEquiv>
            </TextLine>
            <TextLine id="r3l21" custom="readingOrder {index:20;} person {offset:15; length:14;}">
                <Coords points="1588,1985 1765,1960 1946,2007 2035,1979 2517,2015 2520,1955 2305,1918 2225,1968 2113,1920 1895,1939 1840,1906 1766,1937 1592,1903"/>
                <Baseline points="1596,1956 1641,1958 1687,1960 1733,1962 1779,1964 1824,1967 1870,1968 1916,1970 1962,1972 2007,1975 2053,1977 2099,1979 2145,1982 2190,1985 2236,1986 2282,1989 2328,1991 2373,1995 2419,1997 2465,2000 2511,2001"/>
                <TextEquiv>
                    <Unicode>dieser Gericht Niclaus Mollet</Unicode>
                </TextEquiv>
            </TextLine>
            <TextLine id="r3l22" custom="readingOrder {index:21;} place {offset:21; length:5;}">
                <Coords points="1592,2037 1810,2053 1851,2085 2020,2061 2149,2091 2276,2074 2370,2112 2570,2100 2572,2068 2449,2017 2285,2053 2069,1990 1595,1991"/>
                <Baseline points="1599,2033 1647,2036 1695,2038 1743,2040 1792,2043 1840,2045 1888,2048 1937,2051 1985,2053 2033,2057 2082,2059 2130,2061 2178,2064 2226,2067 2275,2069 2323,2073 2371,2075 2420,2078 2468,2081 2516,2084 2565,2087"/>
                <TextEquiv>
                    <Unicode>dem Grichtsteßen von Meßen</Unicode>
                </TextEquiv>
            </TextLine>
            <TextLine id="r3l23" custom="readingOrder {index:22;}">
                <Coords points="1581,2150 1874,2129 2153,2154 2203,2198 2386,2167 2593,2203 2599,2113 2438,2148 2224,2081 2114,2127 1587,2053"/>
                <Baseline points="1590,2114 1642,2117 1695,2119 1747,2122 1800,2125 1852,2129 1905,2131 1958,2135 2010,2137 2063,2141 2115,2143 2168,2147 2220,2150 2273,2153 2326,2156 2378,2160 2431,2163 2483,2167 2536,2170 2589,2172"/>
                <TextEquiv>
                    <Unicode>vorgelesen worden, der solchen noch¬</Unicode>
                </TextEquiv>
            </TextLine>
            <TextLine id="r3l24" custom="readingOrder {index:23;}">
                <Coords points="1582,2226 1688,2247 1768,2217 1900,2267 1954,2228 2061,2271 2156,2242 2607,2268 2610,2213 2481,2183 2415,2212 2309,2180 2226,2210 2030,2159 1841,2199 1730,2156 1585,2179"/>
                <Baseline points="1590,2202 1640,2204 1691,2206 1741,2208 1792,2210 1842,2213 1893,2217 1943,2219 1994,2222 2044,2225 2095,2228 2146,2231 2196,2234 2247,2237 2297,2240 2348,2243 2398,2246 2449,2249 2499,2251 2550,2253 2601,2256"/>
                <TextEquiv>
                    <Unicode>mahlen bestätiget mit hinzuthun.</Unicode>
                </TextEquiv>
            </TextLine>
            <TextLine id="r3l25" custom="readingOrder {index:24;} person {offset:4; length:14;}">
                <Coords points="1578,2334 1786,2308 1853,2354 1934,2317 2131,2358 2221,2327 2451,2379 2601,2343 2605,2268 2409,2295 2358,2257 2291,2290 2203,2257 2146,2292 2011,2246 1830,2275 1638,2223 1583,2243"/>
                <Baseline points="1587,2285 1637,2289 1687,2292 1738,2294 1788,2297 1839,2301 1889,2303 1939,2306 1990,2309 2040,2312 2091,2315 2141,2316 2191,2319 2242,2322 2292,2325 2343,2327 2393,2330 2443,2331 2494,2334 2544,2337 2595,2339"/>
                <TextEquiv>
                    <Unicode>daß Hans Hunzicker sein Knecht schon</Unicode>
                </TextEquiv>
            </TextLine>
            <TextLine id="r3l26" custom="readingOrder {index:25;}">
                <Coords points="1588,2375 1673,2412 2065,2406 2454,2445 2538,2425 2541,2376 2420,2379 2356,2340 1987,2364 1803,2320 1725,2363 1589,2350"/>
                <Baseline points="1595,2370 1641,2374 1688,2376 1735,2380 1782,2383 1829,2386 1875,2389 1922,2393 1969,2395 2016,2397 2063,2400 2109,2403 2156,2406 2203,2409 2250,2410 2297,2413 2343,2415 2390,2418 2437,2420 2484,2421 2531,2424"/>
                <TextEquiv>
                    <Unicode>um 6. Ahren die C. v. War zu</Unicode>
                </TextEquiv>
            </TextLine>
            <TextLine id="r3l27" custom="readingOrder {index:26;}">
                <Coords points="1582,2475 1752,2471 1827,2522 2291,2497 2480,2524 2483,2458 2428,2436 2069,2456 2005,2410 1871,2453 1698,2405 1586,2412"/>
                <Baseline points="1590,2454 1634,2459 1678,2462 1722,2464 1766,2468 1811,2471 1855,2473 1899,2475 1943,2478 1987,2479 2032,2481 2076,2483 2120,2486 2164,2488 2208,2489 2253,2492 2297,2493 2341,2496 2385,2498 2429,2501 2474,2504"/>
                <TextEquiv>
                    <Unicode>füteren angefangen, und hätte</Unicode>
                </TextEquiv>
            </TextLine>
            <TextLine id="r3l28" custom="readingOrder {index:27;}">
                <Coords points="1589,2558 1695,2595 2310,2590 2390,2630 2528,2612 2532,2538 2412,2559 2146,2500 1894,2545 1593,2483"/>
                <Baseline points="1596,2538 1642,2543 1688,2547 1734,2550 1781,2555 1827,2558 1873,2560 1920,2564 1966,2567 2012,2569 2059,2571 2105,2574 2151,2576 2197,2579 2244,2581 2290,2583 2336,2586 2383,2588 2429,2591 2475,2594 2522,2597"/>
                <TextEquiv>
                    <Unicode>Selbiger um die Zeit, da er die</Unicode>
                </TextEquiv>
            </TextLine>
            <TextLine id="r3l29" custom="readingOrder {index:28;}">
                <Coords points="1582,2662 1704,2656 1763,2698 1822,2670 1889,2702 1970,2672 2013,2705 2291,2673 2543,2709 2547,2619 2302,2649 2088,2606 1992,2638 1587,2558"/>
                <Baseline points="1590,2631 1637,2636 1684,2639 1732,2642 1779,2645 1827,2648 1874,2651 1921,2653 1969,2655 2016,2657 2064,2660 2111,2661 2158,2664 2206,2666 2253,2668 2301,2670 2348,2672 2395,2674 2443,2676 2490,2679 2538,2681"/>
                <TextEquiv>
                    <Unicode>That begangen, schon in der Ruhe</Unicode>
                </TextEquiv>
            </TextLine>
            <TextLine id="r3l30" custom="readingOrder {index:29;}">
                <Coords points="1577,2733 1642,2760 2037,2758 2120,2800 2226,2756 2472,2787 2538,2772 2541,2711 2402,2746 2141,2683 2074,2730 1891,2716 1840,2671 1748,2710 1580,2668"/>
                <Baseline points="1584,2712 1631,2717 1678,2723 1726,2727 1773,2731 1821,2734 1868,2737 1915,2740 1963,2742 2010,2745 2058,2747 2105,2748 2152,2750 2200,2751 2247,2754 2295,2756 2342,2758 2389,2761 2437,2763 2484,2766 2532,2769"/>
                <TextEquiv>
                    <Unicode>seyn können und sollen, mit</Unicode>
                </TextEquiv>
            </TextLine>
            <TextLine id="r3l31" custom="readingOrder {index:30;}">
                <Coords points="1583,2816 1921,2868 2050,2844 2227,2892 2365,2852 2472,2898 2586,2859 2587,2816 2527,2828 2488,2791 2171,2777 2057,2807 1585,2753"/>
                <Baseline points="1590,2804 1639,2810 1688,2815 1738,2820 1787,2823 1837,2827 1886,2829 1936,2832 1985,2834 2035,2835 2084,2837 2133,2838 2183,2839 2232,2840 2282,2841 2331,2843 2381,2843 2430,2844 2480,2846 2529,2847 2579,2849"/>
                <TextEquiv>
                    <Unicode>anerbieten, wo nöhtig solches beym</Unicode>
                </TextEquiv>
            </TextLine>
            <TextLine id="r3l32" custom="readingOrder {index:31;}">
                <Coords points="1565,2937 1727,2941 1747,2958 1849,2941 1869,2955 1900,2939 1923,2955 2084,2944 2087,2884 1966,2884 1891,2849 1786,2858 1734,2820 1702,2834 1657,2818 1570,2855"/>
                <Baseline points="1575,2886 1600,2889 1625,2891 1650,2892 1675,2895 1701,2896 1726,2898 1751,2900 1776,2902 1801,2904 1827,2904 1852,2906 1877,2907 1902,2909 1927,2910 1953,2911 1978,2912 2003,2913 2028,2913 2053,2914 2079,2915"/>
                <TextEquiv>
                    <Unicode>Eyd zu Reden.</Unicode>
                </TextEquiv>
            </TextLine>
            <TextLine id="r3l33" custom="readingOrder {index:32;} person {offset:9; length:15;}">
                <Coords points="1550,3076 1661,3080 1708,3118 2370,3107 2463,3156 2585,3130 2587,3079 2244,3019 2112,3054 1919,3012 1859,3058 1801,3021 1715,3036 1626,2956 1554,2955"/>
                <Baseline points="1557,3062 1608,3069 1659,3075 1710,3080 1761,3084 1812,3088 1863,3090 1914,3092 1965,3094 2016,3095 2068,3096 2119,3096 2170,3097 2221,3098 2272,3099 2323,3099 2374,3101 2425,3102 2476,3104 2527,3106 2579,3110"/>
                <TextEquiv>
                    <Unicode>Dits hat Niclaris Mollet obigen</Unicode>
                </TextEquiv>
            </TextLine>
            <TextLine id="r3l34" custom="readingOrder {index:33;}">
                <Coords points="1570,3150 1704,3195 1798,3172 1845,3203 1950,3164 2027,3199 2184,3180 2246,3220 2348,3179 2478,3177 2479,3126 2411,3140 2383,3113 2206,3101 2110,3143 1994,3106 1919,3136 1876,3107 1708,3118 1649,3077 1572,3100"/>
                <Baseline points="1577,3141 1621,3147 1666,3151 1711,3155 1756,3159 1800,3161 1845,3164 1890,3165 1935,3167 1979,3168 2024,3168 2069,3170 2114,3170 2158,3170 2203,3170 2248,3170 2293,3170 2337,3170 2382,3168 2427,3168 2472,3168"/>
                <TextEquiv>
                    <Unicode>Grichtseßen sohn, 12 jahren</Unicode>
                </TextEquiv>
            </TextLine>
            <TextLine id="r3l35" custom="readingOrder {index:34;}">
                <Coords points="1564,3230 1737,3247 1850,3300 2005,3251 2124,3288 2314,3259 2410,3290 2450,3257 2555,3258 2556,3214 2461,3183 2419,3215 2177,3231 2057,3190 1950,3217 1753,3184 1712,3213 1565,3149"/>
                <Baseline points="1571,3222 1619,3226 1668,3231 1717,3234 1766,3237 1815,3240 1864,3242 1913,3245 1962,3246 2011,3248 2060,3248 2108,3249 2157,3249 2206,3249 2255,3249 2304,3248 2353,3247 2402,3246 2451,3244 2500,3242 2549,3240"/>
                <TextEquiv>
                    <Unicode>Alters, deponirt bey seinen Ehren</Unicode>
                </TextEquiv>
            </TextLine>
            <TextLine id="r3l36" custom="readingOrder {index:35;}">
                <Coords points="1565,3297 2095,3341 2478,3337 2536,3299 2372,3261 2102,3308 2030,3276 1831,3301 1702,3247 1565,3275"/>
                <Baseline points="1572,3290 1619,3297 1667,3303 1715,3307 1763,3312 1811,3317 1859,3319 1906,3321 1954,3323 2002,3324 2050,3324 2098,3324 2146,3324 2194,3324 2241,3323 2289,3322 2337,3321 2385,3320 2433,3318 2481,3318 2529,3317"/>
                <TextEquiv>
                    <Unicode>und treuen, wo nötig mit dem</Unicode>
                </TextEquiv>
            </TextLine>
            <TextLine id="r3l37" custom="readingOrder {index:36;}">
                <Coords points="1540,3424 1636,3394 1951,3439 2069,3406 2116,3433 2274,3405 2353,3442 2551,3413 2527,3320 2322,3350 2212,3327 2059,3379 1961,3320 1542,3319"/>
                <Baseline points="1547,3372 1596,3378 1646,3382 1696,3387 1746,3390 1796,3393 1846,3396 1895,3398 1945,3400 1995,3401 2045,3401 2095,3402 2145,3401 2195,3401 2244,3401 2294,3399 2344,3398 2394,3395 2444,3393 2494,3390 2544,3389"/>
                <TextEquiv>
                    <Unicode>Eyd zu bestätigen, wahr zu seyn,</Unicode>
                </TextEquiv>
            </TextLine>
            <TextLine id="r3l38" custom="readingOrder {index:37;}">
                <Coords points="2217,3537 2252,3540 2274,3526 2319,3524 2368,3548 2413,3524 2436,3543 2487,3539 2523,3513 2521,3477 2459,3481 2419,3455 2399,3455 2365,3485 2274,3455 2215,3484"/>
                <Baseline points="2222,3512 2248,3512 2275,3512 2302,3512 2328,3510 2355,3510 2382,3509 2409,3507 2435,3507 2462,3506 2489,3504 2516,3503"/>
                <TextEquiv>
                    <Unicode>donnerstag etc.</Unicode>
                </TextEquiv>
            </TextLine>
            <TextEquiv>
                <Unicode>221 
Auch öffters gethan. Hat er geantwor¬
stet, der Teuffel habe ihme solches wohl
in Sum geben.
Niclaus Mollet
deß Grichts thut hierzu, daß, als er
in Gegenwart deß Statthalters Ihne
Hans Heinzicker befraget, ob er dann
die That recht vollbracht, derselbe
in Antwort ertheillet, Ja solchem
nach haben Sie denselben in das
Wirtshaus geführet, und mit zwey¬
rächteren verwahren laßen, allwo
er sich noch würcklichen befinde
Enden
.
Den 5ten Octobris 1761. in Ehren Gegen¬
warth eingangs wohlgemelten
mehgenen obervogts und bevor das
Examen vorgenommen worden, ist
dieser Gericht Niclaus Mollet
dem Grichtsteßen von Meßen
vorgelesen worden, der solchen noch¬
mahlen bestätiget mit hinzuthun.
daß Hans Hunzicker sein Knecht schon
um 6. Ahren die C. v. War zu
füteren angefangen, und hätte
Selbiger um die Zeit, da er die
That begangen, schon in der Ruhe
seyn können und sollen, mit
anerbieten, wo nöhtig solches beym
Eyd zu Reden.
Dits hat Niclaris Mollet obigen
Grichtseßen sohn, 12 jahren
Alters, deponirt bey seinen Ehren
und treuen, wo nötig mit dem
Eyd zu bestätigen, wahr zu seyn,
donnerstag etc.</Unicode>
            </TextEquiv>
        </TextRegion>
        <TextRegion orientation="0.0" id="r4" custom="readingOrder {index:3;}">
            <Coords points="2616,2951 2616,3101 2646,3101 2646,2951"/>
            <TextLine id="r4l1" custom="readingOrder {index:0;}">
                <Coords points="2610,3073 2617,3073 2619,3071 2626,3072 2628,3069 2632,3072 2640,3071 2643,3073 2653,3071 2653,3035 2643,3033 2633,3035 2631,3033 2622,3033 2617,3030 2610,3030"/>
                <Baseline points="2616,3051 2646,3051"/>
                <TextEquiv>
                    <Unicode>re</Unicode>
                </TextEquiv>
            </TextLine>
            <TextEquiv>
                <Unicode>re</Unicode>
            </TextEquiv>
        </TextRegion>
        <TextRegion orientation="0.0" id="r5" custom="readingOrder {index:4;}">
            <Coords points="2651,1490 2651,1643 2666,1643 2666,1490"/>
            <TextLine id="r5l1" custom="readingOrder {index:0;}">
                <Coords points="2649,1615 2657,1613 2666,1603 2675,1601 2664,1549 2657,1550 2653,1554 2644,1552 2636,1555"/>
                <Baseline points="2651,1593 2666,1590"/>
                <TextEquiv>
                    <Unicode>2</Unicode>
                </TextEquiv>
            </TextLine>
            <TextEquiv>
                <Unicode>2</Unicode>
            </TextEquiv>
        </TextRegion>
    </Page>
</PcGts>
