3024 4032
317 314 473 430 496.
350 451 471 577 hr.
357 763 428 871 .
339 886 441 984 Fr.
353 1001 430 1070 A.
335 1121 433 1221 he
338 1433 424 1549 d.
333 1620 465 1725 Ge.
339 1790 411 1869 2.
332 1908 446 2012 Fr.
333 2002 407 2126 2t.
330 2117 449 2223 Je
328 2233 419 2327 G.
310 2349 443 2466 Ge¬
311 2582 425 2703 2.
310 2747 432 2849 Fr.
283 3336 382 3426 22.
305 3469 421 3570 Fr.
503 457 1472 594 Es seye ungläublich, daß ein Weibs Bild eine solle
509 517 1453 642 freche that, darzu es kraft und zeit erfordere,
510 582 1420 711 allein habe begehen können, solle also sagen, bei ihm
481 642 957 754 hierbey hulf geleistet.
490 750 775 880 Thar nieman.
492 867 1023 986 Wie Er die Kisten eröffnet.
495 977 1059 1106 Es habe keine Kisten berührt.
491 1101 1482 1226 Es werde nochmahl mit allem ernst ermahnet, sich wohl
492 1173 1479 1272 zu bedenken, und sich vor Schmertzern zu seyn, mithin
477 1245 1474 1360 zu bekennen, ob der Man nicht an den laßen auch
489 1311 1217 1435 Hand angelegt, und behülflich gewesen.
486 1392 1465 1546 der man habe gar nichts darbey gethan, und können
501 1492 994 1613 gar nicht anderst reden.
492 1612 1467 1723 War von diesem Diebstahl noch mehr wißen¬
494 1691 807 1780 eschaft gehabt.
480 1775 976 1898 Niemand als die Tochter
476 1878 1497 2006 Wie manch fur tuch voll die töchter heimgetragen
483 2000 737 2124 Nur eines.
494 2112 1445 2225 Ob Sie dann nicht auch zweymahl heimgegangen.
481 2233 984 2330 Es biße er nicht mehr.
492 2352 1459 2451 Obwährend der Zeit, als Sie beyde den Diet¬
486 2417 1430 2524 stahl verrichtet nicht viele leüth, da hin und
473 2515 787 2598 her gegangen.
476 2619 623 2725 dlein
1245 2742 1420 2851 daß es
474 2742 1126 2860 Seine Bekantnuß seye also.
479 2819 1430 2924 ellein in den Mören Gang gegangen, dorten
473 2886 1449 3020 allein mit einem großen Nagel die Boden¬
456 2956 1438 3085 Reiffen loßgemacht, und nach dem es also die
471 3034 1432 3174 Böden eröffnet, heimgegangen, die Rechter
458 3118 1409 3234 zu holen, und daß der Mann hierbey weder
466 3176 1455 3311 geholffen, noch Wißenschaft davon gehabt.
458 3328 1206 3460 Ja, das seye die reine Wahrheit.
451 3442 1467 3556 Solle auch sagen, wie diese Wage in das Füßlin
463 3541 1129 3659 an die Mezger Gaß gekommen.
1556 549 1697 638 Antl
1575 923 1687 1035 Gr.
1596 1088 1660 1174 1
1573 1269 1675 1365 Or
1595 1629 1653 1715 4
1570 1910 1673 2013 I
1568 2444 1665 2525 4.
1560 2609 1684 2755 De
1586 2898 1657 2994 1.
1585 3233 1663 3320 Hr.
2577 448 2713 535 497.
1721 523 2723 655 l und die tochter haben zuerst jedes eine Burde aus
1711 605 2689 732 dem kleinen Fäßlin an die Mezger Gaß ge¬
1703 670 2688 792 etragen und nachwerts aus dem großen fäßlein
1702 753 2660 854 habe jedes ein fürtuch voll genommen, und selbes
1718 816 2305 934 geraden Wegs heimgetragen.
1716 923 2692 1046 Warum sie einen Theil von diesen Waaren an der
1704 994 2360 1101 Mezger haß liegen laßen.
2457 1026 2516 1122 e
1718 1091 2724 1189 Sie seyen durch ein angekommenes Liecht verhinde¬
1710 1146 2488 1276 iret worden, das übrige auch zu nemmen:
1712 1250 2726 1374 die Tochter hingegen bekenne nur ein einziger Ffurtich
1707 1334 2689 1434 voll aus dem Mören Gang heim - und keine an
1707 1401 2713 1484 die Mezger gaß getragen zu haben, und klage
1701 1463 2706 1569 Es an, daß Er sie zu diesem diebstahl verleitet,
1717 1530 2448 1644 und zu dem End von Hauß geführt.
1707 1632 2676 1747 Es habe geglaubt, die Tochter habe auch an die
1703 1713 2697 1810 Mezger Gaß getragen, anbey habe Er von seinem
1700 1779 2625 1892 bösten Vorhaben ihm erst unterwegs geredet.
1720 1899 2601 2002 Da der man so viel von denen gestohlne
1709 1964 2725 2076 Strümpfen getragen, ſo ſeye ungläublich, daß, wor
1721 2027 2713 2130 er nicht bey dem Diebstahl geholffen, Er auf
1708 2086 2717 2212 das wenigste davon gewußt, und selbe mit seinem
1696 2178 2699 2282 Wißen im Hauß gewesen. Wo es mit Laug-
1705 2245 2691 2344 gnen fortfahre, so müße die Marter ange¬
1709 2309 2106 2417 ewendet werden.
1713 2426 2681 2528 Es könne den Mann nicht unschuldig beklagen,
1721 2488 2706 2634 man möge mit ihm vornehmen was man wolle
1723 2596 2652 2744 30 ad nicht vor etwan einem Jahr bey der
1699 2682 2703 2812 Kronen im Wihrts Hand einem Freunden Herrn
1703 2796 2058 2904 Wasch getragen.
1691 2864 2647 2988 Nein, seyn auch sint langen Jahren nicht dorten
2576 2925 2703 2999 Lanter¬
1703 2931 2573 3063 gewesen, außert fern, da ihr Man eine
1698 2988 2595 3124 dnen auf der Gaßen gefunden, die zu der
1692 3105 2036 3206 Kronen gehört
1718 3111 2676 3334 3 seye just zu derselben Zeit, als Er die Walch
1708 3220 2656 3382 übergeben, allida ein selberner Kerzen Stok
1700 3295 2676 3466 beygekommen, und da Leuth vorhanden, die ihns
