3024 4032
230 310 400 452 294.
438 387 1346 563 Seye er ing mit dem Christian biß
438 490 1383 661 in den Bremgarten gegangen, wohin der
436 564 1386 745 Keller Magd Tochter ein Ward Sche
431 661 1377 832 eine Taglöhnerin einen blauen Reli¬
431 731 1384 895 dem furtuch nach getragen. Daselbe
426 816 1371 967 habe der Christian seinen Rot ab- und
430 912 1371 1048 den blauen angezogen, den Ward Sch
430 980 1359 1124 habe er Ing zur Hand genommen, und
430 1069 1365 1216 allda haben die zwey Meitlin steter.
413 1147 1360 1291 glaßen, welche den aus gezogenen Rech¬
410 1226 850 1346 zurukgetragen.
1001 1284 1103 1328 .
1101 1248 1329 1382 Also seye
409 1306 1333 1445 ering mit dem Christian bißen
403 1385 1362 1538 wenig über die Neuenbrugg gegangen,
393 1461 1341 1624 habe ihm daselbst den Stand Satz zuge¬
393 1542 1351 1710 estellt, und von ihm Abscheid genommen,
397 1648 1362 1785 ohne von ihme zu wißen, wo er eigentlich
387 1717 1321 1852 hingehen wolle. Seither habe er von
388 1812 929 1931 ihm nichts vernommen.
377 1952 1323 2093 dieses seye nunmehro alles, was ihm von
389 2019 1300 2165 dieser unglücklichen Geschicht bekant
385 2114 1329 2246 seye, darauf er als der keinen Wahr¬
1116 2194 1296 2302 Gätte
371 2206 980 2330 zeit gemäß verharre.
375 2280 1270 2401 um gnädige Verzeichung deßen, was
363 2367 1151 2513 er hierin möchte verfehlt haben.
365 2517 1317 2695 Wurde auf Angeloben hin, auf fragen
386 2641 776 2772 hußgelaßen.
443 2770 1163 2940 Abgelesen und bestäthiget.
361 2897 1304 3056 Actum in der Oberen Gefangen¬
363 3003 1289 3141 schaft den 24 tn Septembris 1762.
2462 322 2632 457 295.
1584 410 2580 576 Auf Dacto wurden folgende Persohnen
1587 520 2630 658 nach kräftiger Vermahnung zur Wahrheit,
1586 598 2391 753 nochmalen verhört und befraget.
1855 692 2023 824 Llls.
1515 830 2637 1003 S. Niclaus Lamberg der Indiene truker
1612 995 2553 1121 Ob er an der verlichenen Mitwochen
1422 1017 1575 1159 Refragt
1586 1072 2589 1228 sich zugetragenen Schlägerey bey H. von
1569 1164 2580 1290 Gaveld Garten Maur nicht mit einem
1580 1236 2581 1354 Stehen einen Man̄ an den Kopff ge¬
1575 1319 2548 1468 eschlagen, daß er zu Toden gefallen?
1584 1469 2606 1624 erbetheüre, daß er sich keines wegs in die
1399 1495 1538 1595 Antb
1569 1548 2614 1709 ser Streit eingelaßen, dorffe Gott zum
1559 1636 2518 1773 zeugen nemmen, daß er keinen Streich
1578 1724 1769 1841 gethan.
1578 1822 2610 1981 Verfahle aus des Probsts Außag, daß
1408 1868 1564 2013 Frag
1576 1911 2579 2067 er sich an dem gleichen Ohrt einbefunden
1575 2007 2548 2134 bo der Streit gewesen, der geschlagene
1576 2086 2596 2233 Post Menger vermute auch, daß er der
1579 2162 2571 2299 jenige seye, so ihme den Streich versehet
1631 2320 2587 2457 dorffe bezeugen, daß so woll deß Prob¬
1414 2324 1543 2429 Gelb
1583 2350 1612 2438 r
1575 2401 2570 2538 Iten Aussag, als deß Sengers ver¬
1581 2483 2557 2622 muchtungen hierin gantz falsch seyen, in¬
1587 2577 2487 2698 demme er nochmahl Gott zum Zeugen
1580 2640 2518 2745 anrüffe, daß er an diesem Streit den
1580 2714 2570 2843 geringsten Antheil nicht gehabt, sonder
1588 2787 2562 2930 allezeit bey seinen Cameraden bey der
1563 2869 2559 3011 Schwer verblieben, und von da dem Streit
2095 2945 2506 3064 Es seyn möglich,
1581 2950 1887 3059 zugeschauet,
1583 3006 2542 3158 daß beyde der Strobst und Wenger,
1589 3099 2574 3219 den Gärtner für ihne Inqui angesehen,
1590 3174 2592 3300 weilen sie ohngefard von gleicher Statur
1594 3242 2550 3383 seyen, und der Gärtner damahl, wie Er
1582 3333 2548 3453 glaube, gleich wie Er Ing eine Kappen
2234 3411 2560 3556 getragen e.
