3024 4032
230 242 343 324 178.
311 338 1396 549 . Deßgleichen seyn wahr, daß Er gleich
411 450 1414 639 nach der Genißt, sein Meßer aus
412 553 1377 705 dem Sack hervorgezogen, und
406 625 1411 809 darmit die Nabelschnur abgescheiten
352 796 1400 994 Darauf habe Er der Schlappach ange¬
386 906 1394 1072 geben, Sie wollen das Kindlein
383 985 1368 1128 trücken. Es werde Er Niemand
386 1067 1390 1228 wüßen. Habe der Schlappach die
375 1170 1381 1325 Hand unter deß Kinds Kopf zuhalten
379 1250 1376 1399 gemacht, alldieweilen Er selbsten
361 1325 1352 1490 daß kind am halß und Kopff
363 1416 1342 1580 getrucket, biß daß Er es nicht
369 1517 1275 1675 mehr lebendig gespühret.
237 1691 1346 1869 gestehe, daß er von deßwegen
334 1816 1343 1970 in Nahmen der Schlappach Sontags
348 1907 1352 2049 vor der Ehrbarkeit erschinnen, weilen
312 2004 1326 2129 Es wegen großer Schwachheit von
329 2069 1345 2215 seiner Kindt Niderkunfft nicht wäre
318 2178 1321 2323 im Stand gewesen, selbsten dorthin
312 2251 648 2394 zu gehen
304 2474 1322 2612 kön̄e auch nicht ab seyn, daß Er den
311 2567 1301 2689 Schlappach befehlen, das Kind in
301 2647 1038 2784 Garten zu begraben.
285 2829 1306 2968 Auch seye wahr, daß Er sehr erschroken,
289 2908 1312 3059 Alß mann die Schlappach zu visitieren
284 2998 1239 3122 und abzuholen gekommen.
220 3134 1289 3306 Und Endlich, daß Er den fältschlich ge¬
257 3237 1282 3389 brauchten Vorwand, von Einer un¬
255 3351 1273 3458 zeitigen Leibes - Frucht, nur um
241 3439 1073 3569 sich auß zuschönen, erdacht
1103 3564 1238 3681 In
1439 2951 1578 3062 Antl.
1455 1958 1582 2078 frag in
1603 427 2620 617 In Summa, daß der Anna Schlag¬
1620 536 2608 682 pach außag von solcher mit Ihr ver¬
1633 616 2625 785 nebten Mißethat wegen, durch auß
1625 720 2626 873 Wahrheit in sich halte, die Er hie¬
1592 797 2638 961 mit gestehe, für bekant annenemme,
1614 874 2614 1050 und nach obigem Innhalt bestätige
1615 965 2622 1105 darauff werde Er nunmehro als der
1622 1043 2563 1214 Wahrheit gemäß verbleiben und
1613 1136 1935 1279 beharren
1593 1340 2621 1515 Zite Bott um gnädige Verziechung
1603 1436 2616 1574 so wohl für seine Große Mißethäten,
1600 1517 2612 1669 als von wegen seiner Langen halb¬
1599 1603 2576 1756 starrigkeit. Anjetzo aber habe
1600 1706 2579 1827 Er sein Herz außgeläret und
1598 1790 2197 1913 völlig entladen
1618 1949 2585 2104 da Er allein anschein nach anjezo
1584 2076 2609 2179 gerühret und Neuen erscheine,
1580 2152 2525 2264 so solle Er nichts hinterhalten
1585 2239 2613 2361 sondern sein gewißen entladen,
1579 2319 2586 2426 Ob nicht schon vormahls das Gerücht
1571 2408 2587 2534 gegangen, die Schlappach befinde
1579 2496 2574 2622 sich Schwänger, es sich auch in der
1574 2589 2616 2693 that also verhalten, und zwar, daß
1565 2678 2595 2797 Er selbige auch damahlen geschwän¬
1555 2767 1890 2880 geret.
1587 2944 2596 3084 Nein. Bezeuge Aufrichtig, daß
1576 3038 2593 3174 Er nichts darbey verschuldet, habe
1563 3126 2599 3260 damahlen, noch keine Fleischliche
1570 3211 2577 3361 Gemeinschafft mit der Schlappach
1570 3304 2507 3439 gehabt, wahr seye, daß Er
1563 3393 2576 3533 Selbsten durch den Freyweibel
2380 3490 2604 3600 ange 5.
2600 384 2661 456 29.
