3024 4032
291 329 398 408 234.
453 423 1424 569 hotte, er wäre 32 jahr alt und noch
465 498 1419 640 ledigen Standes, gebührtig von Mord
450 574 1404 694 Heeren Vogthey Lenzburg, Kirchhorn
437 640 1415 779 Kilchli erb, sein vatter Alle Hunziber
429 718 1378 847 seye noch beÿ Leben, die Muter
443 823 1400 946 Cathri u. de frühezeitig verstorben
445 894 1311 1019 seine zwey Bruder und zwey
1308 954 1373 1027 .
436 965 1391 1120 Schwesteren stehen in diensten die
424 1065 1373 1201 alle alter als er, seith schon acht
409 1135 1386 1290 Jahren habe er seinen Vatter ver¬
406 1226 1382 1370 laßen, und in diensten sich unter
406 1323 1374 1447 halten, als namlichen zu erst biß
410 1396 1392 1539 faßnacht zu hoffingen, darnach von
400 1495 1350 1624 Hanß Tagen biß Heil. Wienacht
400 1562 1367 1719 bey Joseph Kohler, Schneider berg.
394 1648 1388 1797 genannt zu Wynan bey Morgenthal¬
388 1750 1378 1874 als dann zu Kozweil bey dem Schalten
389 1811 1331 1960 Baur biß acht tag nach daß nacht
381 1896 1341 2045 von dort hinlangg zu Zanggenried,
377 1991 1369 2129 allbes er länger nicht bleiben können
382 2084 1305 2220 weilen die übrigen dienst Gotten
367 2152 1364 2295 ihme aufsezig gewesen, seye mithin
381 2242 1335 2382 im Tristi wohl zu dem Lysach Peter
382 2319 1326 2465 in dienst getretten, bey welchem er
357 2376 1325 2539 zwey Jahr lang verblieben, von da
365 2487 1341 2642 hinwegg seye er in das Anheggberg
352 2589 1345 2716 zu Adam Mollet dem Grichtseßen
329 2662 1322 2800 zu Ober kamsteren gekommen, deme
369 2753 1340 2910 er drey Jahr lang gedienet, demnach
345 2829 1328 3000 habe er zu Meßen bey dem Balm
354 2930 1346 3074 Hans zwey Jahr lang und seith fern¬
343 3001 1325 3142 iriger Heil. Sienachten biß anhero
354 3080 1327 3248 bey Riggli Mollet deß grichts zu
344 3192 1339 3330 gedachtem Meßen gedienet, welcher
335 3258 1320 3430 Ihme das versprochene Zeug aber
1080 3423 1267 3534 keun
2578 310 2689 392 235.
1616 439 2686 577 kein Gelt bezalt. An Gelt seye ihme
1634 525 2703 652 Jährlich 7. 8. versprochen gewesen, diesen
1638 594 2694 711 lohn in Gelt, wie auch 2. paar Schu und
1641 661 2674 815 v. Heider habe er annoch der Zeit nach
1621 759 1969 877 zu forderen.
1619 898 2693 1038 zu Meßen seye er donnerstag den 24ten
1631 1001 2609 1102 Herbstmonat zu Rachts kurz vor
1635 1062 2604 1195 Neün Ahren bey letzt gemeltem
1631 1150 2639 1271 seines meisters Hans zu Meßen
1631 1224 2599 1349 von dem Stadthalter daselbst, und
1637 1300 2647 1454 dem vogt Hans angehalten in das
1625 1392 2602 1528 Wirtshaus- und demnach durch den
1629 1475 2580 1625 Weibel in das Schloß Acheggberg.
1614 1566 2634 1699 gefänglich überlifferet worden, aus¬
1625 1657 2593 1782 Ursachen er von Niclaus Mollet
1613 1729 2685 1870 seines meisters sohn zu obgemelter
1618 1797 2634 1981 Stund und Tag auf der That ange¬
1604 1886 2664 2040 getroffen worden, als er in dem Werck
1619 1966 2646 2136 begriffen war mit einer schwarzen
1592 2052 2680 2225 gefärbten c. v. Stuten eine Bestia¬
1614 2146 2580 2308 litet zu volbringen. Er habe sich die
1612 2221 2658 2380 Sach also zugetragen, Er habe im Ruhe Stall
1622 2293 2590 2455 das Rüche Stühlin abgehalt, solches in
1597 2369 2649 2529 Roß Stall getragen, hinter die c. v. Stuten
1597 2457 2603 2621 gestelt, darnach, nach deme er zu erst
1605 2548 2611 2694 die Stalls thür zugestoßen, auf das
1599 2608 2650 2786 Stühli gestanden, habe die Hosen S. h. auf¬
1583 2681 2657 2875 gelößt, und als er habe wollen das Werk
1600 2791 2610 2957 verrichten, seye Riggli Mollet deß
1601 2854 2618 3023 Meisters sohn zum Stall hinein ge¬
1589 2950 2668 3112 kommen, er habe damahls der C. v. Stuten
1604 3040 2627 3177 den stihl auf die Seiten gehalten, und
1583 3101 2601 3260 seye mit seinem Männlichen Glid
1598 3180 2632 3342 in den Leib der Stuten kommen, jedoch
1594 3262 2608 3432 Recht zuchen an noch nicht, und seye
1587 3325 2597 3479 der Riggli in Stall kommen, bevor
2428 3484 2577 3590 der etc.
