3024 4032
333 322 462 417 476.
419 457 492 553 3.
385 2212 479 2323 zu
405 1222 482 1326 4.
535 450 1445 589 Mstr Johannes Hubschi der Hochwachter
538 542 1192 650 sagte über gleiche Fragend.
530 642 1471 802 Er möge sich nur nicht verinnern, ob Er. Herl.
531 730 1378 823 diese gleiche nacht die Wacht auf dem
521 810 1463 893 Kirch thurn gehalten, und also noch weniger, ob
524 873 1449 981 der Dufrene, damahls auch vicarisiert, und
528 929 1478 1044 zu welcher stund er des Abents auf den thurn
539 1011 735 1096 gekommen.
528 1167 1458 1316 Mstr Emanuel Bigler der hochbuchter
526 1271 1456 1398 deponierte deßgleichen. Er errinnere sich
524 1349 1433 1438 keined wegs daran, ob er dieselbe Nacht die
527 1431 1487 1537 Wacht gehalten, und ob der Mstr. Dussene
533 1505 1492 1611 demahls des Meisten stillmand Stell versehen
522 1580 1497 1678 habe. Von Georgen Tag biß Bartholoma
520 1650 1476 1753 sollen sie um 9. Uhr, und von da biß wieder
526 1722 1434 1819 Georgen Tag um 8. Uhr auf dem Thurn
835 1796 1457 1892 Der Meister Dissene
525 1806 831 1902 sich befinden.
512 1872 1433 1970 habe sich allezeit fleißig eingestellt, auch
511 1951 1437 2054 afft vor Ihm Dep. auf dem Posten sich
509 2045 814 2137 eingefunden.
502 2207 1413 2346 Mstr. David Haag der Schumacher
940 2301 1413 2398 Er habe dem Mestin
512 2311 790 2383 sagte aus¬
496 2368 1416 2457 Dufrene nur Arbeit gegeben, wann er
506 2440 1466 2546 seiner wegen vieler Arbeit benöthiget gewesen,
504 2525 1425 2629 bey ihme aber habe er niemahlen gestießen.
718 2598 1386 2717 Auf obige gleiche Frag den
499 2636 1427 2794 antwortete Er: Er besin̄e sich noch gar wohl,
499 2726 1463 2858 daß denjenigen Sontag Abens, da der dieb¬
489 2804 1461 2927 stahl im Mören Gang beschehen, der Mst
481 2893 1430 2995 Dufrene die Hochbacht gehalten, weilen er ihm
472 2965 1418 3083 Dep als ruffenden Wächter auf Anruffen
486 3029 1464 3170 Gescheid gegeben, und tags hernach am Montag
487 3136 1367 3243 seye er zu ihm auf die Arbeit gekommen.
489 3161 1490 3330 Im übrigen dörffe er versicheren, daß der M
471 3244 1452 3380 Dufrere ihme vor gestohlnen Sachen nichts
475 3333 1440 3468 geredet, noch etwas gezeiget, oder zum Kauf
469 3427 776 3522 angetragen.
465 3485 1269 3607 Actum den 58 ten Augusti 1765.
949 3533 1462 3680 Grichtschreiberey Der
1549 3374 1631 3482 A.
1571 2677 1669 2768 Ir
1578 712 1698 831 Fr
1630 2440 1680 2518 2.
2539 442 2696 563 479.
1965 472 2355 617 3 Examen
1709 573 2666 698 Mit. Mariana Dufrene gebohrne Wenger.
1711 669 2644 823 bo seye Meine gnädiger Herrn Großweibel gestern Abende von dem
1719 772 2660 891 gefangenschafts wärter pflichtmäßig angezeigt worden.
1719 848 2658 930 daß Sie sich durch Gotter Gnad gerührt und reüend befinde
1720 901 2655 1011 auch rechtschaffen bedaure, daß Sie in den letzten Examen
1718 974 2596 1068 ihrem gewüßen wiederstand gethan, und die wahrheit in
1719 1037 2621 1140 etwelcher stuken hinterhalten habe, und daß sie wünschte,
1712 1083 2677 1201 solches zu verbeßeren, ehe daß das Examen MnGH
1706 1159 2696 1247 vorgetragen werde, damit ihre verstattung die hohe obrigkeit
1721 1237 2689 1339 nicht noch mehr wieder sie erhören, deßhalben Meine gnädigen Herrn Groß¬
1716 1315 2689 1409 beibel zu ihrem desten in dieser frühe komme, zu vernemmen,
1723 1372 2691 1460 was Sie anzeigen und bekennen wolle; Sie seye also ernstlich
1714 1426 2688 1512 ermahnet, ihren gewißens Grieben und ihrer schuldigkeit
1703 1515 2652 1621 ein Genügen zu leisten, und aufrichtig zu bekennen, was
1707 1587 2476 1687 Sie letztlich wahrheits- wiedrigen gesagt habe.
1704 1681 2683 1757 Sie seye in der that auf das empfindlichste gerühret, und
1580 1693 1701 1759 Amts¬
1703 1740 2716 1845 in ihrer Seelen betrebet, über ihr vielfaltiges Vergehen,
1719 1819 2689 1917 und bette Gott und eine Hohe Obrigkeit ihr solches gnä¬
1716 1896 2685 2011 digst zu verzeichen und sie nicht nach der schärfte anzu
1696 1958 2687 2075 sehen, die dieselbe und ihre bißherige Verstehung wohl
1705 2046 1988 2153 verdient haben.
1634 2126 2639 2244 §. Sie müße bekennen, daß Sie die ihre vorgewiesene
1717 2206 2620 2277 rothe Indienne stant 3ten Küßer aus der Bentz
1707 2267 2618 2355 Schönenbergers Rutschen genommen, wie Sie deßen
1714 2333 2013 2422 beklagt worden.
1704 2403 2623 2536 vor ohngefehr anderthalb Jahren habe Sie bey H
1708 2483 2649 2602 Weber, gegen über dem Falken eine Thee Büchsten,
1708 2579 2292 2657 ohngefehr 2 lb schwehr genommen.
1702 2647 2690 2770 Sie thue wohl, daß Sie sich begreiffe, und denen begange¬
1706 2726 2638 2847 nen diebs Griffen nachdenke, damit Sie dieselben
1706 2821 1998 2897 angeben könne.
1694 2851 2659 2982 Die Haubtsach aber die zu Bußen nöthig, und welche
1712 2932 2493 3041 noch in völligem Wiederspruch liege, seye.
1707 2981 2646 3118 Wer ihr geholffen, den Diebstahl im Mührengang
1700 3054 2692 3182 begehen, zumalen erst noch gestern solche Anzeige einge-
1705 3116 2610 3237 kommen, die keinen Zweifel laßen, daß ihr jemand
1695 3180 2663 3317 geholffen; Solle auch in diesem Stuk ihren bezeügten
1706 3252 2463 3389 Vorsaz bezeigen, und aufrichtig bekennen?
1699 3343 2666 3498 Sie betheure, daß Sie durchaus diesen diebstahl allein be¬
1695 3416 2600 3555 gangen habe, und ihr niemans dabey behältlich gewesen,
