3024 4032
249 271 351 339 182.
421 360 1439 537 Schwerck der Gerechtigkeit tragen, das Gute
398 449 1442 620 zu Straaffen, und annebens unß höchstend
413 535 1386 666 angelegen seyn soll, Unser geliebtes
397 606 1397 752 Vatter Land von der gleichen Anthaten
399 705 1350 839 und Blut Schulden zu befreyen, und
383 785 1373 926 so viel an Unß ist, den Gerechten Horn
379 864 1387 1031 Gottes Gnädiglich darvon abzuwenden.
376 960 1392 1106 So haben Wir hiemit zu Recht gespro¬
377 1034 660 1141 rehen und
661 1020 1104 1144 Erkennt.
376 1127 1396 1286 Es sollen diese beyde elende Übel und
364 1208 1374 1348 Mäßethäter, zu gerechter und wohl¬
364 1310 1402 1445 verdienter Straaffe, wie auch anderen
365 1385 1331 1531 Kosten zum Exempel, nach empfehlung
364 1478 1344 1595 ihrer Seelen in die Erbarenden Tochtes
361 1550 1383 1683 ihres Erbosters dem Scharpff Richter über
349 1635 1306 1757 geben, von demselben gebunden
359 1710 1363 1830 oben auß auf die gewohnte Richtstadt
337 1793 1285 1919 geführt. Allda erstlich der Anna
346 1878 1360 2001 Schlapach mit dem Schwerdt vom Leben
320 1970 1338 2082 zum Tod hingerichtet werden. Der
329 2061 1290 2185 Ludwig Spring aber, allermaßen
332 2129 1381 2271 derselbige, als der Urhäber und Anstiffter
325 2209 1358 2354 deß begangenen greulichen Verbrechens
328 2320 988 2436 weit mehrers schuldig
994 2319 1311 2440 Soll Er auf
329 2399 1348 2529 die Treiche geleget, alsobald Strangulirt
321 2458 1303 2615 und erwürget, nachhero von oben
310 2570 1291 2696 herunter Rad gebrochen, so dann
311 2645 1335 2775 auf das Rad geflochten auf einen
304 2728 1322 2864 Pfal aufgerichtet werden; alldorten
312 2830 1249 2955 Er biß nach Sommen Nider gang
288 2858 1318 3019 zum Abscheils verbleiben hernach¬
306 2986 1293 3108 aber beyde entsteelte Körper, nach¬
284 3071 1297 3172 jeder derselben vollbrachten Be¬
289 3128 1268 3268 straaffung, an das verschmächte
308 3223 1047 3325 ohrt verscharret werden.
289 3290 1307 3426 Ihre hinterlaßende zeitliche Mittel
307 3367 1318 3525 und Guter dann, haben wir nach
2539 385 2692 483 185
1606 429 2580 585 Nach erhebung der Procedur Kösten,
1619 534 2603 659 Unserem Proco zuerkennt. Geben
1618 598 2634 724 in Unserer Großen Rahts Verstandlung
1618 680 2604 853 Montags den 30. Juny 1760.
