<?xml version="1.0" encoding="UTF-8" standalone="yes"?>
<PcGts xmlns="http://schema.primaresearch.org/PAGE/gts/pagecontent/2013-07-15" xmlns:xsi="http://www.w3.org/2001/XMLSchema-instance" xsi:schemaLocation="http://schema.primaresearch.org/PAGE/gts/pagecontent/2013-07-15 http://schema.primaresearch.org/PAGE/gts/pagecontent/2013-07-15/pagecontent.xsd">
    <Metadata>
        <Creator>prov=University of Rostock/Institute of Mathematics/CITlab|PLANET AI GmbH/Gundram Leifert/gundram.leifert@planet-ai.de:name=German_Kurrent_XVI-XVIII_M5.4(htr_id=38771)::::v=2.6.7
prov=University of Rostock/Institute of Mathematics/CITlab|PLANET AI GmbH/Tobias Gruening/tobias.gruening@planet-ai.de:name=de.uros.citlab.module.baseline2polygon.B2PSeamMultiOriented:v=2.6.7
prov=University of Rostock/Institute of Mathematics/CITlab|PLANET AI GmbH/Tobias Gruening/tobias.gruening@planet-ai.de:name=/net_tf/LA73_249_0mod360.pb:de.uros.citlab.segmentation.CITlab_LA_ML:v=2.6.7
Transkribus</Creator>
        <Created>2022-06-16T09:29:19.326+02:00</Created>
        <LastChange>2022-09-12T15:42:31.134+02:00</LastChange>
        <TranskribusMetadata docId="1334852" pageId="52364092" pageNr="251" tsid="114646224" status="IN_PROGRESS" userId="9570" imgUrl="https://files.transkribus.eu/Get?id=QESDUNMDGNYMRVADDDRGNRAV&amp;fileType=view" xmlUrl="https://files.transkribus.eu/Get?id=KWFAVMBKDZVOYFHQXCHEASYN" imageId="35485867"/>
    </Metadata>
    <Page imageFilename="IMG_8005.jpg" imageWidth="3024" imageHeight="4032">
        <ReadingOrder>
            <OrderedGroup id="ro_1687513614556" caption="Regions reading order">
                <RegionRefIndexed index="0" regionRef="r1"/>
                <RegionRefIndexed index="1" regionRef="r2"/>
                <RegionRefIndexed index="2" regionRef="r3"/>
                <RegionRefIndexed index="3" regionRef="r4"/>
                <RegionRefIndexed index="4" regionRef="r5"/>
                <RegionRefIndexed index="5" regionRef="r6"/>
            </OrderedGroup>
        </ReadingOrder>
        <TextRegion orientation="0.0" id="r1" custom="readingOrder {index:0;}">
            <Coords points="338,1399 338,1550 398,1550 398,1399"/>
            <TextLine id="r1l1" custom="readingOrder {index:0;}">
                <Coords points="331,1508 364,1505 371,1511 389,1505 404,1506 406,1397 388,1398 380,1406 366,1410 351,1400 333,1401"/>
                <Baseline points="338,1499 368,1500 398,1500"/>
                <TextEquiv>
                    <Unicode>A.</Unicode>
                </TextEquiv>
            </TextLine>
            <TextEquiv>
                <Unicode>A.</Unicode>
            </TextEquiv>
        </TextRegion>
        <TextRegion orientation="0.0" id="r2" custom="readingOrder {index:1;}">
            <Coords points="306,314 306,541 501,541 501,314"/>
            <TextLine id="r2l1" custom="readingOrder {index:0;}">
                <Coords points="301,423 310,424 317,417 324,422 343,409 372,415 381,423 408,399 425,401 435,392 448,395 446,328 430,334 417,322 397,323 378,315 367,327 349,322 318,341 298,341"/>
                <Baseline points="306,381 332,380 359,380 386,378 413,378 440,377"/>
                <TextEquiv>
                    <Unicode>1500</Unicode>
                </TextEquiv>
            </TextLine>
            <TextLine id="r2l2" custom="readingOrder {index:1;}">
                <Coords points="305,519 334,509 349,523 360,512 392,535 417,528 437,542 460,526 469,533 485,521 508,520 510,429 415,452 403,441 306,421"/>
                <Baseline points="312,509 339,507 366,507 393,509 420,509 447,510 474,510 501,509"/>
                <TextEquiv>
                    <Unicode>Spoliert</Unicode>
                </TextEquiv>
            </TextLine>
            <TextEquiv>
                <Unicode>1500
Spoliert</Unicode>
            </TextEquiv>
        </TextRegion>
        <TextRegion orientation="0.0" id="r3" custom="readingOrder {index:2;}">
            <Coords points="453,474 453,3528 1484,3528 1484,474"/>
            <TextLine id="r3l1" custom="readingOrder {index:0;}">
                <Coords points="527,520 1277,523 1491,587 1494,512 1310,455 530,435"/>
                <Baseline points="534,510 581,513 629,513 676,513 724,513 771,512 819,510 866,509 914,507 961,507 1009,507 1056,507 1104,508 1151,510 1199,513 1246,518 1294,526 1341,534 1389,544 1436,557 1484,573"/>
                <TextEquiv>
                    <Unicode>Man habe ihm schon anfänglich verdeütet, daß Er</Unicode>
                </TextEquiv>
            </TextLine>
            <TextLine id="r3l2" custom="readingOrder {index:1;}">
                <Coords points="490,601 1155,578 1470,637 1471,601 1252,527 492,534"/>
                <Baseline points="498,572 546,573 594,575 642,575 691,575 739,575 787,573 836,572 884,571 932,570 981,569 1029,569 1077,570 1125,572 1174,575 1222,577 1270,583 1319,590 1367,598 1415,608 1464,621"/>
                <TextEquiv>
                    <Unicode>hohe Obrigkeit über alle seine Diebstähle die keine</Unicode>
                </TextEquiv>
            </TextLine>
            <TextLine id="r3l3" custom="readingOrder {index:2;}">
                <Coords points="491,654 609,662 668,640 758,661 821,630 885,648 956,642 955,609 912,586 785,611 754,592 731,607 676,588 490,600"/>
                <Baseline points="498,639 523,641 548,639 573,639 598,639 623,638 648,638 673,637 698,635 723,635 748,634 773,633 798,633 823,632 848,632 873,632 898,633 923,633 948,635"/>
                <TextEquiv>
                    <Unicode>wahrheit wißen wolle,</Unicode>
                </TextEquiv>
            </TextLine>
            <TextLine id="r3l4" custom="readingOrder {index:3;}">
                <Coords points="1113,626 1179,646 1201,637 1228,652 1249,645 1263,662 1283,652 1318,676 1359,662 1390,681 1448,689 1460,688 1467,643 1434,626 1403,636 1351,616 1280,617 1223,592 1195,601 1157,579 1117,598"/>
                <Baseline points="1119,629 1144,630 1170,630 1196,632 1222,634 1247,637 1273,641 1299,645 1325,649 1350,654 1376,659 1402,667 1428,673 1454,681"/>
                <TextEquiv>
                    <Unicode>da nun zu zbrichten</Unicode>
                </TextEquiv>
            </TextLine>
            <TextLine id="r3l5" custom="readingOrder {index:4;}">
                <Coords points="494,722 1225,706 1465,764 1445,691 1215,642 495,651"/>
                <Baseline points="501,702 548,704 596,704 644,704 692,702 740,701 788,701 835,699 883,698 931,696 979,695 1027,695 1075,696 1123,698 1170,700 1218,704 1266,707 1314,714 1362,721 1410,731 1458,743"/>
                <TextEquiv>
                    <Unicode>ob Er dißmahl sein Hertz völlig geleeret, so werde</Unicode>
                </TextEquiv>
            </TextLine>
            <TextLine id="r3l6" custom="readingOrder {index:5;}">
                <Coords points="500,810 873,770 990,812 1171,816 1280,776 1465,816 1465,763 1398,736 1349,756 1133,714 1074,747 809,704 718,755 501,726"/>
                <Baseline points="507,773 554,774 602,773 649,773 697,771 744,770 792,768 839,767 887,765 934,764 982,762 1030,762 1077,762 1125,764 1172,765 1220,768 1267,774 1315,779 1362,786 1410,795 1458,804"/>
                <TextEquiv>
                    <Unicode>Er diese seine Bekantnuß an der Polter erhorten</Unicode>
                </TextEquiv>
            </TextLine>
            <TextLine id="r3l7" custom="readingOrder {index:6;}">
                <Coords points="497,847 683,881 745,842 1143,823 1479,896 1480,824 1261,780 1172,816 788,774 662,816 498,810"/>
                <Baseline points="504,833 552,834 600,836 649,837 697,836 746,836 794,835 843,833 891,833 940,831 988,830 1036,830 1085,830 1133,830 1182,832 1230,835 1279,840 1327,845 1376,853 1424,861 1473,873"/>
                <TextEquiv>
                    <Unicode>müßen, und mithin beharren. Daß es alhar seine</Unicode>
                </TextEquiv>
            </TextLine>
            <TextLine id="r3l8" custom="readingOrder {index:7;}">
                <Coords points="488,950 993,896 1134,929 1316,905 1397,941 1420,898 1286,836 1073,863 999,831 792,865 745,841 624,884 487,845"/>
                <Baseline points="494,900 542,903 590,905 639,905 687,905 735,903 784,903 832,902 880,900 929,899 977,897 1026,896 1074,896 1122,896 1171,896 1219,898 1267,900 1316,903 1364,908 1413,914"/>
                <TextEquiv>
                    <Unicode>begangene Diebe Christe treulich an den Tag</Unicode>
                </TextEquiv>
            </TextLine>
            <TextLine id="r3l9" custom="readingOrder {index:8;}">
                <Coords points="481,1002 942,962 995,988 1431,990 1430,955 1316,914 1209,942 1036,912 858,933 824,907 481,940"/>
                <Baseline points="488,971 534,972 581,972 628,972 675,971 722,971 768,969 815,968 862,966 909,965 956,964 1002,963 1049,962 1096,962 1143,963 1190,963 1236,966 1283,968 1330,971 1377,975 1424,981"/>
                <TextEquiv>
                    <Unicode>gegeben, seine Tochter nicht mehreren Antheil</Unicode>
                </TextEquiv>
            </TextLine>
            <TextLine id="r3l10" custom="readingOrder {index:9;}">
                <Coords points="500,1041 725,1060 817,1029 920,1058 1073,1029 1458,1077 1458,1005 1219,972 500,988"/>
                <Baseline points="507,1037 554,1037 601,1037 648,1036 695,1035 743,1034 790,1032 837,1031 884,1029 931,1028 979,1026 1026,1026 1073,1026 1120,1026 1167,1026 1215,1028 1262,1030 1309,1034 1356,1038 1403,1044 1451,1050"/>
                <TextEquiv>
                    <Unicode>daran habe, und der Man allerdings unschuldig</Unicode>
                </TextEquiv>
            </TextLine>
            <TextLine id="r3l11" custom="readingOrder {index:10;} place {offset:36; length:10;}">
                <Coords points="497,1136 580,1118 691,1150 846,1098 1059,1117 1149,1091 1465,1143 1464,1089 1283,1039 1218,1070 879,1040 497,1075"/>
                <Baseline points="504,1106 551,1107 599,1107 647,1106 694,1106 742,1104 790,1101 837,1100 885,1097 933,1095 981,1094 1028,1092 1076,1092 1124,1092 1171,1092 1219,1094 1267,1095 1314,1099 1362,1104 1410,1110 1458,1118"/>
                <TextEquiv>
                    <Unicode>seyn, folglich bey dem Diebstahl im Mören Ganz</Unicode>
                </TextEquiv>
            </TextLine>
            <TextLine id="r3l12" custom="readingOrder {index:11;}">
                <Coords points="498,1179 1032,1192 1197,1164 1468,1198 1468,1147 1249,1099 1138,1128 913,1097 783,1149 738,1112 691,1150 498,1136"/>
                <Baseline points="504,1167 551,1170 599,1172 647,1172 695,1172 743,1170 791,1170 838,1169 886,1167 934,1165 982,1163 1030,1163 1078,1161 1126,1161 1173,1161 1221,1161 1269,1164 1317,1167 1365,1170 1413,1175 1461,1181"/>
                <TextEquiv>
                    <Unicode>weder Hand angelegt, noch Bekantschaft davon</Unicode>
                </TextEquiv>
            </TextLine>
            <TextLine id="r3l13" custom="readingOrder {index:12;}">
                <Coords points="491,1255 675,1234 888,1267 951,1235 986,1259 1019,1232 1156,1256 1243,1232 1462,1260 1462,1204 1199,1164 968,1201 747,1173 655,1217 491,1180"/>
                <Baseline points="498,1233 545,1235 593,1237 641,1238 689,1238 737,1236 785,1235 832,1234 880,1233 928,1230 976,1229 1024,1229 1072,1227 1120,1227 1167,1227 1215,1229 1263,1230 1311,1233 1359,1238 1407,1243 1455,1250"/>
                <TextEquiv>
                    <Unicode>habe. Wann es jetz noch darauf verbleibe, und</Unicode>
                </TextEquiv>
            </TextLine>
            <TextLine id="r3l14" custom="readingOrder {index:13;} person {offset:40; length:6;}">
                <Coords points="491,1307 971,1328 1238,1303 1356,1331 1435,1306 1435,1263 948,1235 847,1267 699,1238 491,1282"/>
                <Baseline points="498,1298 544,1299 591,1299 637,1299 684,1299 730,1299 777,1298 823,1298 870,1296 916,1296 963,1295 1009,1295 1056,1293 1102,1293 1149,1295 1195,1295 1242,1296 1288,1298 1335,1301 1381,1304 1428,1308"/>
                <TextEquiv>
                    <Unicode>nicht abstehen wolle, so müße es zu der Gotter</Unicode>
                </TextEquiv>
            </TextLine>
            <TextLine id="r3l15" custom="readingOrder {index:14;}">
                <Coords points="486,1390 977,1425 1128,1362 1255,1366 1304,1405 1340,1375 1468,1392 1468,1335 1273,1347 1207,1308 1161,1333 486,1315"/>
                <Baseline points="492,1374 540,1373 588,1371 637,1370 685,1368 734,1366 782,1365 831,1364 879,1362 928,1362 976,1362 1024,1361 1073,1361 1121,1362 1170,1362 1218,1364 1267,1365 1315,1367 1364,1370 1412,1373 1461,1376"/>
                <TextEquiv>
                    <Unicode>geführt werden, solle sich also vor Schmertzen seyn.</Unicode>
                </TextEquiv>
            </TextLine>
            <TextLine id="r3l16" custom="readingOrder {index:15;}">
                <Coords points="487,1505 1405,1509 1349,1453 1186,1418 1071,1453 915,1407 872,1438 644,1400 487,1424"/>
                <Baseline points="494,1494 539,1493 584,1493 629,1491 674,1491 720,1490 765,1490 810,1490 855,1488 900,1488 946,1488 991,1488 1036,1488 1081,1488 1126,1488 1172,1488 1217,1490 1262,1491 1307,1493 1352,1494 1398,1497"/>
                <TextEquiv>
                    <Unicode>Es könne nicht anderst reden, habe alle seine</Unicode>
                </TextEquiv>
            </TextLine>
            <TextLine id="r3l17" custom="readingOrder {index:16;}">
                <Coords points="488,1561 581,1593 1312,1566 1479,1622 1479,1529 1394,1509 1250,1506 1172,1545 1114,1508 1059,1544 920,1504 767,1542 710,1510 489,1508"/>
                <Baseline points="495,1565 543,1565 592,1565 641,1566 690,1565 739,1565 788,1565 836,1563 885,1563 934,1563 983,1562 1032,1562 1081,1562 1130,1562 1178,1562 1227,1563 1276,1564 1325,1565 1374,1568 1423,1571 1472,1575"/>
                <TextEquiv>
                    <Unicode>Diebstähle an den Tag gegeben, und die Wahrheit</Unicode>
                </TextEquiv>
            </TextLine>
            <TextLine id="r3l18" custom="readingOrder {index:17;}">
                <Coords points="485,1660 1005,1628 1438,1649 1438,1620 1312,1566 1245,1612 1204,1581 1090,1603 932,1562 737,1609 630,1578 485,1596"/>
                <Baseline points="492,1632 541,1634 590,1635 640,1635 689,1635 739,1635 788,1635 837,1634 887,1632 936,1631 986,1631 1035,1629 1085,1629 1134,1629 1183,1629 1233,1630 1282,1632 1332,1633 1381,1637 1431,1641"/>
                <TextEquiv>
                    <Unicode>gesagt, der liebe Gott werde ihm beystehen,</Unicode>
                </TextEquiv>
            </TextLine>
            <TextLine id="r3l19" custom="readingOrder {index:18;}">
                <Coords points="1170,1732 1199,1742 1237,1717 1256,1724 1274,1713 1304,1714 1346,1742 1393,1723 1414,1732 1415,1663 1391,1655 1337,1681 1301,1656 1257,1644 1171,1660"/>
                <Baseline points="1178,1701 1203,1700 1228,1700 1254,1700 1279,1700 1305,1700 1330,1701 1356,1701 1381,1703 1407,1703"/>
                <TextEquiv>
                    <Unicode>Er bestimme sich</Unicode>
                </TextEquiv>
            </TextLine>
            <TextLine id="r3l20" custom="readingOrder {index:19;}">
                <Coords points="489,1703 750,1703 814,1725 958,1699 1034,1731 1140,1708 1141,1674 1052,1635 850,1671 755,1636 659,1672 602,1647 489,1655"/>
                <Baseline points="495,1695 528,1697 562,1698 595,1699 629,1700 663,1700 696,1701 730,1701 764,1701 797,1701 831,1701 864,1701 898,1701 932,1701 965,1701 999,1701 1033,1701 1066,1701 1100,1701 1134,1701"/>
                <TextEquiv>
                    <Unicode>die Marter aus zuhalten.</Unicode>
                </TextEquiv>
            </TextLine>
            <TextLine id="r3l21" custom="readingOrder {index:20;}">
                <Coords points="493,1771 583,1802 860,1773 1358,1803 1464,1782 1465,1718 1340,1741 1241,1715 1195,1748 1156,1716 1014,1739 830,1709 778,1749 719,1709 632,1705 578,1742 493,1700"/>
                <Baseline points="500,1764 547,1767 595,1768 643,1769 691,1770 739,1770 787,1770 834,1770 882,1770 930,1770 978,1770 1026,1770 1074,1770 1122,1770 1169,1770 1217,1770 1265,1770 1313,1772 1361,1772 1409,1773 1457,1776"/>
                <TextEquiv>
                    <Unicode>nur noch, daß es etwelche Mahl auf der Gaßen</Unicode>
                </TextEquiv>
            </TextLine>
            <TextLine id="r3l22" custom="readingOrder {index:21;}">
                <Coords points="481,1887 562,1871 596,1851 683,1862 805,1844 806,1789 756,1780 714,1804 669,1778 640,1780 612,1804 602,1796 584,1804 541,1775 482,1779"/>
                <Baseline points="489,1841 514,1841 540,1841 566,1841 592,1841 617,1841 643,1841 669,1841 695,1842 720,1842 746,1842 772,1842 798,1842"/>
                <TextEquiv>
                    <Unicode>Holtz entwendet.</Unicode>
                </TextEquiv>
            </TextLine>
            <TextLine id="r3l23" custom="readingOrder {index:22;}">
                <Coords points="762,2012 810,1989 863,1989 895,1976 911,1987 930,1983 970,2010 1028,1998 1024,1905 1000,1916 967,1904 897,1922 875,1918 842,1888 758,1906"/>
                <Baseline points="768,1965 793,1967 818,1967 843,1967 868,1965 893,1964 918,1962 943,1961 968,1959 993,1959 1019,1961"/>
                <TextEquiv>
                    <Unicode>Hierauf</Unicode>
                </TextEquiv>
            </TextLine>
            <TextLine id="r3l24" custom="readingOrder {index:23;}">
                <Coords points="478,2061 653,2097 949,2072 1450,2097 1449,2024 1297,2012 1258,1974 1001,2028 932,1996 478,2011"/>
                <Baseline points="485,2058 532,2059 580,2060 628,2061 676,2061 724,2061 772,2061 819,2061 867,2060 915,2060 963,2058 1011,2058 1059,2057 1107,2057 1154,2057 1202,2055 1250,2055 1298,2056 1346,2057 1394,2058 1442,2060"/>
                <TextEquiv>
                    <Unicode>Wurde Er zu der Golter geführt, und daselbst nach</Unicode>
                </TextEquiv>
            </TextLine>
            <TextLine id="r3l25" custom="readingOrder {index:24;}">
                <Coords points="473,2150 678,2178 857,2147 998,2178 1138,2146 1440,2154 1417,2085 1349,2107 996,2077 943,2103 776,2078 641,2106 472,2078"/>
                <Baseline points="479,2135 526,2135 574,2136 622,2136 669,2136 717,2136 765,2135 812,2135 860,2133 908,2133 956,2132 1003,2130 1051,2130 1099,2129 1146,2127 1194,2127 1242,2126 1289,2126 1337,2124 1385,2124 1433,2124"/>
                <TextEquiv>
                    <Unicode>krähtigen Zuspruch über vorstehende Fragen noch¬</Unicode>
                </TextEquiv>
            </TextLine>
            <TextLine id="r3l26" custom="readingOrder {index:25;}">
                <Coords points="470,2238 578,2247 652,2211 729,2254 989,2236 1044,2197 1217,2236 1320,2190 1476,2224 1474,2130 1318,2168 1138,2146 1093,2183 949,2149 623,2194 581,2164 469,2177"/>
                <Baseline points="476,2207 525,2207 575,2208 624,2208 674,2208 724,2208 773,2207 823,2207 873,2205 922,2205 972,2204 1022,2202 1071,2201 1121,2201 1171,2199 1220,2198 1270,2196 1320,2195 1369,2194 1419,2193 1469,2192"/>
                <TextEquiv>
                    <Unicode>mahlen ernstlich befragt. Da es aber beharrte,</Unicode>
                </TextEquiv>
            </TextLine>
            <TextLine id="r3l27" custom="readingOrder {index:26;}">
                <Coords points="467,2308 1408,2282 1427,2193 1318,2191 1224,2243 1055,2197 990,2237 801,2229 771,2260 466,2236"/>
                <Baseline points="473,2280 520,2280 567,2279 615,2279 662,2279 710,2279 757,2279 804,2279 852,2279 899,2279 947,2279 994,2277 1041,2277 1089,2276 1136,2276 1184,2274 1231,2273 1278,2270 1326,2268 1373,2265 1421,2262"/>
                <TextEquiv>
                    <Unicode>sein Gewißen nun gäntzlich entladet - und alles</Unicode>
                </TextEquiv>
            </TextLine>
            <TextLine id="r3l28" custom="readingOrder {index:27;}">
                <Coords points="472,2371 1359,2369 1476,2336 1429,2276 955,2316 471,2300"/>
                <Baseline points="479,2351 528,2349 578,2349 627,2349 677,2349 726,2349 776,2351 825,2351 875,2351 924,2351 974,2349 1023,2349 1073,2349 1122,2347 1172,2346 1221,2344 1271,2342 1320,2339 1370,2335 1419,2332 1469,2327"/>
                <TextEquiv>
                    <Unicode>geoffenbahret zu haben, wurde es auf den Polter¬</Unicode>
                </TextEquiv>
            </TextLine>
            <TextLine id="r3l29" custom="readingOrder {index:28;}">
                <Coords points="468,2446 709,2472 810,2436 1154,2445 1190,2472 1474,2419 1472,2357 1130,2390 467,2370"/>
                <Baseline points="474,2421 523,2423 573,2424 622,2426 672,2426 722,2426 771,2427 821,2427 870,2427 920,2427 970,2426 1019,2426 1069,2424 1118,2423 1168,2420 1218,2418 1267,2415 1317,2412 1366,2408 1416,2404 1466,2399"/>
                <TextEquiv>
                    <Unicode>Dank gestehet, und in dieser schrekhafter Situation</Unicode>
                </TextEquiv>
            </TextLine>
            <TextLine id="r3l30" custom="readingOrder {index:29;}">
                <Coords points="471,2526 541,2493 753,2533 1308,2527 1349,2496 1453,2503 1452,2425 1330,2473 1242,2445 1043,2480 961,2446 470,2459"/>
                <Baseline points="477,2495 525,2496 573,2496 622,2498 670,2498 719,2499 767,2499 816,2501 864,2501 913,2501 961,2501 1009,2501 1058,2500 1106,2499 1155,2498 1203,2496 1252,2493 1300,2491 1349,2487 1397,2483 1446,2478"/>
                <TextEquiv>
                    <Unicode>ihm wiedermahl scharff zugeredet, und ein gleiches</Unicode>
                </TextEquiv>
            </TextLine>
            <TextLine id="r3l31" custom="readingOrder {index:30;}">
                <Coords points="471,2600 581,2574 673,2626 780,2582 1226,2573 1323,2601 1363,2563 1473,2566 1473,2512 1411,2539 1348,2508 1007,2545 903,2511 470,2535"/>
                <Baseline points="477,2565 526,2567 575,2568 625,2570 674,2571 724,2573 773,2574 823,2574 872,2576 922,2576 971,2576 1020,2576 1070,2574 1119,2573 1169,2571 1218,2568 1268,2566 1317,2563 1367,2560 1416,2555 1466,2550"/>
                <TextEquiv>
                    <Unicode>an ihns getruket, und da auch dieses nicht vermu¬</Unicode>
                </TextEquiv>
            </TextLine>
            <TextLine id="r3l32" custom="readingOrder {index:31;}">
                <Coords points="473,2671 571,2646 825,2679 867,2652 1380,2661 1461,2622 1460,2566 904,2636 753,2604 680,2631 573,2574 472,2605"/>
                <Baseline points="479,2639 527,2642 576,2643 625,2645 674,2647 722,2649 771,2649 820,2651 869,2651 917,2651 966,2651 1015,2649 1064,2648 1112,2647 1161,2645 1210,2642 1259,2638 1307,2634 1356,2630 1405,2624 1454,2618"/>
                <TextEquiv>
                    <Unicode>igend wäre, ihns zu einer andern Bekantnuß zu</Unicode>
                </TextEquiv>
            </TextLine>
            <TextLine id="r3l33" custom="readingOrder {index:32;}">
                <Coords points="464,2724 1386,2747 1462,2718 1461,2630 1334,2672 1093,2654 992,2696 463,2659"/>
                <Baseline points="471,2711 520,2712 569,2714 618,2717 667,2718 717,2720 766,2720 815,2721 864,2721 913,2723 963,2723 1012,2721 1061,2721 1110,2719 1159,2717 1209,2714 1258,2711 1307,2707 1356,2703 1405,2699 1455,2693"/>
                <TextEquiv>
                    <Unicode>bringen, wurden ihme endlich durch den Schaffe</Unicode>
                </TextEquiv>
            </TextLine>
            <TextLine id="r3l34" custom="readingOrder {index:33;}">
                <Coords points="461,2821 693,2798 1052,2835 1456,2777 1455,2719 888,2760 460,2726"/>
                <Baseline points="468,2787 517,2787 566,2789 615,2790 664,2792 713,2793 762,2795 811,2795 860,2796 909,2796 958,2796 1007,2796 1056,2795 1105,2793 1154,2792 1203,2789 1252,2785 1301,2781 1350,2776 1399,2769 1448,2762"/>
                <TextEquiv>
                    <Unicode> Richter die Hände gebunden, und wie ihm hier</Unicode>
                </TextEquiv>
            </TextLine>
            <TextLine id="r3l35" custom="readingOrder {index:34;}">
                <Coords points="467,2877 627,2913 741,2872 971,2899 1167,2866 1221,2897 1282,2858 1455,2851 1454,2790 1196,2841 1150,2814 854,2843 784,2811 670,2847 466,2815"/>
                <Baseline points="473,2859 521,2860 570,2861 619,2862 668,2864 716,2864 765,2865 814,2867 863,2868 911,2870 960,2870 1009,2870 1058,2870 1106,2868 1155,2866 1204,2864 1253,2859 1301,2855 1350,2849 1399,2842 1448,2832"/>
                <TextEquiv>
                    <Unicode>wiederum auf das ernsthafteste vorgestellt wurde,</Unicode>
                </TextEquiv>
            </TextLine>
            <TextLine id="r3l36" custom="readingOrder {index:35;}">
                <Coords points="468,2968 672,2988 750,2935 925,2983 1147,2939 1301,2962 1453,2918 1451,2850 1403,2840 1234,2897 1073,2875 959,2924 876,2886 844,2915 674,2877 614,2921 467,2891"/>
                <Baseline points="474,2937 522,2936 571,2937 619,2937 668,2938 717,2939 765,2940 814,2942 862,2942 911,2943 960,2943 1008,2943 1057,2943 1105,2942 1154,2940 1203,2936 1251,2932 1300,2927 1348,2921 1397,2914 1446,2904"/>
                <TextEquiv>
                    <Unicode>der sehe ja jetz, daß es ernst gelte, solle also gl</Unicode>
                </TextEquiv>
            </TextLine>
            <TextLine id="r3l37" custom="readingOrder {index:36;}">
                <Coords points="461,3025 646,3046 806,3019 944,3053 1102,3018 1194,3045 1445,3009 1444,2925 1243,2977 1077,2946 983,2998 798,2953 696,2987 460,2969"/>
                <Baseline points="468,3005 516,3006 564,3008 613,3009 661,3012 710,3013 758,3015 807,3017 855,3017 904,3018 952,3018 1000,3018 1049,3017 1097,3015 1146,3012 1194,3010 1243,3005 1291,3000 1340,2993 1388,2986 1437,2976"/>
                <TextEquiv>
                    <Unicode>uns einer hohen Obrigkeit die Ehre geben, und </Unicode>
                </TextEquiv>
            </TextLine>
            <TextLine id="r3l38" custom="readingOrder {index:37;}">
                <Coords points="456,3086 655,3126 951,3087 1021,3118 1063,3093 1213,3115 1348,3074 1400,3093 1399,3013 1233,3057 985,3034 904,3073 835,3030 728,3053 455,3027"/>
                <Baseline points="462,3077 508,3078 555,3080 601,3081 648,3083 694,3085 741,3086 787,3087 834,3088 880,3089 927,3089 973,3089 1020,3089 1066,3087 1113,3086 1159,3084 1206,3081 1252,3077 1299,3074 1345,3069 1392,3063"/>
                <TextEquiv>
                    <Unicode>durch eine wahre ren und bekantnuß sich vor</Unicode>
                </TextEquiv>
            </TextLine>
            <TextLine id="r3l39" custom="readingOrder {index:38;}">
                <Coords points="455,3172 1315,3181 1441,3138 1441,3076 1211,3115 1088,3093 1017,3134 872,3092 662,3127 454,3102"/>
                <Baseline points="462,3149 510,3150 559,3152 607,3153 656,3155 705,3156 753,3158 802,3159 850,3159 899,3161 948,3161 996,3161 1045,3159 1093,3158 1142,3156 1191,3153 1239,3150 1288,3146 1336,3141 1385,3134 1434,3126"/>
                <TextEquiv>
                    <Unicode>Schmerzen seyn, versicherte und betheürete Er mit</Unicode>
                </TextEquiv>
            </TextLine>
            <TextLine id="r3l40" custom="readingOrder {index:39;}">
                <Coords points="465,3229 1284,3247 1413,3220 1412,3153 1165,3187 1025,3161 874,3211 821,3174 676,3163 593,3206 540,3162 464,3174"/>
                <Baseline points="471,3221 517,3221 564,3221 611,3222 658,3224 704,3225 751,3226 798,3227 845,3228 891,3230 938,3231 985,3231 1032,3231 1078,3231 1125,3230 1172,3227 1219,3224 1265,3220 1312,3215 1359,3209 1406,3201"/>
                <TextEquiv>
                    <Unicode>ttrauen, daß es nun vor gott und der Welt die</Unicode>
                </TextEquiv>
            </TextLine>
            <TextLine id="r3l41" custom="readingOrder {index:40;}">
                <Coords points="456,3308 656,3332 745,3297 1081,3305 1227,3347 1275,3303 1462,3288 1441,3211 978,3263 930,3232 807,3255 455,3225"/>
                <Baseline points="462,3287 511,3287 561,3288 610,3291 660,3293 710,3294 759,3296 809,3297 859,3299 908,3300 958,3300 1008,3300 1057,3300 1107,3299 1157,3296 1206,3294 1256,3289 1306,3283 1355,3276 1405,3269 1455,3260"/>
                <TextEquiv>
                    <Unicode>wahrheit geredet, davon es im geringsten nicht abstehen,</Unicode>
                </TextEquiv>
            </TextLine>
            <TextLine id="r3l42" custom="readingOrder {index:41;}">
                <Coords points="452,3369 1068,3414 1270,3362 1339,3392 1441,3345 1440,3284 1277,3303 1222,3347 993,3303 875,3344 784,3298 656,3331 451,3313"/>
                <Baseline points="458,3354 506,3357 555,3359 604,3360 653,3362 702,3365 750,3366 799,3368 848,3369 897,3371 946,3371 994,3371 1043,3369 1092,3368 1141,3366 1190,3362 1238,3359 1287,3354 1336,3347 1385,3340 1434,3332"/>
                <TextEquiv>
                    <Unicode>hiden. Sein Mann seye von allem unschuldig</Unicode>
                </TextEquiv>
            </TextLine>
            <TextLine id="r3l43" custom="readingOrder {index:42;}">
                <Coords points="449,3432 973,3445 1016,3474 1469,3410 1468,3359 1428,3350 1351,3396 1308,3370 1069,3414 830,3376 779,3402 506,3358 448,3379"/>
                <Baseline points="456,3428 506,3428 556,3429 606,3429 657,3431 707,3432 757,3434 807,3437 858,3438 908,3438 958,3440 1008,3440 1059,3440 1109,3437 1159,3435 1209,3432 1260,3427 1310,3421 1360,3413 1410,3403 1461,3392"/>
                <TextEquiv>
                    <Unicode>und unwißend, und sonsten habe Er zu Verrichtung</Unicode>
                </TextEquiv>
            </TextLine>
            <TextLine id="r3l44" custom="readingOrder {index:43;}">
                <Coords points="447,3526 1305,3535 1466,3467 1464,3413 1337,3468 1271,3430 1190,3470 1094,3447 1004,3496 647,3442 594,3482 446,3482"/>
                <Baseline points="453,3503 503,3503 553,3503 603,3503 654,3504 704,3506 754,3507 804,3509 855,3510 905,3512 955,3512 1005,3512 1056,3512 1106,3510 1156,3508 1206,3503 1257,3498 1307,3491 1357,3482 1407,3472 1458,3459"/>
                <TextEquiv>
                    <Unicode>seiner diebstählen keine Mit Gehülfen gehalte</Unicode>
                </TextEquiv>
            </TextLine>
            <TextEquiv>
                <Unicode>Man habe ihm schon anfänglich verdeütet, daß Er
hohe Obrigkeit über alle seine Diebstähle die keine
wahrheit wißen wolle,
da nun zu zbrichten
ob Er dißmahl sein Hertz völlig geleeret, so werde
Er diese seine Bekantnuß an der Polter erhorten
müßen, und mithin beharren. Daß es alhar seine
begangene Diebe Christe treulich an den Tag
gegeben, seine Tochter nicht mehreren Antheil
daran habe, und der Man allerdings unschuldig
seyn, folglich bey dem Diebstahl im Mören Ganz
weder Hand angelegt, noch Bekantschaft davon
habe. Wann es jetz noch darauf verbleibe, und
nicht abstehen wolle, so müße es zu der Gotter
geführt werden, solle sich also vor Schmertzen seyn.
Es könne nicht anderst reden, habe alle seine
Diebstähle an den Tag gegeben, und die Wahrheit
gesagt, der liebe Gott werde ihm beystehen,
Er bestimme sich
die Marter aus zuhalten.
nur noch, daß es etwelche Mahl auf der Gaßen
Holtz entwendet.
Hierauf
Wurde Er zu der Golter geführt, und daselbst nach
krähtigen Zuspruch über vorstehende Fragen noch¬
mahlen ernstlich befragt. Da es aber beharrte,
sein Gewißen nun gäntzlich entladet - und alles
geoffenbahret zu haben, wurde es auf den Polter¬
Dank gestehet, und in dieser schrekhafter Situation
ihm wiedermahl scharff zugeredet, und ein gleiches
an ihns getruket, und da auch dieses nicht vermu¬
igend wäre, ihns zu einer andern Bekantnuß zu
bringen, wurden ihme endlich durch den Schaffe
 Richter die Hände gebunden, und wie ihm hier
wiederum auf das ernsthafteste vorgestellt wurde,
der sehe ja jetz, daß es ernst gelte, solle also gl
uns einer hohen Obrigkeit die Ehre geben, und 
durch eine wahre ren und bekantnuß sich vor
Schmerzen seyn, versicherte und betheürete Er mit
ttrauen, daß es nun vor gott und der Welt die
wahrheit geredet, davon es im geringsten nicht abstehen,
hiden. Sein Mann seye von allem unschuldig
und unwißend, und sonsten habe Er zu Verrichtung
seiner diebstählen keine Mit Gehülfen gehalte</Unicode>
            </TextEquiv>
        </TextRegion>
        <TextRegion orientation="0.0" id="r4" custom="readingOrder {index:3;}">
            <Coords points="1547,2616 1547,3208 1646,3208 1646,2616"/>
            <TextLine id="r4l1" custom="readingOrder {index:0;}">
                <Coords points="1538,2712 1559,2711 1567,2716 1586,2708 1610,2733 1619,2737 1630,2735 1637,2665 1611,2660 1583,2636 1561,2649 1544,2650"/>
                <Baseline points="1547,2697 1573,2700 1599,2702 1626,2705"/>
                <TextEquiv>
                    <Unicode>2.</Unicode>
                </TextEquiv>
            </TextLine>
            <TextLine id="r4l2" custom="readingOrder {index:1;}">
                <Coords points="1550,3024 1590,3031 1606,3023 1624,3003 1643,3008 1654,3006 1646,2938 1632,2936 1621,2943 1611,2940 1592,2945 1571,2952 1552,2967 1543,2967"/>
                <Baseline points="1556,3011 1586,3005 1616,3003 1646,2999"/>
                <TextEquiv>
                    <Unicode>Fr.</Unicode>
                </TextEquiv>
            </TextLine>
            <TextLine id="r4l3" custom="readingOrder {index:2;}">
                <Coords points="1550,3176 1561,3181 1578,3176 1586,3181 1596,3172 1600,3175 1615,3166 1617,3169 1631,3170 1636,3122 1625,3119 1616,3111 1606,3117 1598,3108 1586,3114 1581,3111 1575,3116 1571,3114 1562,3122 1555,3121"/>
                <Baseline points="1559,3162 1592,3165 1625,3168"/>
                <TextEquiv>
                    <Unicode>21.</Unicode>
                </TextEquiv>
            </TextLine>
            <TextEquiv>
                <Unicode>2.
Fr.
21.</Unicode>
            </TextEquiv>
        </TextRegion>
        <TextRegion orientation="0.0" id="r5" custom="readingOrder {index:4;}">
            <Coords points="1565,1654 1565,1819 1640,1819 1640,1654"/>
            <TextLine id="r5l1" custom="readingOrder {index:0;}">
                <Coords points="1563,1793 1574,1793 1579,1787 1607,1801 1615,1792 1622,1794 1639,1778 1652,1778 1635,1698 1586,1702 1575,1712 1556,1706 1545,1708"/>
                <Baseline points="1565,1769 1590,1762 1615,1756 1640,1754"/>
                <TextEquiv>
                    <Unicode>Pong</Unicode>
                </TextEquiv>
            </TextLine>
            <TextEquiv>
                <Unicode>Pong</Unicode>
            </TextEquiv>
        </TextRegion>
        <TextRegion orientation="0.0" id="r6" custom="readingOrder {index:5;}">
            <Coords points="1683,349 1683,3467 2798,3467 2798,349"/>
            <TextLine id="r6l1" custom="readingOrder {index:0;}">
                <Coords points="2648,424 2675,414 2709,426 2729,421 2742,434 2765,422 2781,423 2784,341 2770,341 2751,328 2741,336 2709,328 2694,330 2667,353 2651,346"/>
                <Baseline points="2657,381 2686,381 2716,382 2745,384 2775,383"/>
                <TextEquiv>
                    <Unicode>50 t.</Unicode>
                </TextEquiv>
            </TextLine>
            <TextLine id="r6l2" custom="readingOrder {index:1;}">
                <Coords points="1679,572 2049,520 2520,543 2800,514 2753,451 2520,441 2416,483 2362,448 1768,468 1677,522"/>
                <Baseline points="1686,563 1741,551 1796,542 1851,534 1907,526 1962,522 2017,516 2073,514 2128,511 2183,510 2239,509 2294,507 2349,507 2404,507 2460,507 2515,507 2570,507 2626,507 2681,506 2736,504 2792,501"/>
                <TextEquiv>
                    <Unicode>Worauf es die marter aushalten, ja leben und sterben</Unicode>
                </TextEquiv>
            </TextLine>
            <TextLine id="r6l3" custom="readingOrder {index:2;}">
                <Coords points="1697,648 1723,640 1731,631 1744,635 1765,623 1779,633 1799,613 1806,617 1814,614 1808,569 1801,570 1783,560 1776,568 1747,567 1739,573 1729,565 1725,570 1711,566 1687,574"/>
                <Baseline points="1701,621 1727,615 1753,612 1779,609 1806,606"/>
                <TextEquiv>
                    <Unicode>wolle.</Unicode>
                </TextEquiv>
            </TextLine>
            <TextLine id="r6l4" custom="readingOrder {index:3;}">
                <Coords points="1681,727 2338,673 2788,693 2786,619 2725,605 2683,635 2200,598 1961,645 1873,613 1679,637"/>
                <Baseline points="1688,707 1742,701 1797,694 1851,688 1906,685 1961,681 2015,678 2070,677 2124,675 2179,674 2234,674 2288,674 2343,674 2397,674 2452,675 2507,675 2561,675 2616,675 2670,675 2725,675 2780,674"/>
                <TextEquiv>
                    <Unicode>Nachdem ihme also gebunden, diese seine Bekantnuß</Unicode>
                </TextEquiv>
            </TextLine>
            <TextLine id="r6l5" custom="readingOrder {index:4;}">
                <Coords points="1698,776 2085,749 2285,785 2385,751 2779,780 2778,696 2601,709 2549,673 2346,717 2273,685 1697,736"/>
                <Baseline points="1704,771 1757,765 1810,760 1864,757 1917,753 1970,750 2024,749 2077,747 2130,746 2184,746 2237,746 2290,746 2344,746 2397,747 2450,747 2504,749 2557,749 2610,750 2664,750 2717,752 2771,752"/>
                <TextEquiv>
                    <Unicode>abgelesen worden, und es solche durchaus bestätiget,</Unicode>
                </TextEquiv>
            </TextLine>
            <TextLine id="r6l6" custom="readingOrder {index:5;}">
                <Coords points="1695,846 1888,825 1968,869 2150,820 2318,860 2472,822 2536,869 2757,825 2757,792 2656,758 2494,801 2313,762 2258,802 1979,755 1694,801"/>
                <Baseline points="1701,837 1753,832 1806,827 1858,823 1911,821 1963,819 2016,816 2068,816 2121,815 2173,815 2226,816 2278,816 2331,816 2383,818 2436,818 2488,818 2541,819 2593,819 2646,818 2698,818 2751,816"/>
                <TextEquiv>
                    <Unicode>wurde es mit abermahligem kräftigem zuspruch in</Unicode>
                </TextEquiv>
            </TextLine>
            <TextLine id="r6l7" custom="readingOrder {index:6;}">
                <Coords points="1691,930 2316,889 2725,912 2742,824 2617,830 2551,873 2234,826 1967,869 1690,847"/>
                <Baseline points="1698,908 1749,903 1801,897 1853,893 1905,890 1957,888 2009,887 2061,885 2113,885 2165,885 2217,885 2268,885 2320,887 2372,887 2424,887 2476,888 2528,888 2580,888 2632,888 2684,887 2736,885"/>
                <TextEquiv>
                    <Unicode>sich selbst zu gehen wider loß gebunden. Da dann</Unicode>
                </TextEquiv>
            </TextLine>
            <TextLine id="r6l8" custom="readingOrder {index:7;}">
                <Coords points="1691,1002 1968,959 2039,990 2125,961 2773,971 2772,898 2455,936 2362,900 2280,941 2196,905 2074,901 1999,942 1798,909 1690,940"/>
                <Baseline points="1698,980 1751,975 1804,970 1858,966 1911,963 1964,961 2018,959 2071,959 2124,957 2178,957 2231,957 2284,959 2338,959 2391,959 2444,959 2498,960 2551,960 2604,959 2658,959 2711,957 2765,956"/>
                <TextEquiv>
                    <Unicode>es zu Toden auf die Keine gefallen, und Gott und</Unicode>
                </TextEquiv>
            </TextLine>
            <TextLine id="r6l9" custom="readingOrder {index:8;}">
                <Coords points="1679,1063 2159,1029 2259,1069 2545,1028 2722,1066 2784,1035 2784,982 2198,966 1678,1028"/>
                <Baseline points="1686,1049 1740,1044 1795,1039 1849,1035 1904,1032 1958,1030 2013,1028 2067,1027 2122,1026 2176,1026 2231,1026 2286,1026 2340,1026 2395,1028 2449,1028 2504,1028 2558,1029 2613,1029 2667,1029 2722,1029 2777,1028"/>
                <TextEquiv>
                    <Unicode>eine hohe obrigkeit, die es höchstens beleidiget zu</Unicode>
                </TextEquiv>
            </TextLine>
            <TextLine id="r6l10" custom="readingOrder {index:9;}">
                <Coords points="1690,1129 2418,1099 2631,1125 2747,1110 2747,1061 2545,1071 2477,1037 2337,1082 2048,1031 1817,1094 1690,1065"/>
                <Baseline points="1697,1118 1749,1115 1801,1110 1853,1107 1905,1105 1958,1103 2010,1101 2062,1101 2114,1100 2166,1100 2219,1100 2271,1099 2323,1100 2375,1100 2427,1100 2480,1100 2532,1099 2584,1098 2636,1098 2688,1097 2741,1095"/>
                <TextEquiv>
                    <Unicode>haben, bekennet, mit anscheinender Reü über seine</Unicode>
                </TextEquiv>
            </TextLine>
            <TextLine id="r6l11" custom="readingOrder {index:10;}">
                <Coords points="1685,1208 2237,1177 2708,1209 2804,1190 2804,1115 2077,1115 1985,1156 1684,1130"/>
                <Baseline points="1692,1187 1747,1184 1802,1181 1857,1179 1913,1177 1968,1175 2023,1175 2079,1173 2134,1173 2189,1173 2245,1173 2300,1173 2355,1173 2410,1173 2466,1173 2521,1173 2576,1173 2632,1173 2687,1172 2742,1170 2798,1169"/>
                <TextEquiv>
                    <Unicode>Verbrechen um Gnad und Barmherzigkeit angeflehen</Unicode>
                </TextEquiv>
            </TextLine>
            <TextLine id="r6l12" custom="readingOrder {index:11;}">
                <Coords points="1904,1471 1954,1486 2049,1451 2098,1474 2148,1454 2186,1471 2252,1449 2368,1448 2427,1476 2425,1392 2231,1369 2130,1379 2096,1359 2023,1384 1994,1368 1963,1393 1901,1385"/>
                <Baseline points="1910,1457 1935,1457 1961,1457 1986,1457 2012,1457 2037,1455 2063,1454 2088,1454 2114,1452 2139,1451 2165,1449 2190,1448 2216,1448 2241,1446 2267,1446 2292,1446 2318,1446 2343,1446 2369,1447 2394,1448 2420,1449"/>
                <TextEquiv>
                    <Unicode>Iten Examen</Unicode>
                </TextEquiv>
            </TextLine>
            <TextLine id="r6l13" custom="readingOrder {index:12;} person {offset:7; length:14;}">
                <Coords points="1683,1603 1896,1611 2198,1552 2246,1590 2297,1556 2618,1556 2694,1600 2776,1576 2775,1517 2464,1497 2368,1528 2145,1489 2062,1525 1819,1520 1681,1488"/>
                <Baseline points="1689,1565 1743,1563 1797,1562 1851,1560 1905,1560 1959,1559 2013,1557 2067,1556 2121,1556 2175,1554 2229,1553 2283,1553 2337,1551 2391,1551 2445,1550 2499,1550 2553,1550 2607,1550 2661,1548 2715,1548 2769,1548"/>
                <TextEquiv>
                    <Unicode>Mit Joh: Rudolf Dufrene dem Schumacher</Unicode>
                </TextEquiv>
            </TextLine>
            <TextLine id="r6l14" custom="readingOrder {index:13;}">
                <Coords points="2003,1639 2191,1680 2421,1676 2497,1633 2572,1649 2571,1587 2402,1586 2319,1555 2240,1590 2002,1569"/>
                <Baseline points="2009,1631 2036,1631 2064,1629 2092,1629 2120,1628 2148,1628 2175,1628 2203,1627 2231,1626 2259,1626 2287,1626 2314,1626 2342,1626 2370,1625 2398,1625 2426,1625 2453,1625 2481,1625 2509,1625 2537,1623 2565,1623"/>
                <TextEquiv>
                    <Unicode>Praemissa exhortatione</Unicode>
                </TextEquiv>
            </TextLine>
            <TextLine id="r6l15" custom="readingOrder {index:14;}">
                <Coords points="1677,1779 2056,1743 2545,1786 2743,1742 2734,1675 2371,1707 2286,1670 1676,1692"/>
                <Baseline points="1683,1749 1735,1748 1788,1746 1840,1745 1893,1744 1946,1743 1998,1742 2051,1740 2104,1740 2156,1739 2209,1739 2262,1738 2314,1737 2367,1737 2420,1736 2472,1736 2525,1734 2578,1734 2630,1733 2683,1733 2736,1731"/>
                <TextEquiv>
                    <Unicode>seines Weibs bekante vielfältige diebstähle, und</Unicode>
                </TextEquiv>
            </TextLine>
            <TextLine id="r6l16" custom="readingOrder {index:15;}">
                <Coords points="1688,1824 2213,1832 2259,1806 2341,1836 2390,1806 2697,1820 2716,1781 2606,1750 2410,1786 2314,1738 1893,1753 1823,1795 1752,1754 1688,1786"/>
                <Baseline points="1695,1812 1745,1811 1796,1811 1847,1811 1897,1809 1948,1809 1999,1808 2049,1808 2100,1806 2151,1806 2202,1805 2252,1805 2303,1804 2354,1803 2404,1803 2455,1802 2506,1802 2556,1801 2607,1800 2658,1800 2709,1800"/>
                <TextEquiv>
                    <Unicode>andere Umstände stehen ihn bey einer höhen</Unicode>
                </TextEquiv>
            </TextLine>
            <TextLine id="r6l17" custom="readingOrder {index:16;}">
                <Coords points="1678,1903 2713,1890 2712,1828 2646,1823 2568,1856 2388,1818 1891,1825 1817,1855 1677,1830"/>
                <Baseline points="1685,1883 1736,1883 1787,1883 1838,1883 1889,1881 1940,1881 1991,1880 2042,1880 2093,1878 2144,1878 2195,1877 2246,1876 2297,1875 2348,1874 2399,1874 2450,1874 2501,1874 2552,1874 2603,1874 2654,1874 2706,1875"/>
                <TextEquiv>
                    <Unicode>Obrigkeit in billichen Verdacht; Er müßen</Unicode>
                </TextEquiv>
            </TextLine>
            <TextLine id="r6l18" custom="readingOrder {index:17;}">
                <Coords points="1686,1985 2737,1959 2737,1887 2644,1923 2566,1869 2495,1913 1685,1906"/>
                <Baseline points="1692,1949 1743,1949 1795,1949 1847,1949 1899,1949 1951,1949 2003,1947 2055,1947 2107,1947 2159,1947 2211,1947 2262,1947 2314,1947 2366,1947 2418,1946 2470,1946 2522,1944 2574,1944 2626,1943 2678,1941 2730,1940"/>
                <TextEquiv>
                    <Unicode>davon Antheil und Wißenschaft haben. In</Unicode>
                </TextEquiv>
            </TextLine>
            <TextLine id="r6l19" custom="readingOrder {index:18;}">
                <Coords points="1694,2024 1811,2072 1916,2037 2247,2062 2617,2017 2663,2045 2769,2016 2769,1963 1694,1994"/>
                <Baseline points="1701,2022 1754,2022 1807,2022 1860,2022 1913,2022 1966,2022 2019,2021 2072,2021 2125,2021 2178,2019 2232,2019 2285,2018 2338,2018 2391,2017 2444,2016 2497,2016 2550,2015 2603,2015 2656,2015 2709,2015 2763,2013"/>
                <TextEquiv>
                    <Unicode>nun er biß dahin mit der Unschuld sich ausschie¬</Unicode>
                </TextEquiv>
            </TextLine>
            <TextLine id="r6l20" custom="readingOrder {index:19;}">
                <Coords points="1682,2096 2707,2107 2707,2073 2589,2030 2528,2059 2351,2032 2236,2073 2192,2040 2033,2034 1960,2075 1900,2043 1682,2068"/>
                <Baseline points="1688,2091 1738,2093 1789,2093 1839,2093 1890,2093 1941,2093 1991,2093 2042,2091 2092,2091 2143,2090 2194,2090 2244,2088 2295,2088 2345,2088 2396,2087 2447,2087 2497,2087 2548,2087 2598,2088 2649,2089 2700,2090"/>
                <TextEquiv>
                    <Unicode>rnen wollen, dennoch aber nicht abseÿn können,</Unicode>
                </TextEquiv>
            </TextLine>
            <TextLine id="r6l21" custom="readingOrder {index:20;} person {offset:35; length:5;}">
                <Coords points="1687,2183 2348,2186 2397,2158 2746,2192 2745,2132 2691,2106 2165,2095 1851,2131 1686,2099"/>
                <Baseline points="1694,2157 1746,2160 1798,2162 1850,2162 1902,2163 1955,2163 2007,2162 2059,2162 2111,2160 2163,2160 2216,2159 2268,2157 2320,2156 2372,2156 2424,2154 2477,2154 2529,2154 2581,2154 2633,2156 2685,2158 2738,2160"/>
                <TextEquiv>
                    <Unicode>daß er von dem Ihre diebstahl bey H. Weber</Unicode>
                </TextEquiv>
            </TextLine>
            <TextLine id="r6l22" custom="readingOrder {index:21;}">
                <Coords points="1691,2234 1839,2268 2769,2235 2736,2191 2645,2214 2524,2175 1829,2204 1690,2178"/>
                <Baseline points="1698,2231 1751,2232 1804,2232 1857,2234 1910,2234 1964,2234 2017,2234 2070,2234 2123,2232 2176,2232 2230,2232 2283,2231 2336,2231 2389,2229 2442,2229 2496,2228 2549,2228 2602,2226 2655,2226 2708,2225 2762,2225"/>
                <TextEquiv>
                    <Unicode>bekantschaft gehabt, so seye er nichtssta rein, und</Unicode>
                </TextEquiv>
            </TextLine>
            <TextLine id="r6l23" custom="readingOrder {index:22;}">
                <Coords points="1685,2324 1790,2307 1893,2346 1944,2313 2188,2327 2318,2293 2721,2345 2778,2314 2778,2257 2674,2280 2600,2243 2532,2271 2350,2231 2114,2278 1904,2250 1815,2283 1685,2256"/>
                <Baseline points="1692,2303 1746,2303 1800,2304 1854,2304 1908,2304 1962,2303 2016,2303 2070,2303 2124,2302 2178,2301 2232,2301 2286,2300 2340,2300 2394,2300 2448,2298 2502,2298 2556,2298 2610,2300 2664,2300 2718,2300 2772,2301"/>
                <TextEquiv>
                    <Unicode>solle nicht glauben, daß Er so leichter dingen mit</Unicode>
                </TextEquiv>
            </TextLine>
            <TextLine id="r6l24" custom="readingOrder {index:23;}">
                <Coords points="2279,2361 2286,2361 2304,2345 2316,2348 2327,2344 2333,2348 2340,2343 2346,2348 2352,2346 2365,2358 2373,2358 2392,2340 2400,2340 2400,2301 2380,2296 2363,2309 2347,2309 2338,2301 2329,2303 2320,2294 2298,2308 2289,2300 2278,2301"/>
                <Baseline points="2285,2336 2312,2333 2339,2333 2366,2334 2393,2333"/>
                <TextEquiv>
                    <Unicode>ihren </Unicode>
                </TextEquiv>
            </TextLine>
            <TextLine id="r6l25" custom="readingOrder {index:24;}">
                <Coords points="1696,2385 2451,2406 2508,2379 2673,2396 2728,2380 2728,2343 2532,2312 2304,2353 2221,2309 2049,2306 1816,2360 1746,2311 1695,2321"/>
                <Baseline points="1703,2375 1753,2375 1804,2375 1855,2375 1906,2375 1957,2375 2008,2375 2059,2373 2110,2373 2161,2372 2212,2372 2262,2372 2313,2370 2364,2370 2415,2370 2466,2369 2517,2369 2568,2369 2619,2370 2670,2370 2721,2372"/>
                <TextEquiv>
                    <Unicode>laugnen tod kommen - sondern er werde noch</Unicode>
                </TextEquiv>
            </TextLine>
            <TextLine id="r6l26" custom="readingOrder {index:25;}">
                <Coords points="1679,2466 2434,2446 2508,2478 2582,2447 2754,2480 2784,2397 2592,2414 2520,2380 2380,2426 2318,2386 1678,2401"/>
                <Baseline points="1685,2448 1739,2448 1794,2448 1848,2448 1903,2448 1958,2447 2012,2447 2067,2447 2122,2445 2176,2445 2231,2445 2286,2444 2340,2444 2395,2444 2450,2444 2504,2444 2559,2444 2614,2444 2668,2445 2723,2445 2778,2447"/>
                <TextEquiv>
                    <Unicode>über mehreres antworten müßen, und zwar solle Er</Unicode>
                </TextEquiv>
            </TextLine>
            <TextLine id="r6l27" custom="readingOrder {index:26;}">
                <Coords points="1684,2541 2334,2520 2420,2564 2467,2521 2565,2559 2773,2530 2772,2473 2540,2454 1683,2467"/>
                <Baseline points="1691,2516 1744,2519 1798,2520 1852,2520 1906,2520 1959,2520 2013,2520 2067,2519 2121,2519 2174,2517 2228,2516 2282,2514 2336,2514 2389,2513 2443,2513 2497,2513 2551,2513 2604,2514 2658,2516 2712,2518 2766,2522"/>
                <TextEquiv>
                    <Unicode>dißmahl stagen, wie viel Gelt er von dem verkauf¬</Unicode>
                </TextEquiv>
            </TextLine>
            <TextLine id="r6l28" custom="readingOrder {index:27;}">
                <Coords points="1694,2617 1758,2635 1992,2599 2054,2622 2100,2597 2153,2631 2362,2612 2361,2556 2331,2568 2284,2535 2147,2563 2003,2530 1904,2568 1808,2535 1693,2550"/>
                <Baseline points="1701,2595 1733,2597 1766,2597 1799,2597 1831,2597 1864,2597 1897,2597 1929,2597 1962,2595 1995,2595 2028,2594 2060,2594 2093,2594 2126,2592 2158,2592 2191,2591 2224,2591 2256,2591 2289,2591 2322,2592 2355,2592"/>
                <TextEquiv>
                    <Unicode>sten Thee zu viel empfangen.</Unicode>
                </TextEquiv>
            </TextLine>
            <TextLine id="r6l29" custom="readingOrder {index:28;}">
                <Coords points="1686,2730 2733,2731 2748,2654 2629,2635 2253,2683 2179,2646 1828,2674 1685,2645"/>
                <Baseline points="1692,2718 1744,2720 1797,2720 1849,2720 1902,2720 1954,2720 2007,2720 2059,2718 2112,2718 2164,2718 2217,2718 2269,2717 2322,2717 2374,2717 2427,2717 2479,2717 2532,2717 2584,2717 2637,2717 2689,2717 2742,2717"/>
                <TextEquiv>
                    <Unicode>Ererrinnere sich nicht mehr, wie manche Offens, ob es</Unicode>
                </TextEquiv>
            </TextLine>
            <TextLine id="r6l30" custom="readingOrder {index:29;}">
                <Coords points="1685,2809 1836,2844 1937,2802 2016,2831 2260,2797 2338,2830 2576,2795 2760,2816 2760,2741 1684,2749"/>
                <Baseline points="1691,2798 1744,2798 1797,2799 1850,2799 1903,2799 1956,2799 2009,2798 2062,2798 2115,2798 2168,2796 2222,2796 2275,2795 2328,2795 2381,2794 2434,2793 2487,2793 2540,2793 2593,2793 2646,2793 2699,2793 2753,2795"/>
                <TextEquiv>
                    <Unicode>So aber 5 lb Ihne geweßen, so sein Weib verkauf¬</Unicode>
                </TextEquiv>
            </TextLine>
            <TextLine id="r6l31" custom="readingOrder {index:30;}">
                <Coords points="1676,2912 2533,2922 2614,2870 2693,2878 2694,2839 2559,2810 2475,2851 2382,2811 2279,2836 2173,2807 1963,2847 1761,2812 1675,2848"/>
                <Baseline points="1683,2874 1733,2877 1783,2877 1833,2879 1884,2878 1934,2877 1984,2876 2034,2876 2085,2873 2135,2871 2185,2870 2235,2868 2286,2867 2336,2866 2386,2865 2436,2864 2487,2864 2537,2864 2587,2865 2637,2867 2688,2870"/>
                <TextEquiv>
                    <Unicode>fet, und wie viel Gelt Er darhin empfangen.</Unicode>
                </TextEquiv>
            </TextLine>
            <TextLine id="r6l32" custom="readingOrder {index:31;}">
                <Coords points="2610,2920 2622,2921 2624,2923 2631,2922 2632,2924 2636,2921 2643,2926 2647,2922 2654,2923 2660,2870 2653,2869 2651,2866 2635,2866 2622,2877 2615,2876"/>
                <Baseline points="2618,2916 2648,2919"/>
                <TextEquiv>
                    <Unicode>d</Unicode>
                </TextEquiv>
            </TextLine>
            <TextLine id="r6l33" custom="readingOrder {index:32;}">
                <Coords points="1691,3017 2031,3034 2507,2991 2644,3046 2762,3032 2761,2964 2607,2934 2534,2969 2442,2937 1823,2965 1690,2939"/>
                <Baseline points="1698,3000 1750,3002 1803,3003 1856,3003 1909,3003 1962,3002 2014,3001 2067,3000 2120,2999 2173,2997 2226,2996 2278,2994 2331,2993 2384,2992 2437,2991 2490,2991 2542,2991 2595,2991 2648,2993 2701,2995 2754,2997"/>
                <TextEquiv>
                    <Unicode>Aus was Grund sie diese Reis mit einander dahin</Unicode>
                </TextEquiv>
            </TextLine>
            <TextLine id="r6l34" custom="readingOrder {index:33;}">
                <Coords points="2435,3023 2460,3034 2481,3031 2487,3039 2506,3045 2524,3042 2534,3035 2548,3043 2554,3001 2540,3002 2530,2992 2517,2995 2508,2990 2493,3001 2488,2994 2459,2999 2439,2994"/>
                <Baseline points="2442,3020 2467,3022 2492,3026 2517,3031 2543,3033"/>
                <TextEquiv>
                    <Unicode>um 3</Unicode>
                </TextEquiv>
            </TextLine>
            <TextLine id="r6l35" custom="readingOrder {index:34;}">
                <Coords points="1687,3102 1705,3103 1730,3084 1751,3096 1777,3081 1808,3098 1830,3084 1908,3074 1909,3008 1894,3002 1870,3018 1852,3013 1805,3047 1772,3039 1753,3057 1689,3035"/>
                <Baseline points="1695,3072 1720,3071 1746,3071 1772,3072 1798,3074 1823,3074 1849,3075 1875,3075 1901,3074"/>
                <TextEquiv>
                    <Unicode>gemachet.</Unicode>
                </TextEquiv>
            </TextLine>
            <TextLine id="r6l36" custom="readingOrder {index:35;}">
                <Coords points="1727,3123 1745,3124 1751,3131 1761,3128 1765,3133 1783,3133 1800,3124 1823,3141 1830,3135 1840,3135 1841,3085 1830,3083 1815,3097 1804,3098 1790,3092 1783,3099 1770,3102 1756,3101 1735,3086 1728,3086"/>
                <Baseline points="1734,3119 1767,3122 1800,3123 1833,3122"/>
                <TextEquiv>
                    <Unicode>de er des</Unicode>
                </TextEquiv>
            </TextLine>
            <TextLine id="r6l37" custom="readingOrder {index:36;}">
                <Coords points="1697,3208 1742,3185 1791,3218 1859,3179 1997,3208 2118,3166 2194,3201 2283,3164 2754,3190 2753,3121 2670,3086 2339,3065 2199,3096 2098,3073 2055,3107 1946,3070 1855,3136 1696,3133"/>
                <Baseline points="1704,3179 1756,3178 1808,3177 1860,3176 1912,3175 1964,3173 2016,3173 2069,3171 2121,3170 2173,3168 2225,3168 2277,3167 2329,3166 2381,3165 2434,3165 2486,3165 2538,3165 2590,3165 2642,3165 2694,3167 2747,3168"/>
                <TextEquiv>
                    <Unicode>da Er die Ihne dinen daheim gestehen, und darauf</Unicode>
                </TextEquiv>
            </TextLine>
            <TextLine id="r6l38" custom="readingOrder {index:37;}">
                <Coords points="1688,3266 2396,3232 2579,3264 2641,3231 2708,3265 2732,3191 2377,3170 2193,3201 2121,3167 1998,3208 1861,3179 1787,3220 1730,3189 1687,3215"/>
                <Baseline points="1694,3243 1745,3243 1797,3243 1848,3242 1900,3241 1952,3240 2003,3239 2055,3237 2106,3236 2158,3234 2210,3233 2261,3231 2313,3230 2364,3230 2416,3229 2468,3228 2519,3230 2571,3230 2622,3231 2674,3233 2726,3236"/>
                <TextEquiv>
                    <Unicode>sein weib ihm diesen diebstahl bekennet, habe er</Unicode>
                </TextEquiv>
            </TextLine>
            <TextLine id="r6l39" custom="readingOrder {index:38;}">
                <Coords points="1685,3338 2588,3300 2639,3333 2762,3313 2762,3268 2370,3238 2251,3279 2122,3240 1684,3280"/>
                <Baseline points="1691,3314 1744,3314 1797,3314 1850,3312 1904,3312 1957,3311 2010,3309 2063,3306 2117,3305 2170,3303 2223,3302 2276,3300 2330,3299 2383,3299 2436,3297 2489,3297 2543,3299 2596,3300 2649,3302 2702,3305 2756,3308"/>
                <TextEquiv>
                    <Unicode>ihm darüber hart zugeredt, mit verdeüten: Es solle</Unicode>
                </TextEquiv>
            </TextLine>
            <TextLine id="r6l40" custom="readingOrder {index:39;}">
                <Coords points="1682,3410 2205,3377 2296,3415 2340,3374 2430,3372 2482,3414 2535,3371 2722,3389 2754,3353 2516,3318 2264,3349 2213,3316 1681,3351"/>
                <Baseline points="1689,3387 1741,3386 1794,3385 1847,3383 1900,3381 1953,3380 2006,3378 2059,3377 2112,3375 2165,3374 2218,3372 2270,3371 2323,3371 2376,3369 2429,3369 2482,3369 2535,3369 2588,3371 2641,3371 2694,3372 2747,3375"/>
                <TextEquiv>
                    <Unicode>sich darmit aus dem Land machen, damit seine Mu</Unicode>
                </TextEquiv>
            </TextLine>
            <TextLine id="r6l41" custom="readingOrder {index:40;}">
                <Coords points="1688,3457 2221,3502 2447,3474 2540,3501 2660,3456 2767,3496 2766,3374 2641,3402 2532,3374 2484,3413 2430,3372 2298,3414 2153,3381 1945,3432 1835,3392 1687,3410"/>
                <Baseline points="1694,3450 1747,3452 1800,3452 1853,3452 1907,3452 1960,3452 2013,3451 2067,3450 2120,3449 2173,3447 2227,3447 2280,3446 2333,3444 2386,3444 2440,3444 2493,3444 2546,3444 2600,3444 2653,3446 2706,3447 2760,3450"/>
                <TextEquiv>
                    <Unicode>eter solche nicht entdeke. Er seye darauf leicht</Unicode>
                </TextEquiv>
            </TextLine>
            <TextEquiv>
                <Unicode>50 t.
Worauf es die marter aushalten, ja leben und sterben
wolle.
Nachdem ihme also gebunden, diese seine Bekantnuß
abgelesen worden, und es solche durchaus bestätiget,
wurde es mit abermahligem kräftigem zuspruch in
sich selbst zu gehen wider loß gebunden. Da dann
es zu Toden auf die Keine gefallen, und Gott und
eine hohe obrigkeit, die es höchstens beleidiget zu
haben, bekennet, mit anscheinender Reü über seine
Verbrechen um Gnad und Barmherzigkeit angeflehen
Iten Examen
Mit Joh: Rudolf Dufrene dem Schumacher
Praemissa exhortatione
seines Weibs bekante vielfältige diebstähle, und
andere Umstände stehen ihn bey einer höhen
Obrigkeit in billichen Verdacht; Er müßen
davon Antheil und Wißenschaft haben. In
nun er biß dahin mit der Unschuld sich ausschie¬
rnen wollen, dennoch aber nicht abseÿn können,
daß er von dem Ihre diebstahl bey H. Weber
bekantschaft gehabt, so seye er nichtssta rein, und
solle nicht glauben, daß Er so leichter dingen mit
ihren 
laugnen tod kommen - sondern er werde noch
über mehreres antworten müßen, und zwar solle Er
dißmahl stagen, wie viel Gelt er von dem verkauf¬
sten Thee zu viel empfangen.
Ererrinnere sich nicht mehr, wie manche Offens, ob es
So aber 5 lb Ihne geweßen, so sein Weib verkauf¬
fet, und wie viel Gelt Er darhin empfangen.
d
Aus was Grund sie diese Reis mit einander dahin
um 3
gemachet.
de er des
da Er die Ihne dinen daheim gestehen, und darauf
sein weib ihm diesen diebstahl bekennet, habe er
ihm darüber hart zugeredt, mit verdeüten: Es solle
sich darmit aus dem Land machen, damit seine Mu
eter solche nicht entdeke. Er seye darauf leicht</Unicode>
            </TextEquiv>
        </TextRegion>
    </Page>
</PcGts>
