3024 4032
299 2448 441 2550 Gesel
344 253 448 338 508.
491 330 1477 537 vorschuhenden Schwängerschafft biß zuse
494 446 1476 574 nach Martin zurück geschoben, und
476 501 1488 664 ferners erkennet. 1. daß diese den
475 577 1497 720 frene durch die H. Expectos ihrer
484 659 1459 785 Schwängerschafft halben nochmahl
474 720 1464 881 besichtiget und darüber schehen
470 795 1409 925 bals Director faller consultiert
475 881 1458 1048 werden solle. A. daß die hern
466 953 1418 1117 geistlichen ihre Gesuchungen
477 1045 1361 1198 biß auf weitere Verordnung
1361 1104 1440 1172 .
472 1126 1458 1262 nicht so öffters abstatten, und 3.
469 1208 1481 1352 daß der Joh. Rand. Duprene wegen
473 1292 1484 1435 keiner harten Gefangenschafft
470 1375 1459 1508 und kränklichen Umstanden in
470 1452 1481 1603 den Großen Spitthaltens partien
478 1548 1460 1659 und daselbst in einem wohl ver¬
448 1631 1462 1759 egisterten Gemach gewahrsamlich
449 1708 1441 1820 gehalten werden solle. Deßen
448 1797 1471 1921 allesen werdet Ihr herr Groß¬
448 1875 1445 2010 Weibel zu behöriger Befolgung
440 1963 1472 2083 hierdurch benachrichtiget, welches
443 2059 1461 2183 zu veranstalten Meine Wohl¬
415 2135 1452 2272 Edelgebohrner Herr bestens wüßen
454 2211 1197 2364 wird. act. ut supra
472 2444 1491 2597 An Herrn Stadt Major von Donstelle
435 2571 1488 2719 Weilen der Schumacher Joh. Sud. Dictione
443 2664 1450 2781 in folg erkantnuß von MngnHerr
445 2723 1432 2868 und Oberen R. und G. auß der
442 2827 1409 2956 Oberen Gefangenschafft in ein
438 2914 1405 3048 wohl vergistertes Gemach in den
421 2979 1464 3147 Großen Spitthaltransportiert
434 3086 1467 3227 und daselbst gewahrsamlich gehalten
421 3200 1387 3322 werden soll, als ist zugleich
436 3252 1457 3390 erkent worden, wogegen dieses
419 3349 1473 3491 Gätter Stublin zurüker keine Senticuli
2683 279 2791 375 509.
1667 373 2806 544 sich befinde, der Erden eine zu verordnen
1679 451 2786 595 und derselben zu consignieren, daß bie¬
1678 524 2796 654 niemand mit dem Duefrene weder bey
1680 622 2744 751 Tag noch Nacht reden laße auch wo
1678 698 2783 832 selber geschehen wurde, solches for¬
2408 780 2792 895 Welches zur
1663 781 2226 916 derlichst anzeige.
1666 856 2811 994 Gefolgung Euch Meinem WohlEdel¬
1657 939 2700 1087 gebohrnen Herrn hiermit wißend
1666 1026 2788 1170 gemacht wird, wie zu thun Ihr bestens
1681 1119 2750 1242 wüßen werdet. act. Coram 200.
1669 1198 2360 1340 den 16ten Sept. 1765.
1794 1351 2387 1478 Copia Relation
1667 1464 2801 1599 Dero Hochoberkeitlichen befehl zu folge
1667 1554 2736 1641 haben wir endes unterschriebene heute
1667 1605 2742 1731 den 18ten Octobris 1765. obachmittags
1675 1672 2695 1789 uin 1 Uhr die in Gefangenschafft
1666 1738 2763 1869 sizende frau Duc Frene sogenau als
1659 1799 2706 1942 Uns möglich abermahl befraget und
1654 1869 2743 2031 erforschet. Wir fanden vien ganz
1666 1944 2703 2086 natürlichem zustand und konten
1654 2027 2731 2162 keine Zeichen der Schwängerschafft die
1656 2080 2716 2244 sich weisten bey Schwängeren von
1650 2174 2710 2337 R. Soboraten hervor thun, bey ihr
1660 2230 2744 2385 wahrnemmen, bin tagte Aus daß
1651 2286 2574 2470 ihre Brustseith dreyen kochen
1653 2394 2666 2546 etwas kleiner worden, und sie nicht
1656 2440 2558 2612 wiße, ob die schwanger seye.
1757 2543 2676 2692 In Betrachtung, da die bemelte
1653 2583 2707 2769 Duffre ne 25. Jahr alt in welchem
1660 2664 2727 2836 alter viele Weibs Personen ihre
1648 2746 2678 2906 Reinigung entweder gänzlich auf
1654 2819 2764 3003 einmahl oder aber nach und nach
1651 2884 2737 3040 zu verlieren pflegen, Item, ob
1659 2962 2740 3150 derjenige Blut fluß so sie vor dreyen
1656 3021 2746 3184 wochen gehabt, der Sbatur gemäs
1660 3102 2763 3284 oder wiederuaturlich geweßen denken
1644 3166 2688 3336 wir, daß eine zeit von 10 biß 11
1653 3246 2707 3429 Tagen die gantze bache in mehrers
1647 3323 2255 3456 Riecht stehen könte.
2498 3508 2698 3624 also etc.
