3024 4032
243 2402 359 2498 144.
266 202 402 286 28
280 352 406 486 13
447 320 1452 515 Neaslena Gronimarin
469 446 1422 593 Këller Magd bey nostri Heggi dem
469 526 1018 657 Metzger. Sagt auß.
1275 547 1438 656 den
449 616 1477 778 Christen Stahl seye offt in ihr Keller
466 724 1467 840 gekommen, und habe fünf Fähler
467 796 1447 926 außgegeben, ohne daß die Sich in
460 887 1478 1022 Acht genommen, von welchem prag¬
454 1003 733 1129 Sie seyen.
741 982 801 1078 wuch
879 980 1485 1116 ohngefährd nach dem
449 1093 1502 1236 Seuen jahr habe er ihr 10. Stück gegen
442 1207 1463 1333 . 2. versetzet, mit ersuchen solches
459 1296 1474 1417 nicht außzugeben, indeme er es
452 1387 1496 1516 wider lösen wolle, eine Zeit hernach
439 1474 1432 1600 habe er 8. Stuck wieder eingetauschet,
1432 1526 1466 1591 .
443 1566 1478 1707 und ihr die übrigen 2. gelaßen, welche
433 1654 1492 1798 Sie einem Ruher an bezahlung käses.
429 1769 1426 1901 gegeben. Darnach habe er ihr
445 1860 1425 2014 kein dergl. Gelt mehr zugebracht,
436 1958 1501 2113 sonder wann er in den Keller gekommen
426 2072 1475 2230 so habe er mit anderem Gelt bezalt.
429 2190 1357 2321 Sonsten wiße Sie weiters nichts.
416 2314 474 2439 d.
393 2359 1447 2514 Denedicht Frey von Münstingen,
433 2452 1500 2613 allhier in der Taback fabrique arbeiten.
920 2567 1249 2713 Sagt auß.
430 2568 922 2715 cet. 39. Jahr
417 2671 1491 2799 Vor etwann einem Monat an einem
417 2798 1488 2924 Samstag abendts, habe er sich in einem
426 2867 1495 2998 Keller bey dem Bären graben befunden,
422 2967 1452 3108 dahin der Christen Stahl gekommen,
417 3069 1477 3200 und die Keller Magd gefraget, ob
405 3159 1486 3298 Sie ihme nicht gelt wechßlen wolle,
417 3256 1452 3381 sie habe aber keine Sunz gehabt,
410 3343 1477 3507 derowegen Sie Ihne depl. angeredet,
417 3445 1501 3579 ob er wechßlen könne. Darauf ergehalten
403 3496 1473 3691 etwann 20 t. wohl, so daß der Wahl
1601 1542 1776 1667 157.
2771 163 2914 297 29.
1775 350 2891 566 Ihme bey dem Kircht vier Bunf Kahler
2163 473 2263 558 m
2111 496 2148 545 11.
1780 448 2920 653 gegen 20 t. übergeben. Es habe ihne
1778 527 2944 734 gedunket, er habe noch mehr dergleichin
1786 623 2924 809 Stuck in der Hand. Wie er depl. ver¬
1781 739 2872 900 gnommen, daß der Wahl dieses gelt
1789 831 2835 994 entwendet, so habe er alle 4 Stuck
1776 909 2925 1087 dem Herrn Commission-Schreiber Haller
1780 1007 2905 1184 dahin er gewiesen worden, gestern 8 tag
1771 1073 2895 1280 zugestelt versichere, daß er dergl.
1782 1205 2945 1399 gelt sonst keines mehr gestehen, und ihme
1785 1305 2714 1461 nichts weiters in wißen seye.
1795 1505 2931 1667 Maria Gallenegger gewesene Keller.
1784 1601 2874 1725 Magd in Abstr. Dornner deß Godt
2427 1678 2796 1818 Sagt auß.
1775 1704 2264 1809 Reiben sel. Keller.
1766 1790 2936 1906 In der SteuJahrs Stochen an einem Contre¬
1768 1878 2872 1999 baye der Christen Stähli mit einem
1777 1946 2941 2079 Schmid in den Keller gekommen, und habe
1780 2056 2861 2147 daselbst 15 t. verzehrt, welche er ihr
1780 2116 2888 2249 mit dreyen funf dähleren bezahlet.
1778 2212 2925 2343 ein paar Tag hernach seye er wieder kommen
2318 2287 2354 2359 .
1773 2303 2913 2440 und habe noch 2. Dunf Fähler verthan,
1762 2378 2892 2523 so daß Sie von ihme in allem 5. Stuck
1760 2456 2947 2612 empfangen, welche sie, weilen selbe schön
1777 2569 2916 2708 und oben gewesen, aufbehalten, und
1771 2612 2940 2805 dem Steibel diesen Morgen alsobald¬
1733 2713 2921 2906 zugestelt. Er habe diese zweyenzige
1769 2822 2943 2981 mahl bey ihre getrunken, und wiße
1761 2931 2896 3073 nicht, ob er dergleichen Gelt noch mehr
1750 2972 2840 3173 gehabt. Dieses seye alles, was ihr
1762 3073 2294 3234 dißorts im wißen.
2369 3147 2940 3319 actum d. 7. et. 12. 3.
1741 3193 2145 3347 aprilis 1759.
