3024 4032
169 2232 338 2353 A. sr.
208 2660 328 2777 9 teni
220 316 381 430 258.
425 398 1393 575 secirt, die dan des selbigenn solches Entliche
398 512 1400 656 Merkmahl befunden, wie ihr schriftlichen
415 592 1394 759 Didum repertum ausweiset, so wörtlich
413 665 697 804 absolutet.
384 791 1364 969 Relatio. Medico Chirurgica
400 960 1313 1126 Auf Befell, und in Beyseyn der
383 1079 1365 1207 WollEdelgebohrnen und HochgeEhrten
396 1158 1318 1282 Herren, Herrn Haubtman̄ von
389 1240 1322 1356 Wattenwyl, und Herrn Haubtman̄
386 1303 1315 1450 Ougspurger etc., als dieß maligen
377 1390 1321 1519 Herrn Vice Groß weibel und all
383 1470 1334 1599 Gricht Schreiber h. haben wir Eids
367 1563 1323 1684 unterschriebene heüte den 23 ten abe
370 1645 1303 1767 gegen Mittag, den Sand Reimen
359 1734 1354 1870 Herrn Obervogt Hallers Land Guth
368 1810 1376 1962 den erblaßten Leichnahm deß Sammel
354 1888 1345 2016 Durgi von Biglen, von ungefard. 30.
343 1936 1350 2124 Jahren Alters, besichtiget und ge¬
350 2048 1340 2211 rnet, da wir dann folgendes Bahrge¬
356 2144 593 2239 nommen.
375 2235 1310 2389 Sohn der gantze Körper, sonderlich
351 2332 1302 2465 aber das Angesicht sehr bloßend,
341 2411 1309 2538 auf beyden Seiten derer Schlaffen
350 2498 1323 2636 fanden wir Beschwulste, und in dem
340 2583 1327 2723 rechten Ihr ein ergoßenes Geblut¬
365 2677 1212 2851 Nach abgelößter haut von der
346 2791 1263 2936 Herr Schale, fanden Wer die Schlaf
345 2871 1251 3004 Muscien /: Musculi temporales.
350 2950 1316 3086 sonderheitlich auf rechter Seiten sehr
335 3025 1243 3207 geguetschet, befande sich auf
360 3104 1318 3285 dieser rechten Seite auch viel geronen
349 3186 1006 3352 Geblüt unter der Haut¬
1069 3322 1288 3478 3 tend
1393 2665 1570 2823 4tem
1491 444 1589 542 ten
1459 527 1555 597 9.
2476 361 2602 474 259.
1608 449 2595 583 Nach Ablöstung der Schlaff. Muselen,
1595 529 2613 673 der Hirnschaden Haut s. Perieranium
1592 608 2558 747 und Hern Schale sachen Wir zu beyden
1594 689 2486 811 Seiten an den Schläfen sehr lange
1585 770 2592 896 Spälte, welche aller Orten durch beyde
1612 854 2546 996 Tafelen der Hern Schale giengen, bey
1596 935 2567 1059 welchen, sonderlich auf rechter Seite
1611 1012 2541 1140 ehr viel geronnen Geblut, zwischen
1600 1090 2586 1223 der diken Hern Haus /: Dura Mater
1589 1168 2573 1328 und Hirnschale wäre. Die Schälte
1586 1243 2569 1392 in der Hern Schaale auf linter Seite
1584 1337 2613 1489 erstrekten sich von Mitte deß Seiten
1599 1392 2605 1542 Seind es parietate schief nach vornen
1584 1471 2538 1595 und unterwarte durch den schurichten
1597 1561 2619 1709 theil des Schlaf demnes (pars squamusa
1584 1621 2595 1761 pio Temporum Ferners durch die
1591 1692 2603 1808 Portionem temporalem deß darund
2486 1787 2532 1852 .
1602 1773 2481 1905 Seiner (Osbasilare biß an den
1589 1850 2505 1992 Stürkischen Sattel gleichen keiner.
1590 1920 2496 2084 Auf rechter Seite aber gienge der
1576 1994 2610 2114 Spalt durch den vorderen und unteren
1578 2087 2520 2194 von deß Seiten keiner, durch den
1580 2157 2474 2292 shürichten und felichten theil deß
1581 2221 2604 2390 Schlich keines ganz hindurch, und theilte
1590 2324 2496 2462 dieses dein in zwey Theile. Hier
1591 2405 2566 2533 ware, wie schon gemelt, sehr viel er¬
1590 2474 2619 2628 goßenes Geblüt im Grunde der Hirn
1588 2586 1790 2709 Schale
1618 2695 2574 2877 das eingebend der Grust und deß
1595 2797 2523 2924 Dauites, waren wie der übrige Leib,
1597 2858 2602 3032 ganz unbeschädiget, und in natürlichem
1588 2975 1812 3105 zustand.
1598 3077 2624 3237 Und oberfehlten sehr heftigen Verlezung,
1590 3175 2520 3302 ven des Haubts, da die Schälte von
1598 3254 2540 3399 beyden Seiten in Grunde von der
2153 3341 2519 3478 Hirschale etc.
