3024 4032
111 144 247 225 140.
325 243 1348 494 dem Todtnen Kind alsbald noch
314 367 1371 606 selbige Recht, nach Kilchdorff ge¬
314 476 681 601 gangen
313 571 1390 793 Haben auch nichts weiters mit ihme
319 671 1388 869 von dieser sachen gesprochen, außert
305 744 1380 969 daß Sie alle offters gesagt, Es seyn
306 839 1379 1040 diß eine bedaurliche sach, der Sching
309 930 1341 1123 auch anders nichts gesagt, Als Er
290 994 1196 1165 könne nüt darüber sagen
291 1117 1347 1340 Bestähtigte solch seine Außag nach
299 1259 1353 1420 angehörter Ablesung, mit be¬
275 1319 1291 1487 zeugen, daß Er ein Mehres als
270 1421 1258 1568 obiges Hierüber nicht wüße.
618 1543 918 1693 Ehrdete.
100 1697 241 1858 N.
253 1683 1288 1894 Anna Spring, Niclaud
277 1842 1344 1984 Hännis Eheweib auf dem Eggen¬
257 1929 1067 2056 Horn, 56. Jahr alt.
56 2085 471 2238 Sagt auß.
554 2114 1339 2248 Sie Wohne in der Nachbahr¬
254 2207 1318 2337 schafft deß Ludwig Springs hauß, da
257 2288 1270 2417 nun vor etwan 4. Wochen das
238 2373 1318 2500 Gerücht auß gebrochen, die Anna
250 2464 1318 2597 Schlappach, deß Ludwig Springs Magdt,
244 2557 1315 2655 befinde sich Schwänger, habe Sie sich
242 2648 1309 2769 in Acht genommen, und wohl ge¬
236 2725 1313 2863 sehen, daß das mentsch groß und
237 2808 1284 2941 dick gewesen, so daß Sie an der
229 2893 951 3026 sach nicht gezweifflet.
232 3007 1291 3161 Nun am dienstag den 22 ten Auß
228 3106 1309 3249 Anlaß, daß sie vor deß Ludwig Springe
222 3213 1315 3329 Hauß vorbey gegangen, habe deßen
223 3285 1254 3401 Weiblin Ihre Herzu geruffen, und
220 3359 1264 3490 auf ihr ankommen ihre verdeütet,
1089 3482 1170 3563 60
2559 312 2654 407 141.
1585 388 2641 526 Es duncke Ihns, Es habe sich mit der
1588 498 2655 640 Jungfrauw ganz veränderet, derohal¬
1579 582 2624 713 ben Sie die Deponentin gebeten,
1582 675 2645 800 zu Visitieren, ob sie nichts etwann
1588 744 2083 862 finden könnte:
2084 770 2632 876 Sie Deponentin
1582 842 2630 966 Habe mit schreben solches ihrer Nach¬
1577 931 2621 1046 bäürin zu gefahlen gethan, all¬
1583 1006 2620 1141 dieweilen die Jungfrauw und Ihr
1595 1100 2625 1222 Meister, auf dem Acker gearbeitet
1590 1174 2600 1327 da Sie Endtlichen bey durchsuchung
1589 1271 2633 1398 deß Reths und der Kleideren an ein¬
1556 1349 2623 1491 nem Hembd, Fleiben von gefloßener
1577 1450 2642 1591 Milch, sonsten aber nichts wahrge¬
1556 1531 2536 1666 nommen, darauf seye ihr gleich
1578 1615 2614 1741 Angst geworden, und habe ihrer
1575 1708 2612 1832 Nachbäürin verdeütet, es seÿe die
1583 1797 2626 1895 gröste Zeit, einmahl glaube Sie,
1596 1875 2632 2002 Wann die Milch verhanden, so seye
1577 1950 2182 2064 das Kind nicht weit
1588 2129 2649 2253 Hernach seye sie selbigen Abend auf
1589 2209 2625 2333 Mühlidorff gegangen, und habe
1588 2301 2614 2425 Obiges dem Weibel angezeigt,
1583 2383 2640 2502 Sie seye zwar mit dem Ludwig Spring
1576 2466 2649 2561 in naher Verwandschafft, ihr Man̄ und
1569 2543 2642 2676 derselbe seyen geschwisterte Kind,
1570 2636 2632 2777 Indeßen habe sie zu Berechtigung
1576 2744 2652 2871 Ihres Gewißens geglaubt, sie solle
1577 2835 2459 2958 hierzu nicht still schweigen
1568 2980 2658 3116 fügte noch bey, Sie habe biß hieher
1585 3074 2649 3201 nichts gehört, daß der Ludwig Spring
1589 3159 2625 3281 etwan dem Weiber-volck nach
1578 3239 2610 3363 ziehe, noch daß Er mit seiner
1567 3323 2476 3471 Jungfrauw in Genauwer
2229 3449 2656 3557 gemeinschafft
