3024 4032
218 3015 427 3167 Gefragt
304 93 412 167 dat
351 2331 450 2497 G
526 150 1319 363 Tritten Examen.
481 363 1519 591 der Seit Christen Wahl vo
505 497 1430 652 Bollingen, Statt dern Grichts¬
513 579 1517 760 33. jahren alters verheüratet mitt
507 682 1516 861 Barbara Trenchikoster von Münsingen
507 799 1500 955 welche neben zweyen Kinderen anneh
513 878 1511 1044 Schwängeren Leibs sich befinde, und
502 977 1491 1145 allhier Keller Magd seye. Er diene
503 1066 1506 1251 in der Stadt Racht und arbeite seith
492 1185 1469 1344 Sechs Jahren in der Oberkeitlichen
496 1293 714 1416 Mitus.
787 1326 1026 1491 verführt
432 1431 1486 1636 Durch Meinen gegen Rathsherrn Lerber
480 1592 1404 1718 als wohlverordneten Herrn Ober¬
472 1673 1506 1832 Examinatorii, mit zu ziechung einen gnädiger Her
446 1777 1497 1942 Großweibel Apelhoffers und gricht
479 1892 1446 2030 Schreiber Hallers und Meine gnädigen Herren
465 1990 1452 2133 Kospfenninger Stettlers, als von
459 2094 1424 2247 seiten erhagen der Münz¬
461 2207 878 2341 Commission.
474 2401 1471 2537 Nach einer kräfftigen vermahnung
453 2485 1477 2620 Nein Gewißen zu entladen, und
460 2568 1463 2718 die runde wahrheit zu bekennen,
452 2668 1468 2821 Meines großen verbrechens, so er¬
452 2782 1463 2939 wegen erzeigter Untren gegen seine
418 2899 1178 3038 hohe Oberkeit begangen.
453 3026 1432 3166 Er solle dermalen gantz aufrichtig
441 3122 1386 3247 und umständlich offenbahren
426 3186 1451 3346 warum erauß defelche Meine gnädigen Herren er
413 3280 1474 3443 Münch-Commission allhier gefang
408 3398 1221 3541 rlich eingestehet worden?
1544 3230 1680 3392 g
1626 387 1778 523 Autlo
2785 70 2940 168 35.
1800 257 2945 516 Er wolle offenherzig seinen begangene
1795 317 2835 571 großen fehler bekennen und
1804 438 2902 644 nichts verhalen. Demnach müße
1802 517 2824 761 er gestehen, daß er ferndriges jahr
1789 602 2879 850 nach dem Augstmonath in Ihr Gnaden
1785 715 2865 906 Sunz-stadt angefangen untreu zu
1789 822 2878 1019 werden. Da habe er an der Stadten
1782 917 2920 1132 in der Silber Streibe, wo er zu der Arbeit
2863 1012 2925 1106 .
1786 1026 2868 1177 gebraucht worden, ungeprägte Gettons
1784 1124 2948 1300 von 5. t. und D. 10. Stucken weggenommen,
1777 1202 2922 1384 und auch in der Munch selbst bey dem
1779 1303 2930 1473 weiß wieden sich untren erwiesen, diese
1759 1407 2903 1559 habe er zusamen gelegt und behalten
1778 1505 2902 1665 biß anfangs Christmonats, da man
1748 1612 2890 1767 zu prägen angefangen, welche er als dan̄
1749 1731 2899 1862 zu verschiedenen mahlen in der Sontags¬
1762 1839 2932 2000 Stund auf dem Fräg Stat gegen geprägte
1757 1964 2892 2102 außgewachslet, nachwerts habe ersich
1756 2028 2928 2203 auch während der Zeit, da man gepräget,
1765 2158 2899 2303 in mehrerem vergriffen, und selbige
1755 2224 2911 2396 gleichfalls außgetauschet. Der Schlußes
1726 2342 2843 2521 zu der vor Kammer gegen die Fräg¬
1732 2455 2879 2628 Kammer habe sich außenher in einer
1739 2574 2937 2791 unverschloßenen Schies Laden befunden,
1737 2669 2888 2842 und derjenige zu der Fräg kammer
1732 2728 2776 2961 selbst, seye in einem offenen
2773 2877 2810 2947 .
1715 2848 2929 3077 Schäfftlin in der vor Kammer gewesen,
1731 2967 2932 3184 er habe den Hl. Sprüngli einsten gesehen
1700 3038 2907 3262 die Schlußel an diesem orten nemmen
1704 3126 2900 3372 dahero er gewüßt, wo die sich befinden
1700 3253 2886 3550 Solle also Gott und Einer hohen Oberkeit
1711 3369 2901 3643 die Ehr erzeigen, sein Gewißen entladen
1720 3466 2842 3752 und rund bekennen, in wie weit er
