3024 4032
250 345 423 472 286.
440 404 1398 570 Sie sogen darauf, nemlich der Christian
455 490 1400 656 der Geiger, die drey Indiene Arbei
449 578 1391 719 und er inge denen Steinhaueren nachgefol¬
436 654 1351 796 iget. Der Christian allein habe ein
428 725 1345 867 gaun Steken aus getogen, Er Mg aber
433 810 1358 955 habe sich auf die Seiten gegen den Zaun
413 889 1381 1034 gestellet, um die Steinen beßer and zu¬
419 981 1339 1107 beichen, daselbst habe er einen
420 1049 1391 1211 Steinwurff oben an den Dauch empfange¬
412 1137 1353 1270 worauf er nach gesprungen, und einen
415 1218 1368 1348 angeredet der noch ein stein in der
394 1295 791 1417 Hand gehalten.
793 1298 1352 1441 Wie derselbe sich
398 1370 1352 1507 auf das grien gestellet, und ihne mit
392 1453 1294 1589 dem Stein von oben herab treffen
400 1539 1380 1690 wollen, habe Er Ing ihme zwey Streite
392 1600 1352 1760 mit der Const auf das Gestächtigen
382 1675 648 1807 schlagen.
647 1722 1361 1819 Der nunmehro verstor¬
389 1760 1365 1888 bene Steinhauer seye in deßen neben
384 1840 1371 1977 ihm m g vorbey gegen den Christian
370 1931 1357 2072 zugegangen, und habe allezeit gefluchet
365 1997 1331 2124 und gescholten, darauf der Christian
371 2070 1315 2216 ihm mit dem Stehen einen Streich
358 2149 1305 2285 an den Kopf versetzet, worvon er
352 2231 1355 2376 plözlich zu Toden gesunken. Er de g
366 2299 1295 2453 seye darüber zimlich erschroken, mit
372 2384 1334 2514 Verdeuten, das seye übel gegangen.
525 2468 1365 2605 da dieser Mann sich wiederselbst
363 2537 1300 2688 aufrichten wollen, habe er gesagt, er
364 2623 1281 2762 sage sere, er von nit aufstehen
430 2707 1345 2835 Der Knecht habe den Stehen also bal
359 2783 1330 2928 berg geworffen, und seye stark gegen
365 2855 956 2988 das Hand zugegangen.
1063 2914 1266 3010 Er Ing
364 2947 1347 3077 habe sich auch darauf wider zurück begeben,
365 3023 1343 3176 da der Peter Creuch auch ein Indiene
345 3102 1289 3261 Arbeiter, die Straaß zuunter ge¬
356 3181 1269 3315 kommen, mit welchem die anderen
352 3275 1321 3433 drey Indiene Truker, so auch hiesie
339 3330 1007 3490 Verhaft seyen, geredet.
1173 3366 1341 3468 Er 119.
1182 3448 1330 3571 seyen
1418 1589 1563 1720 Frag
1419 1935 1564 2048 Antb.
1433 2791 1557 2928 zey
1405 3328 1566 3432 Antb
2495 328 2653 423 287
1599 426 2604 601 seye seinen Weg fort gegangen, habe
1594 520 2573 685 bey dem Keller die Maas Wein
1586 602 2619 740 fer sein Weib mit genommen, dahin der
1603 688 2545 819 junge Mensch von König gekommen,
1597 766 2593 896 seine Kappen zu forderen, welcher so
1606 852 2541 985 gleich sich erklährt, er habe von Ihm
1590 927 2585 1068 Ing keinen Streich empfangen, sonder
1598 1008 2598 1130 derjenige mit dem blauen Rok, so ihm
1604 1091 2549 1222 mit dem Steken ein Streich gegeben
1594 1174 2583 1294 werde die Kappen haben, welcher aber
1588 1251 2625 1382 damal nicht mehr zugegen wäre. Das
1590 1322 2628 1461 seye des wahre Verlauff dieses leidigen
1583 1417 1816 1560 Handels.
1599 1552 2575 1685 der Freyburghauß Klage, er habe
1593 1622 2574 1777 vor dem Schopff einen Streich an den
1592 1713 2498 1860 kopff empfangen, darvon er zu
1587 1761 2653 1917 Boden gefallen und verbundet wordend
1600 1922 2611 2065 er versichere, daß er dem Freyburg¬
1578 1996 2554 2144 hauß keinen Streich gegeben, sonder
1588 2091 2526 2214 wie schon gesagt, seye er in eine
1582 2161 2620 2285 Mag. Wein in der Hand haltend, neben
1588 2239 2620 2383 deß H. von Tatels Knecht gestanden,
1584 2327 2586 2468 der ihm einen Stoß gegeben, darvon
1588 2407 2604 2547 er an den Freyburghauß gefallen,
1591 2483 2574 2622 und der vermitlest deßen zu Boden
1585 2568 2572 2697 auf den Ruken gefallen, worvon er
1600 2646 2422 2783 werde verbundet worden seyn.
1604 2786 2539 2947 So wohl der Killer als der Lamberg
1592 2867 2636 3016 und der Aschmann sagen denoch einmühtig
1603 2955 2615 3090 aus, er Ing habe den Freyburghauß
1584 3027 2577 3164 bey dem Rot ergriffen, und zu boden
1598 3108 2545 3243 gestoßen, folglich habe er Hand an
1606 3192 1956 3322 ihne geleget.
1619 3332 2512 3487 das verne er keine wegs eingestehen,
2249 3435 2510 3548 indemme etc.
