3024 4032
229 1356 314 1479 L.
244 261 372 376 192.
686 253 973 363 Peter
413 367 1424 569 Und er depl. gegen den Anlieber geschrung
421 452 1433 623 und ihne angehalten, biß daß auf der
407 537 1386 691 entstandene Jammer Geschrey mehrere
406 630 1433 800 kant darzu gekommen, und den belicke
409 699 1314 849 in Verwahrung genommen haben
1311 799 1347 855 .
397 805 1385 940 Seye alles was ihme in wißen
415 889 1415 1046 von dieser unglücklichen gegeben,
377 977 1391 1119 rheit in wißen, könne Niemans
393 1060 1401 1221 als der bedeute dendicht Müller
372 1144 1363 1315 hiervon mehreren Gericht geben.
379 1367 1391 1552 dendicht Müller, ohngefärd 20.
370 1472 859 1573 Jahren alters
1044 1507 1324 1622 deponirt.
355 1607 1391 1782 destern Abendts ohngefärd nach zehen
353 1733 1299 1845 Uhren seye sein Nachbar der
352 1803 1359 1949 Ullrich Streith zu seinem hauß
355 1882 1373 2032 gekommen, und habe Ihme etwelche
346 1993 1360 2127 Wahl so starck geruffen, daß er von
323 2074 1368 2231 dem Schlaaff erwachet, aufgestanden
328 2160 1332 2331 und demselben descheid gegeben
311 2263 1325 2420 der dann Ihme erzehlet, wie daß
320 2352 1246 2490 der Anleiber einen starcken
322 2455 1363 2618 dermen mache, und beständig ein
321 2577 1327 2714 Riecht begehre, dahero er förchte
316 2669 1326 2812 daß er ein groß Unglück verur¬
301 2755 1343 2906 sachen und ihme das hauß ver¬
293 2850 1310 2971 übrennen könte. Derohalber er¬
289 2928 1304 3069 Ihne bätte, ihme doch zu hulff zu¬
301 3022 1330 3182 kommen. Er habe aber dem Streith
294 3109 1333 3263 nicht gleich willfahren wollen, weilen
283 3229 1307 3363 er schon vorherstagen gehört, der
291 3293 1329 3462 Aulicker seye ein gefährlicher Mann
1100 3419 1251 3550 dah
2604 317 2752 439 193
1965 332 2245 455 Anlicher
1640 453 2715 604 Da aber der Streith ihne Depl. ohnab¬
1686 543 2689 701 laßlich gebetten, ihme doch zu hulff zu
1649 590 1678 654 11
1666 614 2731 766 kommen, habe er ihme endlich entsprochen
1655 707 2715 839 und seye also mit demselben zu deß
1653 802 2697 920 unglücklichen Zeenders haus gegangen,
1642 869 2686 1023 haben Ihne aufgewecket, und mit sich
2139 938 2667 1074 als die samtlich
1654 980 1963 1089 genommen.
1806 1046 1904 1097 tort
1654 1041 2695 1177 ohnweit dem hauß gekommen, habe er¬
1667 1112 2682 1249 Sepl. und der unglückliche Zeender den
1666 1198 2734 1324 Streith vor auß gegen das hauß geschickt
1647 1273 2714 1393 mit verdeüten, die wollen da warten
1650 1362 2514 1491 und schauen, was vor sich gehe.
1660 1436 2707 1574 Wie nun der Streith zum hauß gekommen
1645 1512 2640 1624 habe er den Anleger, welcher oben
1642 1590 2736 1710 beym Hauß gestanden, in gute ermahnt
1627 1674 2591 1800 doch stille zu seyn, und in seine
1630 1759 2588 1879 Ruhe zu gehen, deßen ungeacht
1643 1835 2613 1966 aber habe der Anlieber beständig
1626 1914 2697 2068 gelernet, und getroheten Ihne Streith
1641 1986 2549 2129 über ein haußen zu Schießen
1634 2086 2621 2226 auß dieser Ursach seye er depol.
1623 2162 2639 2320 und der unglückliche zu dem Streith
1631 2241 2521 2394 gegangen, und haben sich neben
1624 2333 2476 2476 einander im fußweg gestellet.
2587 2382 2684 2473 Alg
1620 2408 2656 2562 er depl. gewahret, daß der Anlicher¬
1622 2518 2679 2661 eine fanten bey sich habe, habe er ge¬
1620 2583 2685 2765 etrachtet in aller Stille, wo möglich
1607 2672 2643 2820 demselben auf den Leib zu kommen
1618 2780 2606 2910 um ein Unglück zu verhüten, zu
1611 2847 2670 2989 welchem Ender über den Zaun steigen
1624 2954 2631 3090 wollen, und da der Anliker gehört
1585 3015 2584 3187 daß der Zaun sich beleget, habe Er
1600 3108 2670 3264 feur gegeben, und den unglücklicher
1597 3174 2345 3318 hender tod geschoßen.
2470 3241 2611 3339 auf.
1591 3270 2648 3409 dieses erfolgte Unglück seye er auf
1580 3355 2627 3509 den Anliker zugesprungen, habe
2404 3503 2583 3606 suech
