3024 4032
227 334 385 428 278.
329 2354 373 2429 R
430 409 1397 574 Sie haben von bezahlt, und haben so sie
437 496 1384 649 Gelt als die Lümplin Truker, darauf
427 588 1394 751 sie weg gegangen, und eine gute Nach
427 657 1365 795 gebünsche seiner von denen Stein¬
415 751 1378 889 haueren aber, habe wieder zurücken
424 824 1358 965 den Schopf gehen wollen, vorgebend
419 899 1360 1043 sein Ward Sattin zu fohlen, die
392 990 1356 1128 Keller Magd habe das Sublin ge¬
399 1071 1388 1222 rsuchet, und wie sie selbiges nicht finden
401 1153 1350 1296 können, den Steinhauer wegg gewiesen,
397 1221 1305 1351 verdeütend, er suche nur Handel.
386 1309 1364 1450 der Probst habe darauf den Steinhauen
388 1373 1317 1537 bey dem Rot ergriffen und gestoßen
392 1461 1345 1608 daß er vor dem Schopf zu Toden ge¬
376 1536 1342 1686 fallen, welcher darüber sich beklaget
380 1624 1363 1763 und gefraget, wer ihne also verbundet.
476 1713 1344 1849 deß H. von Tatels Knecht, der
384 1777 1337 1934 darzu gekommen, habe die Steinhauer
377 1869 1313 2004 zum Frieden ermahnet, und in der
390 1957 1366 2105 Stille weg gehen geheißen. Selbige
376 2031 1345 2173 seyen auf dieses die Kamit Straaß hinat
370 2115 1311 2227 gegangen, haben wüste Wort zurück
372 2173 1355 2328 geruffen, und alle anwesenden ausge¬
370 2243 1321 2358 eforderet, so daß der probst und der
392 2330 1340 2455 Guggisterger ihnen zuerst nachgefol¬
374 2406 1327 2526 iget, deß H. von Tabels Knecht dann,
367 2486 1309 2627 habe der Keller Schlags ein Scheit ge¬
369 2553 1297 2685 vorderet, mit vordeuten er wolle
370 2637 1283 2789 dieses furst schon geschweigen. Die
374 2720 1317 2861 Keller Mags habe ihme aber keines
367 2809 635 2891 gegeben.
807 2817 1347 2934 Er Inquisit und seine
635 2841 808 2903 .
371 2885 1343 3007 Cammeraden Antheman̄ und Lamberg
382 2946 1266 3105 seyen in der Stille nachgegangen
379 3034 859 3154 biß zu der Scheür.
976 3037 1365 3158 Alwann 10 Schri
380 3097 1330 3249 weiters von ihnen, seye der Grobst un
384 3175 1315 3331 Guggisperger gestanden, und haben
389 3261 1305 3428 mit denen Steinhaueren gezanket,
1082 3380 1315 3490 davon
1396 3225 1584 3353 Hochgelahr
2458 388 2616 490 279.
1570 456 2542 595 Davon einer sich verlauten laßen, der
1586 538 2582 683 erste so sich nähere, wolle er das Meßer
1590 612 2447 759 in leib stoßen, welches paducto seye.
1595 702 2504 822 Indeßen seye der Knecht Cristian
2522 717 2590 825 5
1580 780 2518 922 Menger und H. von Tatels Gärtner
1580 851 2500 986 im Lauff die Straaß hinab gekommen
1580 935 2470 1083 da der Christian aus dem Garn
1584 1018 2515 1153 einen Stehen gerißen, darmit seye
1565 1093 2543 1251 Er und der Gärtner gegen die Stein¬
1571 1180 2526 1322 hauer zugegangen, da dann sie dreÿ
1568 1260 2504 1380 Cammeraden von der Scheür gesehen,
1570 1331 2531 1458 daß der probst auf einen Steinlaues
1571 1405 2568 1555 mit tausten geschlagen, und daß der
1567 1492 2523 1600 Knecht mit dem Zaun Stehen einem
1577 1569 2475 1690 Man̄ einen solchen Streich an den
1562 1639 2523 1793 kagt versetzet, darvon er gelöchlich zu
1569 1702 2616 1844 Boden gefallen; Worauf der Knechts¬
1564 1775 2535 1916 gesagt, zu hast ich dem Theil, du
2196 1855 2578 1970 den Guggi¬
1560 1861 2179 1993 hast dies jezt still
1554 1927 2565 2085 esperger und den Gärtner aber, habe
1564 2020 2441 2134 er keinen Streich geben gesehen.
1551 2093 2452 2210 Die Steinbauer dann, haben bey
1546 2171 2503 2289 Mall Steinen die Straaß hinauf
2023 2249 2568 2364 Nach dieser Schläger
1564 2262 1876 2385 geworffen.
1548 2329 2608 2457 erey, seyen der Knecht, der Gärtners
1557 2421 2525 2540 der Probst und des Guggisterger
1547 2503 2461 2627 zurük gekommen, und wider gegen
1553 2578 2553 2719 das Hauß zugegangen, Er Ingend
1558 2647 2559 2805 seine Cameraden aber, seyen bey
1544 2723 2497 2872 der Scheür stehen geblieben, und
1550 2804 2557 2952 haben zugeschauet, wie die Steinhauer
1556 2877 2562 3028 den am Toden gelegenen Mann auf¬
1557 2961 2506 3127 gehoben; Nach diesem seyen sie
1571 3054 2475 3197 auch kein in ihre Ruh gegangen.
1571 3117 2553 3240 Am Morgen, als sie auf der Arbeit
1587 3184 2572 3375 ewesen, haben sie vernommen, daß der
1553 3252 2559 3421 Steinhauerin Herr Ober vogt Hallers
1564 3336 2585 3498 Matten, in der Nacht von dem empfange¬
1549 3466 2130 3606 nem Streich gestorben
2261 3516 2522 3642 Frag. S.
2585 1242 2614 1357 .
2594 2829 2623 2879 1
