3024 4032
259 190 394 313 12.
251 700 381 857 durch
278 1467 420 1576 Auctis
562 270 1449 483 zweytes Examen.
388 457 1505 629 Mit Niclaus Sprichten
755 600 1108 719 zunzicken
417 674 1578 921 Weilerer vor etwelchen Tagen dem Refflich¬
437 813 1566 980 Knecht verdeütet, daß er in mehrerem
445 899 1530 1067 begehre vernommen zu werden, so seyen
434 985 1538 1154 aus defelche Morgehen zugegen, Meine gnädigen Herren
427 1089 1540 1239 Großweibel und Grichtschreiber, und
413 1194 1563 1346 Ihne anzuhören, solle also offenbaren,
429 1296 1373 1448 was er noch zu bekennen habe?
436 1442 1595 1609 Er seye vormahls so erschrocken und ver¬
427 1564 1544 1698 estockt gewesen, daß er nicht habe an den
418 1659 1483 1798 Tag geben können, auf welche weise er
1482 1727 1533 1764 .
427 1769 1560 1914 von seinem Seit arbeiter dem Stähli zur
431 1872 1535 2006 Untreu verleitet worden, und wie weit
427 1976 1216 2114 ersich hierinn vergriffen.
1228 1982 1571 2095 dißmahl
411 2079 1560 2216 versichere er, daß die Sach sich in wahr¬
419 2191 964 2318 heit also verhalten.
399 2329 1536 2467 Kurz vor Sie nacht habe der Wahl. ihne
408 2416 1561 2550 Inq. zu dem Ochßen auf Münsingen
419 2514 1522 2682 bescheiden, daselbst Sie mit einander
954 2605 1477 2724 wie die die Urth
418 2645 793 2738 getrunken.
400 2711 1498 2859 zahlen wollen, habe der Stahli von
418 2819 1571 2974 denen Stenen Funf däzleren etwelche
404 2941 1559 3091 hervor gezogen, darüber er Inqui. erschroben.
437 3031 1557 3179 und Ihme zugeredet, daß er gezund¬
413 3131 1558 3283 diese Untreu begehe, da doch biß daher
437 3229 1559 3396 alles aufrichtig zugegangen. Darauf
426 3342 1492 3485 hin habe der Stähli ihme 6 stuck
420 3430 1543 3577 zzugeworffen, mit verdeüten, er solle
1677 452 1731 554 .
2766 352 2887 428 123.
1810 407 2818 573 darmit machen, was er wolle, er wolle
1789 548 2880 655 ernemahl die Seinigen versehen. Hierinn
1782 613 2844 733 seye er Ing. leichthung gewesen, indeme
1810 689 2871 817 er diese 6. Dunf dähler gantz unbedacht zu
1796 772 2860 907 handen genommen, und in den Sack ge¬
1783 855 2826 1008 stoßen. Worauf Sie mit einander
1798 985 2250 1096 wegg gegangen.
1804 1062 2876 1192 Einiche Zeit hernach habe dieser Stahl ohne
1790 1159 2817 1273 geheiß, ihme 57. Jettons an der Kreuz
1795 1222 2776 1362 daß in der Mittags Stund- und
1793 1325 2820 1441 etwelche Tage nachwerts, annoch 11. Stuck
1786 1398 2850 1553 zu end deß Mohren gangs gegen der
1798 1514 2798 1639 Münz zugestelt, mit verdeüten, er
1808 1611 2865 1744 solle trachten, daß er solche gegen geprachte
1801 1688 2880 1819 außwechßlen könne, und dann wollen
1796 1788 2860 1921 die selbe mit einander theillen. Auch
1777 1862 2865 1994 hierin habe er ihme leider gefolget, und
2607 1963 2673 2026 lu
1762 1967 2856 2104 diese Anzahl Jettons unter die geprägete
1792 2053 2870 2199 auf dem Spräg Stock gemenget, und dar¬
1780 2164 2831 2287 gegen geprägete genommen, welche die
1786 2251 2859 2396 aber noch nicht mit einander getheilet,
1801 2320 2838 2479 indemme er solche zu hauß in seinem
1789 2418 2864 2575 Schafft verwahret, aufbehalten, an dem
1801 2538 2799 2688 ort, wo er schon vormahls außgesagt.
1791 2613 2855 2762 auf diese weise seye er in dieses Unglück
1786 2722 2859 2860 gekommen, da er doch vorher sich allezeit
1796 2817 2858 2948 tren erzeiget, und deßhalb ein gutes
1786 2887 2311 3029 gewißen habe.
2329 2893 2828 3014 Sonsten er zu vor¬
1792 2984 2875 3131 Anlas genug gehabt hätte, sich in Antreu
1762 3104 2859 3222 zu vergreiften, indemme schon vor etwann
1783 3186 2797 3313 3 Jahren der Hans Moser, welcher
1757 3266 2854 3394 damahl in der Silber Streibi und er
1768 3348 2878 3493 Ing bey dem Spräg Stock gearbeitet, ihme
1762 3456 2887 3591 zugemuhtet, wenn er ihme factor, etwann
