3024 4032
297 355 453 452 4to.
310 462 471 579 Antb.
306 638 424 752 Ie
317 877 394 960 A
314 1216 430 1338 S.
342 1324 417 1404 2.
327 1517 437 1630 Pri¬
308 1641 395 1714 21.
316 1819 418 1957 Fr.
283 1954 377 2060 2.
285 2094 411 2234 Ir
278 2224 389 2312 2.
295 2350 418 2459 fr.
291 2455 373 2553 22.
289 2574 392 2682 In
276 2844 364 2980 A.
272 3170 385 3286 Ir.
494 474 802 582 Keineswegs
489 656 1490 771 Er habe ja so wohl von den Strümpfen als Kappen
492 722 1488 844 getragen, welche ganz unstauber gefunden worden.
472 870 1460 999 der Mann habe nur 3 oder 4. Schaar Strüngl
484 967 1439 1075 getragen, und biße von dem Diebstahl nichts,
487 1044 1450 1154 die übrigen schwarzen Strümpf habe Sie und ihre
497 1121 863 1215 Tochter getragen.
475 1208 1393 1333 Wo Sie diese Waar verborgen gehalten?
480 1340 1381 1442 Auf dem Estrich, in einem unbeschloßenen
497 1405 661 1494 tröglin.
486 1523 1243 1651 Ob der estrich beschloßen gewesen.
460 1618 1442 1736 Ja, Sie habe ihn mit einem Malet schloß be¬
476 1727 700 1831 gschloßen.
465 1825 1207 1964 Wer den Schlüßel darzu gehabt.
457 1913 1442 2078 der Schlüßel lige auf dem Kuche Schäftlin¬
453 2097 1249 2236 Warum Sie die Estrich beschloßen.
439 2226 1248 2337 Weilen sie ihr Holz da verwahret.
448 2310 1389 2468 Er seye ja kein Spohn Holz mehr darauf.
430 2466 1393 2588 Sie habe jetzt herbey führen laßen wollen.
451 2558 1389 2687 Ob der Mann gewußt, daß der Schlüßel
461 2661 1371 2788 auf dem Ruhe Schäftlin gelegen, und ob er
443 2736 1165 2875 auch auf den Estrich gegangen.
423 2870 1425 3006 Sie habe den Schlüßel zwar nicht verborgen
448 2963 1413 3078 aber sie glaube doch nicht, daß er gewußt,
442 3053 958 3178 wo derschellige.
425 3149 1412 3273 Man habe in der Stuben, in ihrem Bett
436 3242 1333 3357 und Schäften, getragene Strümpf und
417 3290 1383 3453 Kappen, auch gantz weiße Kappen in
424 3377 1429 3529 einem Cassellin, wo der Man seine Schrifte
1548 2225 1613 2317 4.
1528 2692 1642 2815 Fr¬
1553 3070 1634 3173 21.
1533 3310 1630 3412 Or
2596 269 2748 368 451.
1656 422 2754 628 verwahret, gefunden, dieses zeigen genug an¬
1658 522 2693 686 daß der Mann an diesem Diebstahl müße
1659 618 2490 800 Antheil haben und Mitthäter seyn.
1664 743 2740 913 Sie versichere, daß ihr mann diesers dieb
1547 858 1619 936 1.
1664 843 2713 1003 stahls gantz unschuldig seyn, und nur keine
1657 963 2253 1101 Wüßenschaft davon habe.
1560 1105 2436 1274 r: Wo Er zu derselben Zeit gewesen.
1676 1248 2689 1390 er sey auf den großen kilch thurn auf die
1551 1320 1618 1399 1.
1666 1379 2089 1484 Wacht gegangen.
1675 1483 2712 1638 ô seye erwahret, daß dieser Diebstahl in dem
1539 1527 1636 1659 Gr.
1667 1563 2763 1695 Moren gang, aus zweyen faß und einer Kisten
1669 1642 2749 1777 die erbrochen worden, geschehen, und daß zugleich
1670 1718 2752 1849 noch von eben dieser gestohlenen Waar an die
1662 1786 2760 1928 Mezger Gaß in ein Ohl. Faß, getragen worden,
1661 1873 2767 2003 welcher also unmöglich durch eine einzele Sperson
1663 1945 2697 2074 habe geschehen können: Solle folglich bekennen.
1666 2054 2452 2181 ber ihr hierinn behülflich geweßen.
1676 2219 2709 2332 Sie habe in den Mören Gang nicht derbrochen
1672 2302 2725 2409 noch entbendet, sonder die Sie schon gesagt,
1669 2396 2689 2496 habe Sie ihre Streif und Kappen, aus einem
1676 2464 2752 2585 vollen offenen daß an der Mezger Gaß genommen,
1663 2535 2225 2673 und dieses allein verrichtet.
1682 2678 2708 2820 da ihr habe bekant seyn sollen. Daß Er hohe
1672 2780 2753 2880 Obrigkeit auf Entdekung diesers Diebstahls Gelt
1679 2861 2739 2983 bieten laßen, warum Sie solchen nicht alsobald
1672 2940 1933 3068 angezeiget.
1662 3109 2779 3225 Sie habe nicht dorffen, weilen Sie von denen Waaren
1660 3182 2093 3327 in dem Haus gehabt.
1672 3336 2773 3471 Sie habe also begreiffen, daß Sie auch einen Zieb¬
1668 3412 2768 3580 stahl begangen, der Straff verdiene, wann er burde
1684 3498 2104 3604 an den Tag kommen.
