3024 4032
328 323 431 442 .
363 458 491 559 Fr.
373 846 504 923 Gor
361 992 477 1138 Gr
368 1190 454 1275 2.
343 1390 451 1497 Ge
352 1488 444 1594 2.
375 1685 472 1807 Pr.
343 1741 392 1814 .
363 1792 442 1887 2.
298 1897 426 2021 Ge¬
315 2288 429 2396 22.
314 2570 456 2691 Ge¬
304 2746 400 2845 A.
311 2877 427 2978 hei
325 3025 424 3117 .
314 3158 435 3266 Fr.
298 3359 401 3457 2
456 1204 513 1290 h
531 434 1505 571 die Magd bey den Mören versichere doch, die d
524 522 1470 649 noch ein anderes Weibsbild, die Sie auch gebreiten
521 600 1503 720 dem Mörengang gestehen zu haben. Sie könne sich lichen
524 648 1477 815 einbilden, daß man dieser Magd billicher aldige
522 734 1062 853 Glauben beymeßen werde.
511 851 1459 951 Diese Magd müße sich geirret, und jemand andere vor
507 919 848 1015 Sie angestehen haben.
523 1005 1466 1137 Ob Sie den nicht gegen 92 Rthr durch bemelten Gan
514 1078 1498 1206 hinaus- und die vordere lauben hin unter gegangen seyn.
515 1207 1484 1298 Stein, Sie seye und dieselbe zeit schon wieder zu Hand
515 1280 694 1357 gewesen.
514 1388 1099 1487 Welchen Weg Sie dann gebraucht.
517 1466 1463 1616 Sie seye beyde mahl die hintere lauben Schadt Seiten
512 1565 1347 1673 heueter, biß zu dem Post Gäßlin gegangen.
515 1655 1291 1806 Wo ihre Tochter zu derselben Zeit gewesen.
503 1794 970 1899 zu Hand bey ihrem kind.
508 1873 1461 2009 die unrichtigkeit ihrer außagen erhält noch beiter
509 1976 1441 2082 daraus, indemme Sie gesagt, Sie habe nur ein haß,
517 2048 1444 2168 so in dem Ehren gestanden, geöffnet, da doch er¬
519 2124 1458 2240 liesten seye, daß noch ein faß, so bey der Regen
501 2204 1284 2313 gestanden, auch offen gefunden worden?
479 2301 1408 2426 Sie betheüre, daß Sie nur an das bemelte daß
505 2416 1429 2493 Hand angelegt, und Waar aus demselben getragen
494 2489 617 2581 habe.
502 2560 1421 2684 ob jemand anders, der ihr bekant, solches gethan
484 2661 613 2739 habe.
482 2750 1028 2868 Sie wüße von niemans nichts
482 2881 1458 2994 Ob Sie nur zweymahl an die Mezger Gaß gegangen,
490 2941 1140 3061 und hernach bey Hausgeblieben seyn.
484 3048 1454 3168 Ja, sie seye hernach nicht mehr aus dem Haus gegangen,
473 3147 1461 3266 Man habe doch, wie ihr schon gesagt worden, eine sparthin
478 3219 1455 3333 Kappen in einem Ohl Fäßlein gefunden, welche Ste
487 3286 1279 3407 vermuhtlich auch werde haben holen wollen?
457 3377 1465 3512 Sie begreiffe nicht, wie die Kappen dorthin gekommen,
455 3444 1445 3588 Sie habe nur in ein Faß getragen, und daßelbige auch
466 3556 887 3637 nacher Hauß gebracht.
2599 407 2726 514 179.
1690 461 2667 569 Weilen sie ein mehrer nicht bekennen wolte, so wurde sie
1710 527 2152 666 wieder an ihr Ort geführt
1687 683 2671 838 Also beschehen durch Meine gnädigen Herren Groß Weibel allein,
1694 781 2667 911 Montags den 19ten Aug. 1765. des Morgend und
1671 874 1848 989 6. Rthr.
2041 1134 2385 1249 3ten Examen
1682 1316 2718 1440 Mit Marianna Wenger der tochter verführt durch
1684 1389 2709 1502 MnGHH. Rahts Herrn Mutach, als verordneten Herrn
1699 1491 2703 1597 Ober Examinatoren, mit zuziehung Meinen gnädigen Herren Herren
1695 1568 2551 1672 Großweibels und Herrn Grichtschreibers.
1951 1666 2496 1773 Praemissa Exhortatione.
1690 1745 2704 1876 Wurde zuerst sein 2 Examen ihme wörtlich verge¬
1693 1858 2545 1967 leßen, und nach dem es solches durchaus bestätiget.
1720 1949 2714 2058 da seine muter ihm den diebstahl von der wösch bekent,
1557 1942 1684 2049 defragt,
1695 2027 2384 2132 ob Sie ihm solchen nicht auch gezeiget.
1569 2089 2704 2241 Antl. Ja, es seyen Engageantes und andern dreiner Zeug gebesten.
1576 2230 2460 2346 fr. zu welcher Zeit Sie ihm solchen groffenbahret.
1579 2324 1634 2411 A.
1695 2328 2666 2436 etwelche tag nach der that, da der Weibel Sie darfür zu
1681 2406 1925 2504 Red gestellt.
1698 2475 2572 2614 Ob es bey diesem diebstahl nicht behülfflich gebeßen.
1568 2520 1659 2611 Dr
1571 2625 1649 2699 A.
1690 2622 1818 2715 Meine
1703 2691 2703 2810 Ob der Sehl. Vatter das Zeug nicht gesehen, da der Muter
1549 2693 1656 2825 S
1705 2785 2588 2892 es auf der Lauben und bey dem Ofen getroveret.
1574 2876 1638 2956 A.
1696 2858 2636 3004 klein, er habe zur selben Zeit an der Matten gearbeitet.
1692 2974 2623 3093 Ob es dan den Vatter und die Muter von diesen Sachen
1562 3000 1672 3100 Ge¬
1690 3060 2114 3177 niemahls reden gehört.
1577 3154 1653 3247 G.
1695 3173 1814 3262 Nein.
1702 3208 2693 3371 Ob die Muter ihm nichts anders gegeben, als Er bekennet.
1564 3252 1657 3343 Fr.
1570 3337 1640 3418 2.
1686 3334 2607 3459 Stein nur 6. Bald Tücher, die sie ihm wieder zuruk
1690 3458 1892 3528 genommen.
