3024 4032
396 422 561 524 372.
588 955 648 1057 S.
664 542 1519 686 Umständen eine ledige Weibs
668 636 1549 772 Persohn einer Schwängerschaft im
671 703 1430 825 Verdacht sich befindt, ihnen zu
659 790 1562 934 veranstalten Pflichtmäßig oblige
674 862 904 967 und zwar
672 944 1535 1076 In Ansehen der Citationen, daß
665 1030 1547 1149 selbige nicht bloß wie in Civil Sachen
658 1103 1497 1218 angelegt werden, und also unter
643 1167 1545 1316 schlechten Ausfluchter die Erscheinung
657 1271 1528 1387 aufgezogen werde, sonderen daß
650 1347 1539 1475 das Ausbleiben mit einer gesezten
639 1411 1512 1545 Straff verhinderet oder aber eine
659 1489 1537 1612 solche weibes Persohn durch einen
652 1565 1527 1700 Officialen ohne Aufschub und Ver¬
637 1646 1510 1772 Zögerung zur Erscheinung abge¬
644 1703 955 1827 sholt werde.
556 1818 634 1929 2.
640 1803 1554 1957 Da die Bekantnuß der Schlangen
575 1905 1470 2023 Erschaft vor dem Richter nicht nur
635 1987 1500 2110 eine Straff nach sich viehet, sonderen
637 2079 1474 2193 auch einer solchen ledigen Weibs¬
609 2134 1497 2257 spersohn an die ehr gehet, und deßt
630 2216 1509 2336 halben die Ablaugnung derselbe
641 2298 1498 2416 in der Merschlichen Natur ganz
617 2383 1458 2497 gegründet sich befindt, dardurch
626 2463 1464 2582 aber eine solche Weibspersohn
621 2541 1452 2653 in einen der Fällen den die
623 2616 1452 2730 Ordnung von 1758. erforderet,
617 2674 1539 2813 gesetzt wird, und folglichen nachbert
621 2772 1478 2882 derselben eine Todes Straff nach
608 2839 1531 2987 sich ziehen kan, daß bey obvermelten
620 2925 1463 3066 Umständen, namlich da sichtbare
614 2999 1502 3135 Vermuttung einer Schwangerschaft
605 3078 1490 3204 vorhanden, man es nicht bloß bey
604 3161 1490 3274 Vorstellungen und Ermahnungen
604 3234 1393 3346 bebenden laße, sonderen die
611 3285 1526 3442 bürkliche Visitation nicht gestehende
609 3386 1493 3531 falls, von sich gehe, um so da mehr
2086 497 2127 541 .
2658 518 2796 612 373
1805 630 2724 743 daß nicht die Divitation ehrrührig
1813 707 2767 814 als welche, wan die Persohn unschuldig,
1810 783 2735 888 dieselbe des Verdachts entlediget, sonderen
1811 859 2741 951 vielmehr die Citation die doch in der
1815 932 2658 1049 Competentz der Ehrbarkeit stehet.
1751 1070 2703 1202 3. Denn und endlichen, daß eine ledige
1799 1169 2760 1276 Weibs Persohn, die ihre Schwängerschaft
1805 1243 2785 1351 dem richter bekent, so wohl als auch die
1805 1313 2718 1445 so noch in verdächtigen Umständen
1801 1397 2744 1510 sich befinden mag, denemennigen zur
1801 1467 2748 1584 Verantwortung Richterlich übergeben
1799 1546 2738 1652 werde, denen sie zu versprechen und
1800 1613 2716 1740 Ofsorg zu halten, zukommen wird.
1798 1684 2706 1810 Wie nun nicht zeit gewesen diesen
1792 1741 2773 1847 Anzug heüte zu behandlen, als werdet
1784 1825 2645 1944 Ihr Mein Hochgeacht Gnädiger
1802 1879 2757 2021 Herr Schultheiß hiermit freundlichst
1798 1964 2741 2079 ersucht, denselben auf eine andere
1772 2036 2758 2171 zeit vor Meine gnädigerren und Oberen in die
1787 2118 2730 2231 gewohnte Anfrag kommen zu laßen.
1794 2181 2673 2329 Actum coram 200. den 2ten May
1781 2278 1971 2407 1763.
1948 2346 2763 2471 Signiert Grichtschreiberey Bern
