3024 4032
294 383 458 505 398.
306 455 459 609 Rutti
314 1200 473 1344 Jung
331 1527 478 1634 Ctb.
352 1751 417 1836 .
366 1965 449 2091 3.
345 2276 471 2413 Jung
326 2559 486 2693 Antb
336 2955 481 3095 Frag
314 3304 469 3444 Gutb
515 463 1470 669 die gestühre wohl, daß sie hierin gesehen
510 559 1439 720 bätte eine Hohe Oberkeit um gnädige
509 630 1431 803 Verhandlung. Wann sie gegrenbet
495 708 1433 875 daß darauß ein so groß angliche
509 795 1443 931 entstehen solte, burde sie sicherlich den
494 879 1437 1021 Keller beschloßen haben, welches sie ver¬
499 965 1475 1140 spreche, in das könftige genau zu beobache
499 1058 1462 1203 sten, wie es auch ihres Herrn Willen seye,
516 1186 1451 1370 dorum sie alle diese Umstand bey ihre
497 1291 1454 1461 ersten verhör verhählet, und nicht so gleich
496 1371 694 1477 bekennet.
503 1529 1406 1682 diesere allzu bestürzt gewesen, und seye
498 1616 1410 1766 Ihr damal übel worden, so daß sie sich
500 1690 1425 1818 nicht an alles errinneren mögen, bätte
494 1776 1369 1915 demütigst um gnädige Verziehung.
496 1986 582 2085 37
499 2028 1459 2190 Sabeli Leemann der Keller Mag.
508 2122 692 2249 tochter.
497 2274 1442 2434 Ob Er dermahlen nicht bekennen müße,
497 2373 1431 2529 daß der Christian Wenger auf bey
487 2455 1303 2600 dem bekanten Streit gewesen.
506 2591 1423 2742 ls habe den Christian vor und nach der
501 2691 1427 2843 Schlägerey in dem Schopff gesehen, da
497 2765 1441 2885 Es getrunken, ob er aber bey der Schu¬
494 2849 1452 2998 geren selbst gewesen, seye ihm unbehalten
508 2979 1353 3131 Ob er nicht gehört, daß nach der
491 3058 1447 3216 Schlegeren seine Muter, den Christen
497 3138 1392 3300 und den Strobst gefraget, ob sie nicht
487 3213 889 3361 vertraget seyen.
508 3327 1245 3509 Nein, das habe er nicht gehört.
2598 288 2782 403 299.
1674 430 2781 640 Ob Er nicht gesehen, ber den Steinhauer
1503 555 1671 697 Jrag
1681 520 2712 716 so vor dem Streit wider zurück in den
1662 619 2676 818 Schopff gekommen, um seine Sachlin zu
1664 704 2757 891 hohlen, einen Streich gegeben, darvon Er
1676 836 2205 984 zu Boden gefallen.
1680 955 2734 1135 ed habe den Steinhauer umfallen gesehen,
1492 1041 1643 1143 Antb.
1673 1049 2734 1231 biße aber nicht, bei ihm den Streich ge¬
1662 1125 2696 1314 geben, glaube, ed seye der Sprobst
1670 1205 2762 1394 gewesen, welcher nahe bey ihm gestanden.
1685 1344 2725 1516 Ob es nicht biße, ber dem Christian
1525 1426 1657 1546 frag
1676 1449 2760 1609 den tod deß Steinhauerd zu erst hinter¬
1670 1578 1857 1714 bracht.
1676 1719 2112 1856 das biße Er nicht
1518 1715 1642 1837 etb.
1509 1822 2524 2007 frag von bei Er dann dieses gebüßt.
1677 1981 2677 2160 ) seye so gleich ruchtbar worden, und
1511 2031 1642 2134 Antb.
1669 2087 2293 2210 ein Carmen entstanden
1527 2240 1656 2384 Jung
1683 2216 2719 2378 Wie Er in seiner ersten Verhör so frech
1658 2332 2752 2458 vorgeben dorffen, Es wiße nichts von dem
1668 2417 2737 2551 Christian, noch daß er bey diesem Streit
1659 2501 2656 2634 gewesen, da doch verlaute, es ing
1667 2581 2751 2702 nebst noch einer Magd, und der Gärt¬
1665 2660 2699 2801 ner haben den Christian auf seiner
1670 2726 2603 2847 flucht begleitet, Kleider und ein
1661 2802 2747 2962 Waadt Sachenach getragen, oder ob diß
1677 2883 2090 3006 nicht bahr seye.
1526 2990 1669 3122 Antb.
1684 3016 2698 3186 Ja, das könne er nicht abseyn. Es habe
1678 3115 2669 3268 dem Christian einen Staadtet, und
1672 3187 2639 3348 das Meitlin ein Kleid biß meden
1683 3266 2754 3468 Bremgarten getragen, wo der Christi¬
1676 3348 2712 3502 an seinen Roth auß- und den blauen
1685 3455 2763 3629 angezogen, daselbst haben sie den Christian
2336 3566 2687 3704 verlaßen etc.
