3024 4032
219 210 322 303 86.
409 274 1431 490 auf den Abend übel worden, und
388 407 1421 599 Ihns eine frost ergriffen, am
402 515 1433 686 Montag darauf, wie es am Mor¬
398 619 1424 808 gehabet, habe er Nach mit tag
401 714 1398 898 das hiebey verspühret, so daß er
394 839 1409 1016 ein paar Stund bis ain Aben
393 931 1318 1095 auf das Rath sich geleget.
396 1047 1438 1255 Am diensttag habe es den gant
384 1161 1424 1317 tag gehabet, und allezeit größe
387 1272 1403 1422 gehabt, am Mitwochen habe
379 1375 1361 1538 Es gleichfalls auf dem Feld
385 1479 1394 1629 gearbeitet, und am Abend
386 1612 1370 1778 ein Starkes hieber gehabt, so
375 1702 1398 1879 daß Er bey Zeiten zu Rath ge¬
375 1824 1367 1976 gangen. Am donstag auf
361 1925 1370 2085 den Abend habe das hieber Ihne
370 2036 1409 2209 widerum ergriffen, da dann der
366 2163 1323 2300 Meister ihm ein Trunk in
370 2253 1391 2399 einem Wein glaß zu dem
361 2367 1365 2514 Rath gebracht, verdeütend,
364 2475 1383 2630 Es solle solches trieben, so werde
357 2576 1396 2743 das hieber vergehen, und Ihns
352 2697 1064 2853 nicht mehr Schüten.
339 2798 1417 2963 Nachdeme es dieses getrunken,
349 2919 1423 3085 habe Er darauf wohl geschlaffen,
345 3019 1408 3190 und kein hieber mehr verspührt,
343 3149 1391 3298 Am Freytag habe der Meister
327 3256 1393 3410 Ihns nicht hinauß gehen laßen
345 3362 1393 3504 wollen, sonder Er in der Stuben
343 3452 1398 3620 wollen zubarten geheißen, wor¬
1172 3588 1330 3672 mit
2719 -89 2818 68 9
1658 62 2832 432 ende gen der in ein
1653 195 2806 552 ge nach dieser
1643 234 2815 617 sie einen seinen geben
1642 357 2837 715 sens eine die er seine
1660 443 2838 758 über Es gesunfftzet, darvon der Meister
1647 522 2852 861 erbachet, und nach 9. Uhren zu seinem
1642 617 2823 956 aeten der eingen
1651 711 2833 986 ands wehe, das Kind seye nicht außge¬
2088 828 2817 1021 Bey einer Stund Her¬
1641 988 1932 1121 tragen.
1657 921 2837 1168 nach zwischen 10. und 11. Uhren haben
1654 1023 2841 1248 die Kindsschmerzen zu genommen,
1646 1094 2840 1336 so daß es Kindes gewesen, darinnen
1647 1210 2746 1425 sein Meister Ihm bey gestanden
1645 1261 2828 1496 und zu gleich geholffen, seine Leibs¬
1621 1372 2786 1583 frucht hinrichten, und um das
2374 1487 2755 1616 Welche Er
1643 1518 2355 1656 leben bringen.
1630 1591 2820 1767 also mißhandlet biß am Montag
1629 1690 2785 1862 Morgend in seinem Reth ligen
1633 1796 2783 1962 laßen, da dann der Meister Ihn
1635 1905 2837 2061 geheißen selbige in dem Garten
1635 2003 2800 2166 zuvergraben, Es Ing. aber habe
1645 2098 2768 2267 Anstat deßen das Kind in eine
1629 2226 2841 2395 Melchteren geleget, in den Keller
1629 2339 2814 2487 gethan, und mit einem Zucke
1628 2426 2838 2602 zu gedeket, wie es gefunden worden,
1629 2537 2849 2711 worauf Er sich auch das Feld zu haben
1627 2609 2829 2834 begeben, ain dienstag habe
1617 2713 2849 2935 Es auch außenher gearbeitet, und
1620 2801 2853 3066 am Mitwochen etwann um 10. Uhren
1611 2907 2845 3173 vormittag, seyen der Freyweibel
1610 3027 2830 3279 Brügger, Aman̄ Kräbs, Barbara
1622 3144 2834 3400 Kräbs und Barbara Wichterman̄
1625 3236 2858 3510 von Gelterfingen, zu Ihm auf das
1599 3354 2854 3637 feld gekommen, wo es gehabet, und
1602 3445 2854 3765 haben es mit sich in deß Meisters
2575 3755 2835 3870 Hauß
