3024 4032
2478 370 2615 464 257.
1508 434 2577 625 Information und Procedur
1747 546 2127 665 und Anlaß
1532 622 2570 757 daß den 22. Herbstmonats 1762. am
1531 721 2526 848 Abend in der Könit Straaß, ohn beit
1524 794 2460 904 dem Oberen Stadt Thor, in einer
1522 873 2553 1003 Schlägerey tödtlich verwundten, und et¬
1518 952 2412 1091 welche Stund hernach verstorbenen
1521 1027 2586 1153 Samuel Burgis von Biglen, und deß
1514 1110 2560 1250 dieses Todschlage gerächtigen Christian
1511 1189 2530 1310 Wengers von Wattenweil, welcher die
1542 1262 2577 1403 flucht ergriffen; Aufgenommen und
1521 1341 2565 1489 verführt aus besonderen hohen Befehlen
1518 1432 2096 1577 einen gnädige Herrn Räthen.
1780 1628 2179 1781 Vorbericht
1489 1750 1577 1913 .
1528 1800 2538 1955 Auf erhaltene Nachricht, daß gestern
1514 1920 2486 2032 Abreicht in der König Straaß bey
1529 1990 2493 2116 Herrn von Favels Hauß eine solche
1527 2059 2485 2214 Schlägerey vorgegangen, darbey der
1502 2136 2580 2250 Steinhauer Samuel Burgs Haußmann
1528 2187 2550 2359 in Herrn Obervogt Hallers Matten
1523 2286 2593 2417 so übel geschlagen worden, daß er in der
1524 2339 2590 2484 Nacht davon gestorben haben aus Befehrt
1517 2413 2430 2564 Meine gnädigen Herrn den Räthen Mitter Her
1520 2487 2601 2600 Vice Groß Weibel Gottlich von Watten
1516 2568 2566 2721 byl, und Herr Vice Gricht Schreiber
1530 2649 2511 2785 Ludwig Ougsburger, mit Zuziehung
1516 2713 2605 2862 Herrn Statt Phisici Hertzogs, und Herrn
1524 2808 2544 2944 Operatoren Kuhns, sich so gleich zu dem
1525 2892 2548 3018 verstorbenen begeben, welcher in seiner
1522 2958 2608 3095 Wolnstuben auf einem Roll Reth, auf dem
1523 3031 2554 3173 Ruken ausgestrettligend, angetroffen
1539 3117 2569 3269 worden, und der noch ein Leiblin, Hohen
1527 3206 2573 3339 und Strimpf am Leib truge. Diesen
1528 3254 2592 3425 unglüklichen Leichnaten haben bedeute
1533 3348 2555 3494 Herren Experti alsobald examinirt und
2287 3436 2532 3550 Secirt etc.
