3024 4032
337 1544 454 1656 Fr.
292 1992 460 2079 Antb.
316 2252 433 2366 Fri
329 2425 417 2514 A.
298 2808 422 2932 Fr.
296 3015 392 3105 27.
277 3145 407 3261 Fri
281 3366 415 3480 A
335 352 489 443 442.
339 477 486 578 Antb.
535 480 1484 629 sein Stief Vatter habe allheit im Müßiggang
530 573 1477 688 gelebet, und dennoch habe er an guter Schmid und
533 638 1471 772 Trank keinen Mangel leiden wollen, welches
528 700 1447 839 seine Elteren ohne Zweifel werde veran¬
520 803 1450 917 laßet haben, sich mit Stählen zu vergeßen,
540 874 1474 1009 was ihm bekant seye, wolle es gantz aufrich¬
521 968 1416 1067 etig offenbaren: Und zwar habe seine
525 1039 1407 1143 Muter ihm bekennet, Sie habe der Frau
527 1117 1422 1220 Haubtmann von Wettenweil ihre Wösch
534 1193 1472 1304 entwendet, worauf es Sie ermahnet, solche wieder
533 1273 1449 1362 an ihr Ort zu tragen. Sie aber habe es nicht
525 1336 1408 1455 thun dorffen, aus forcht Sie möchte gestehen
514 1418 1446 1542 werden, das seye alles, was ihm in Wüßen,
518 1564 1407 1684 Es seye über seine elteren ein weit mehreres
509 1630 1449 1747 geklaget und angezeigt, auch noch viele andere
510 1708 1471 1826 verdächtige Sachen hinter Ihnen gefunden worden,
504 1798 1446 1913 solle also rund herstagen, ward ihm davon weiters
516 1869 783 1964 bekant seyen.
512 1982 1447 2109 Es habe Strümpf gewahret, die, wie es glaube,
504 2083 1463 2192 auch gestohlen worden, und sonst büße es nichts
509 2176 629 2249 mehr.
502 2256 1380 2361 Ob ihm nicht bekant, auf welche Weis sie
504 2330 1073 2455 diese diebstähl verubet.
496 2422 1424 2518 Es wüße es nicht, vermuhte aber, daß Sie
483 2488 1418 2612 solche Diebs Christe am Abend begangen,
492 2581 1419 2696 da der Vatter sich auf die Wacht begeben
490 2628 1488 2783 und die Muter meistens mit ihme von Gautsch
485 2758 751 2851 gegebergen.
497 2819 1436 2928 Ob Er nicht gewahret, daß zu diesen dieb¬
481 2907 1457 3033 stahlen, Ihnen noch jemand behülflich gebesten
482 3005 632 3109 Nein.
479 3147 1439 3278 Mit welchen Leuten Sie am meisten Umgang
483 3245 662 3339 gehabt.
474 3330 1483 3516 Mit dem Meste Gryff dem ruffenden Mächte
1555 829 1654 941 shr.
1553 1004 1611 1078 A.
1542 1157 1657 1272 Ge¬
1548 1378 1627 1467 A.
1540 1769 1640 1869 Fr:
1550 1975 1628 2094 A.
1545 2137 1651 2232 De
1572 2409 1633 2512 4.
1550 2676 1645 2787 S
1553 2897 1635 2998 A.
1539 3058 1639 3147 Je
1549 3189 1632 3289 A.
2534 423 2670 516 143
2592 521 2666 578 bey
1681 518 2664 623 und dem Mstr. Mader dem Schumacher, und de
1672 577 2647 698 Mstr Haag an der Matten, habe der vatter
1660 661 1932 798 gearbeitet.
1663 825 2648 940 Wo Sie mit denen gestohlenen Sachen hingekommen.
1679 986 2612 1096 das wiße es nicht, Sie haben selbe verborgen.
1686 1128 2666 1234 Ob ihm nicht bekant seye, wo Sie einter oder ande¬
1673 1218 2390 1334 eres hingetragen und verkauffet?
1684 1345 2608 1485 es glaube, es werde noch im Haus seyn, es seye
1682 1439 2685 1545 ihm lediglich in wißen, daß die Muter der Frau¬
1682 1522 2619 1599 Becklin der pfisterin am Stalden ein Chur tuch
1679 1595 1916 1722 verkauffet,
1681 1724 2657 1837 Ob es ihnen nicht auch geholffen, es seye mit her¬
1675 1811 2425 1934 beytragen oder mit verkauffen?
1672 1970 2089 2056 Stein, keineswegs.
1688 2106 2615 2229 3b ad sich nicht geachtet, daß sein Stief Vatter
1677 2182 2645 2289 oder die Muter zu Zeiten haußrächtliche Sachen
1663 2249 2667 2391 Lambaus oder Kleidung aus dem Hauß zum Ver¬
2229 2347 2289 2445 1
1679 2350 2128 2473 kauff getragen s
1664 2449 2621 2610 Es wüße wohl, daß Sie zu etwelchen Mahlen
1682 2518 2602 2654 von ihrem eigenen Leinbans verkauft habe.
1691 2639 2673 2765 Ob es sich selbst nicht auch auf eine diebische Art
1683 2756 1935 2852 vergriffen.
1681 2887 2145 3019 Im geringsten nicht.
1669 3008 2670 3178 Ob er sich allzeit bey seiner Muter aufgehalten.
1681 3157 2591 3335 ô habe außert dem Haus ein Jahr nähen
1655 3249 2642 3392 gelehret, und nochberts habe es bey einem Jahr
1678 3318 2662 3462 bey Herrn Obrist Tscharner an der Juden Gaß
