3024 4032
253 263 393 361 190.
683 246 865 377 Peter
431 339 1395 541 Und habe jemand in seinem Tei
418 466 1413 644 gehört, weßhalber er nochmals auf¬
408 551 1369 703 gestanden, und dahin gegangen
405 646 1359 795 dadann er deß Anleiters Steib¬
416 727 1400 888 welche ein stücklin Radt uns eine
409 812 1384 980 Jupen unter den Armen gehabt,
398 889 1385 1072 angetroffen, die so gleich an Ihne
392 965 1369 1140 Sepl. gefallen und Ihne ersucht
403 1080 1379 1241 Ihra doch Ruehe und Sicherheit von
383 1176 1243 1316 ihrem Mann zu verschaffen.
386 1252 1397 1427 Auß Erbaren und Mitleiden habe
373 1362 1346 1504 er selbe mit sich in seine Stuben
377 1429 1401 1588 genommen, und wahrend der kleinen
370 1522 1354 1695 Zeit, als die sich da befunden, seye
356 1615 1395 1777 der Anlicker etwelche Mahl vor seine
363 1697 1340 1857 deß Depl. Stuben Fenster gekommen,
364 1802 1353 1951 und habe hefftig geschrauen, deßent¬
353 1891 1395 2042 wegen die Anleiber Ihne das ersucht
352 1989 1352 2144 keute auß der Sachbarschafft herbey
325 2059 1351 2217 zu holen, welches er auch gethan, und
335 2169 1251 2311 Neye alsobald zu dem Bendicht
322 2262 1308 2412 Müller gegangen, mit welchem er
323 2353 1291 2486 sich zu dem unglücklichen hender
329 2440 1291 2588 verfüeget, und Ihne auß seiner
317 2529 800 2667 Suche genommen.
1013 2527 1230 2652 Mem. Sie
320 2619 1263 2757 alle Frey zu dem Thurli beÿ der
312 2707 1238 2835 Gaß gekommen, haben die zwey
311 2781 1336 2933 Hulffs Manner Ihne vorauß gegen
316 2875 1315 3018 Das Hans geschickt, mit verdeüten
301 2970 1283 3098 die wollen da warten, und auf des
298 3055 1180 3187 Anlikers wort achtung geben
305 3159 1256 3299 Als er depl. hierauf gegen das
292 3233 1283 3370 Hauß gekommen, habe der Anleiber
298 3335 1218 3470 von dem erken deß hauses hinab
1000 3452 1291 3563 geschreyen
2613 376 2741 498 191.
2017 363 2324 482 Anlicher.
1652 480 2697 635 Geschreyen. Wer das worauf er Depl.
1666 578 2672 708 ihne nochmals zum frieden vermahnet.
1658 672 2700 785 deßen ungeacht aber der Anleiber nichts
1665 740 2670 872 desto weniger fort gefahren, und drey
1656 814 2584 951 Mahl gedrohet, Ihne depl. über ein
1653 906 2673 1031 hauffen zu Schießen, worauf er denen
1652 986 2655 1114 hellffs Männeren zugeruffen und
1667 1076 2625 1192 Die ersucht, den Anlüber zu faßen.
1658 1153 2640 1273 Nachdemme dieselben durch den Fuß bey
1656 1220 2682 1354 gegen die Sitte des Hauses gekommen,
1656 1297 2668 1415 haben die sich alle drey neben einander
1664 1377 2616 1511 in bedeütem Fußweglin also postert
1642 1459 2601 1595 daß er depl. der nächste am hauß
1655 1536 2632 1660 der unglückliche neben ihme in der
1652 1605 2614 1739 Medte im Kreich fußweg- und der
1649 1689 2587 1805 dendicht Müller der Äußerste
1646 1756 2325 1884 u hußweg gestanden.
2477 1764 2590 1851 der
1646 1832 2612 1946 Aulicker aber seye zu dieser Zeit
1646 1900 2652 2029 oben am Eben deß Hauses ohngefurd
1614 1978 2644 2118 zehen schritt weit von Ihnen gewesen
1623 2055 2658 2190 zu verschiedenen Mahlen stagend, wann
1634 2135 2603 2236 Sie ihme auf den Leib kommen, wolle
1638 2217 2591 2348 er die alle drey über ein kauffen
1620 2291 2677 2418 Schießen, damit aber kein Unglük
1627 2373 2661 2491 wiederfahren, habe der Bendicht Müller
1625 2465 2578 2581 in aller Stille über den Zaun gehen
1624 2535 2557 2657 und wo möglich den Anleiter faßen
1627 2613 2572 2716 wollen, als er aber mit einem
1624 2684 2580 2822 dem über bedeüten, ob dem Fuß bey
1610 2766 2608 2902 sich befindlichen Zaun geschritten,
1622 2847 2613 2980 und der hann sich ein wenig beweget
1613 2925 2568 3058 habe der Anlicher sogleich einen
1612 3009 2595 3125 flinten Schuß loßgebrannt, und den
1621 3084 2559 3212 unglücklichen Hernder also geschoßen
1605 3160 2604 3283 daß er darvon plötlich neben ihme
1607 3242 2530 3343 Depl. vorwerts auf das angesicht
1626 3326 2595 3473 vor gefallen, worauf der Müller
2408 3416 2550 3540 und
