3024 4032
342 317 504 403 488.
380 462 541 562 Aell.
551 423 1510 609 desigen eben der Schler auch einem Landten gestanden
543 536 1433 653 und habe solche von außen heraus genommen,
538 653 1381 790 Solle weiters angeben, das Sie gestohlen.
358 672 504 800 hr.
530 779 1264 912 Es seye ihr nichts mehr in bißen
361 796 472 889 2.
548 908 1468 1034 Ob Sie noch laugnen dörffe, daß Sie bey der
372 931 506 1046 Fr.
525 995 1066 1112 Kronen nichts entwendet.
533 1091 1492 1207 Sie habe unter im Hoof ein Wösch Seil ab einer
357 1106 470 1206 .
535 1170 1456 1274 Gütte genommen, und dem Sternen Wihrt um
529 1234 1479 1346 2. ihr verkauffet, die stegen hinauf, und in
539 1315 1463 1448 dem Hand aber, seyn Sie sint langen Jahren
548 1405 844 1503 nicht gewesen.
337 1519 478 1621 Fr.
527 1536 1441 1637 der Kronen wihrt klage doch, neben dem
528 1605 1472 1728 Wösch seil, noch einen selbernen Kerzen Stat¬
541 1675 1091 1798 und ein Reiß Mantel.
346 1819 448 1910 2.
518 1810 944 1935 Wiße nichts davon
346 1913 1458 2067 Fr. Die Kohin bey Ihr. Haubtman Ich herner
514 2029 1475 2125 habe ein ehrenen Mörstel, und ein kupfe aus
520 2098 1004 2215 der Kuche verlohren.
340 2193 450 2303 A.
514 2194 1463 2330 den Mörstel habe Sie genommen, und den
507 2296 1483 2413 Roht Gießer Gerber verkauffet, des Richts
500 2391 1237 2500 halber aber seye sie unschuldig.
328 2496 459 2622 Fr.
501 2492 1452 2618 jahr. Gerrin klage, neben dem bekennten
512 2587 1485 2718 furtuch noch zu vermißen 5 lb Roß ja
507 2669 1282 2800 3. Ell Költsch und greine Rubans.
325 2780 423 2875 2.
501 2789 1449 2904 habe außert dem Fürtuch ihr nichts mehr
503 2873 778 2969 entwendet.
506 2972 1470 3115 der Land wichet Lauffer vermiße, 3. Jud.
336 2982 462 3111 Fr.
501 3055 1478 3198 Mantel, 2. Bruech, 3. zimmernn Blatten der
497 3110 1496 3284 Steller mit E. G. Gleichelen mit I. R. W.
498 3205 1478 3351 etwelche gelben Rechten Stot und ein solitire
485 3319 884 3431 Köffel mit d. V.
1554 2641 1623 2763 4.
1550 2996 1640 3112 In
1545 3336 1629 3453 .
1573 513 1654 615 M.
1580 879 1680 998 hr.
1575 1097 1641 1176 A.
1568 1197 1665 1314 I
1571 1377 1651 1478 4.
1563 1628 1662 1764 S
1571 2102 1637 2182 .
1553 2236 1641 2333 I
2674 279 2810 371 189.
1708 418 2800 580 Bestehe ein Band-Hein und 3. Steller, einsten, da
1681 501 2713 669 Sie mit dem Mann gebadet, weggetragen zu
1688 547 2791 738 haben. Die Tochter habe das Heind eingepakt,
1695 635 2730 796 glaubend, es seye das ihrige. Der übrigen
1678 735 2425 851 Sachen halber seyn Sie unschuldig.
1702 835 2768 973 b seyen ja zwey Zwährlin mit gleichem Zeichen
1700 942 2008 1050 bey der Stell
1696 1039 2527 1194 Sie habe die Zwähelin von ihrer muter
1690 1142 2776 1286 der Rudolf Ottlicher Stadt Wächter habe 2.
1682 1241 2408 1378 Jahbett-ziehen verlohren.
1687 1331 2787 1456 dekenne, daß Sie selbe lezten Winter ab einer
1678 1394 2752 1522 Stangen entwendet und des Kutschner Lorid
1682 1472 2800 1631 Weib, biße nicht mehr, und die viel verkauft.
1704 1612 2815 1712 der Sternen Wihrt Groß habe an seiner ferndrigen
1678 1683 2717 1797 Wösch vor Martis Tag, ab der Litzi 6. neue
1689 1759 2709 1853 Heider verlohren, da nun Sie an der Wösch
1690 1828 2797 1930 geholffen, und herausgekommen, daß Sie Mand¬
1694 1903 2816 2009 Heider verkauft, so werden Sie diesen Diebstahl
1699 1974 2229 2083 auch wohl begangen haben.
1685 2117 2427 2221 Sie seye deßen ganz unschuldig.
1700 2201 2800 2334 Frau Rüetschi am Stalden vernüße verschieden
1684 2297 2788 2377 Sachen als 1. Stok mit Silber beschlagen, 1. Thue
1687 2366 2776 2485 kändtli und kurzes Wösch-seil in paar selberne
1672 2437 2809 2541 Schellinggen, 1. Haldtuch von Mousseline, 1. seidenes
1675 2490 2801 2607 Rand-Gelt tuch 9. vendomes 1. Cassee - kenne
1682 2570 2052 2671 von 5. Mand
1677 2666 2764 2851 Sie habe von dieser Sachen nur das Wösch Seil,
1689 2767 2738 2909 und die Cassie, könne, die Sie ihr geliehen.
1679 2852 2748 2991 das Wösten Seil habe Sie der Hofrl. des Aubert.
1687 2910 1908 3039 verkauft.
1670 3012 2707 3184 Mstr. Durch der Nagler habe ab der Lizi¬
1685 3113 2767 3239 beym unteren thor verlohren, 2. große Beth¬
1689 3183 2767 3332 ziehen von Spiegel - und gestrichtetem Költsch,
1694 3241 2400 3405 und 2. Haupt-Kuß Ziehen.
1683 3363 2768 3545 Sie bekenne auch diesen Diebstahl, nemlich zwey
1684 3446 2555 3585 Beth ziehen, und nur 1. Hauptbuß ziehen.
