3024 4032
371 438 546 548 388.
436 2671 507 2751 4.
554 544 1546 691 Mit seinem Sohn als dass gekommen
569 646 1517 775 und das todte Mensch zur seine
574 718 1091 827 Ttochter erkennet,
1105 743 1527 870 Inbühren
567 792 1401 924 der Nacht haben sie unter
562 882 1497 1008 beschloßen, dem Jacob Wäber
550 955 1494 1098 Knecht bey Weibel Schorn zu
557 1035 1492 1156 Steinis weg, als des entleibten
544 1113 1533 1280 Mantschlis verlobter Beschen zu
552 1200 1549 1350 schiken, und ihne abzuholen, welches
541 1277 1493 1413 sein Bruder Peter Lobstiger,
565 1354 1533 1512 nebst dem Christen Bitschen von
550 1432 1540 1593 Herrenschwanden ganz glüklich
554 1511 1452 1638 verrichtet, und dem Jacob
547 1591 1539 1731 Wäber mit ihnen daher gebracht,
534 1671 1515 1797 Er Des aber seye am Morgen frage
554 1749 1505 1878 mit Christen Mitstehn des Mentschlic
541 1826 1492 1927 Vatter in die Stadt gekommen, um
557 1903 1447 2021 die Sache Meine gnädigen Herren Groß Weibel
536 1985 1510 2108 gebührend anzuzeigen; Seye alles,
542 2066 1520 2202 was er über diese leidige Hergangen,
527 2144 1108 2270 sheit in bußen habe.
594 2261 1369 2365 endete hiemit seine Außag
614 2342 1329 2474 abgelesen und bestäthiget.
544 2646 1494 2793 Peter Lobstiger von Nider Lindach
533 2735 1343 2865 des nächst obstehenden Bruder.
517 2886 1477 3010 sagt and. Gestern, Montags den
529 2962 1502 3096 26. Obris bischen 4. und 3. Rthr
532 3036 1466 3202 Abends, seye Hans Zeygerthe
514 3136 1475 3284 seinem Stand gekommen, habe ihme
528 3211 1470 3324 eröffnet, Er habe im Schlikofen
508 3288 1452 3437 Holz ein solter Mensch gefunden.
508 3343 1501 3476 darauf sie es noch denen anderen Nacht
2666 423 2849 529 389.
1772 576 2789 740 bauren, als dem Adam Salisperger
1762 701 2752 835 und Bendicht Stampf zu büßen
1758 735 2850 946 gethan, da sie dann nach und nach all¬
1773 853 2792 993 samtlich zu dem todten Corper
1774 885 2830 1081 in Wald gegangen, Nun wie die
1771 986 2780 1175 Frag gewesen wer diß Mensch
1755 1087 2697 1240 seye. Er depl. und noch ein
1768 1162 2735 1288 anderer, nachdemme Sie es genau
1761 1220 2827 1366 beschauet, haben geargwohnet, es seye
1760 1305 2763 1439 des Christen Witsthis im Graben
1761 1374 2756 1544 Tochter, und setzen darinn besteiffet
1745 1433 2810 1584 worden, als sie an denen Kleide,
1747 1529 2728 1674 eren den Nahmen A. und H.
2199 1613 2803 1752 darauf seye er nebst
1762 1633 2194 1746 bemerket.
1762 1695 2761 1834 dem Hans Joygart in Graben
1746 1789 2704 1916 geschikt worden, den Christen
1764 1855 2770 1966 Witstehe deßen zu berichten und
1754 1932 2814 2051 abzuholen, welcher auch samt seinem
1749 2023 2805 2150 Sohn alsobald daher gekommen, und
1747 2094 2806 2221 das tochte Mentsch für seine tochter
1741 2169 2821 2291 Anna Witschi erkennet. Hernach
1735 2243 2804 2362 habe man noch den Chor Richter
1726 2307 2789 2432 zu Herrenschwanden bescheiden,
1744 2381 2810 2524 und nachdeme man also die ganze
1716 2452 2723 2606 Nacht bey dem Stadten Cörper
1732 2527 2822 2656 zugebracht, habe man das Morgen
1727 2604 2762 2749 bey Zeiten auf dern geschikt,
1742 2676 2773 2827 umd die Sach Meine gnädigen Herren Groß¬
1720 2733 2788 2919 weibel anzutrigen, In während
1726 2832 2753 2991 der Nacht aber da man darvon
1718 2906 2769 3091 gesprochen, bey etwann eine solche
1718 2998 2806 3171 grausamme That möchte begangen
1706 3072 2813 3250 haben, und der Argwohn auf Jacob
1720 3161 2796 3337 Waber des Mentschles hochteiter
1717 3218 2768 3394 gefallen, habe man in der Nacht
1715 3302 2720 3471 ihne Deponent samt Christen
1700 3371 2745 3571 Witschi von Herrenschwanden zu
2434 3522 2803 3681 Weibel
