3024 4032
291 317 425 393 232.
443 394 1386 562 Sonnerstag den 21ten Septembris zu
442 492 1413 650 Nachts um 9. Ahren, als er von des
445 566 1408 723 Kramers Haus heim vor ihr Haus¬
447 635 1389 782 kommen, habe er stehen wollen, ob
445 718 1409 879 der Knecht gefuteret, den Botten
439 795 1405 946 offen, die Thür aber zugestoßen
435 878 1380 1023 befunden; da er solche eröfnet
422 965 1381 1111 habe er gestehen, daß der Knecht
412 1066 1394 1208 Hans Henzicker auf einem Stuhl
408 1154 1393 1322 so sonst im c. v. Kuhe Stall gebe,
411 1232 1373 1378 esten, gestanden hinden an ihrer
407 1312 1397 1488 c. v. Acht jährigen Rohlschwarzen
397 1420 1382 1552 Stuten, so die diß Bruhe Jahr er¬
384 1492 1362 1638 kaufft, die c. v. Hosen habe er
393 1569 1401 1743 hinunter gehabt, und seye entblößt
367 1661 1357 1831 gewesen, mit seiner lieben Hand¬
374 1742 1290 1891 habe er den Schweiff der Stuten
396 1859 1354 1983 neben sich gehalten, habe weiters
381 1950 1384 2094 nicht gestehen, ob er die That ver¬
366 2037 1374 2174 bracht. Er außag habe alsobald
376 2118 1359 2257 über Ihne geschrauen, Hans was
375 2218 1315 2343 machst. Jener ohne etwas zu
375 2296 1348 2418 Antworten von der Stuten hin¬
362 2378 1310 2509 Wegg über den Stuhl hinmiter
354 2473 1346 2616 gesprungen. Er außag aber
361 2553 1334 2695 zum Stall hinaus gangen, den
371 2628 1324 2791 thur Schlanggen damit jener
362 2729 1339 2872 nicht entrinen könne, einge¬
362 2799 1310 2970 schenket, und das Gestehene dem
362 2873 836 3026 Vacker angezeigt.
980 2934 1277 3042 demnach
345 2971 1324 3157 seye auch der Stadthalter beruffen
357 3073 1271 3218 worden, was er selbigem und
351 3115 1318 3322 seinem Wacker bekennet, das seye
343 3208 922 3390 ihme unbelaufft.
974 3425 1280 3540 Übrigens etc.
2573 317 2693 412 233.
1621 433 2665 591 Übrigens habe er Außag diesem Knecht
1650 547 2652 642 manches Mahl gesagt, er solle machen
1641 609 2631 712 daß er um 8. Uhr Träncke, und in
1635 684 2662 804 das Beth gehe. Er hätte dermahl zur
1620 758 2572 866 Zeit, da er diese That begangen,
1644 841 2665 956 auch schon im Rath seyn können.
1948 934 2129 1053 sendet
2033 1026 2644 1144 Krucker Registrator
1746 1053 1988 1151 signirt.
1988 1048 2033 1138 i
2062 1113 2586 1204 und Amtschreiber
2056 1173 2584 1292 am Bucheggberg.
1465 1482 2680 1639 Criminal Lirtung, außgefält am Gricht
1648 1582 2486 1716 zu attigen im Bucheggberg.
1575 1716 2631 1887 Sch Urs Errich zu Adligen ge¬
1617 1846 2622 1966 seßen, amann dasigen Grichts,
1630 1903 2677 2039 in der Herrschafft Anheggberg, Sollo¬
1640 1975 2657 2109 Thurmscher Jurisdiction, in nachfol¬
1611 2076 2648 2169 igender Sach Richter, in Nahmen und
1618 2145 2655 2284 anstatt der Wohlgebohrnen, hochge¬
1605 2230 2660 2341 rachten, hochweisen gnädigen Herren
1617 2305 2636 2438 Herrn Schultheiß und Rath Lobl.
1606 2381 2646 2516 Standts Sollothurn Meiner Hoch¬
1593 2467 2540 2585 gebietenden Gnädigen Herren
1613 2529 2025 2627 und Oberen:
2121 2554 2614 2672 thun kund und
1624 2605 2641 2777 bekenne Männiglich mit gegenwär¬
1612 2713 2608 2828 stigem Urkund: als dann der zu
1614 2768 2581 2927 Buchegg gefänglich eingesezte und
1599 2868 2636 3005 daselbst an heut richterlich exami¬
1597 2951 2652 3085 inierte Hans Hunziter dem ehrsammen
1613 3013 2573 3161 Bricht vorgestelt, und mit einem
1601 3083 2623 3230 fürsprechen versehen wäre, so wurde
1599 3159 2625 3310 die in deßelben Examine enthaltene
1598 3236 2640 3381 vergicht in sein deß Hunzickers Gegen¬
1607 3319 2630 3462 wart abgelesen, bestag, welcher er bekant
2384 3450 2545 3556 hodten etc.
