3024 4032
232 314 418 406 2281.
234 385 407 527 Ausb
453 395 1388 580 everspreche alle Wahrheit auch auf
437 504 1369 641 grichtig zu bekennen, und sich selbst nicht
434 577 1385 712 zu verschonen. Verwichenen Mit¬
427 660 1294 783 wochen etwan um 6. Ahren deß
428 740 1341 878 Abend, seye Er zu H. von Favels
411 827 1360 954 Kellermagd gegangen, um dieselbe
409 910 1361 1036 zu seinem kind, so heute solle getaucht
410 984 1352 1132 berden, zur Grafferen zu bitten,
412 1060 1404 1240 habe daselbst zbey Viertelin getrunken
659 1153 1355 1287 Nach Sieben Ihr seyn der
407 1225 1382 1378 Christen Abschimann, Niclaus Lander
409 1306 1341 1470 und der Geörg Killer, welche bey
401 1384 1375 1547 einander in gleicher Kost seyen, auch
401 1470 1384 1614 dahin gekommen, und haben eine halbe
384 1542 1359 1697 genoßen, darnach seye der Geiger,
401 1617 1294 1771 und auf diesen Frey Steinhauer¬
398 1686 1362 1847 und noch ein ringer Mensch aus der
379 1764 1295 1905 Stadt angelanget, welche trunken
374 1841 1327 1988 gewesen, und eine halbe geforderet.
575 1932 1345 2082 der Zeiger habe auf zuspielen
368 1984 1370 2155 angefangen, so den Niclaus Lamberg
371 2085 1319 2223 veranlaßet, mit der Keller Maß
392 2155 1369 2306 tachter eind zu tanten, worauf der ver¬
370 2234 1396 2385 rstorbene Steinhauer mit dieser Tochte
378 2332 1268 2476 auch ein Tanz gethan, deine der
363 2408 1313 2552 Lamberg wieder gefolget; Und die
375 2492 1354 2620 darauf die Tochter mit dem Steinhang
367 2569 1343 2718 einer tantzen wollen, seye derselbe zu
358 2642 1290 2783 dem Tisch gegangen, und nach demme er
366 2721 1359 2865 eind getrunken, habe er allein getanzet,
371 2788 1298 2931 und mit dem Handen auf den Toden
364 2870 666 2985 geschlagen.
672 2907 718 2965 .
779 2891 1285 3031 Hierauf haben die
366 2944 1241 3082 Steinbauer mit denen Iudiene
370 3018 1348 3181 treveren zustichlen angefangen, und
373 3093 1301 3269 unanständige Reden geführt, da die
364 3175 1332 3334 Kaller Magd gesehen, daß es streit
359 3265 1335 3419 abgeben möchte, haben sie dem Zeiget
1180 3418 1317 3494 sin ./.
2476 372 2627 453 285.
1595 448 2627 574 die Geigen wegg genommen, und alle and¬
1603 537 2463 679 trinken und wegg gehen geheißen.
2483 573 2521 672 .
2537 539 2627 632 de
1595 604 2628 742 Steinhauer haben darüber hin geschrauen
1606 683 2600 820 und seyen samtlich aus dem Schopff ge¬
1987 774 2576 883 Einer von denenselben
1598 801 1846 912 gangen.
1601 845 2590 982 aber, habe wieder zuruk in den Schaff
1609 927 2562 1052 kommen wollen sein Säklin zu fohlen,
1604 1021 2489 1149 welches aber würklich wegg gewesen.
1714 1070 2603 1228 Indeßen seye er inge unter die
1591 1169 2619 1285 sthürgestanden, habe eine Maad Wein
1585 1244 2625 1380 in der Hans gehabt, so die Keller Magd
1589 1321 2614 1457 ihm für sein Weil in die Kindbeth gege¬
1899 1405 2577 1526 Neben ihm ing seye der
1836 1414 1899 1507 i
1583 1439 1742 1523 ben.
1581 1477 2619 1623 Christian deß herren von Sattels Knecht
1592 1562 2496 1691 gewesen, welcher ihn ing an den
1593 1615 2606 1771 Steinhauer gestoßen, darvon derselbe
1574 1700 2629 1846 vor dem Schopff zu Baden auf den Ruken
1596 1768 2616 1934 gefallen. Als er bider aufgestanden
1581 1856 2550 1971 seye er mit seinen Cameraden die
1587 1920 2555 2044 Straaß hinunter gegangen, haben
1595 1996 2586 2116 Steinen hinauf geworffen, ehrverlez¬
1588 2064 2634 2195 gliche Wort zugeruffen, und alle heraus
1579 2136 2544 2291 geforderet. Seyen bald weiters
1589 2231 2540 2370 gegangen, bald aber wieder zurück
1597 2312 2521 2447 gekommen, und haben mit Schelten
1601 2384 2566 2523 und Steinen werffen nicht aufgehöret.
1716 2481 2622 2626 Wie dieses kein Ein nemmen wollen
1598 2565 2637 2682 habe der Christian deß H. von Tafels
1598 2642 2621 2771 Knecht zu Ihm Inquisit. in Gegenbar
1600 2713 2613 2844 der übrigen Indiene Trukeren gesaget,
1598 2787 2540 2893 viestollen mit ihm kommen, sie wollen
1598 2865 2583 2999 trachten wegen denen besten Worten,
1601 2951 2581 3086 so sie ihnen zustehreyen, einen davon
2206 3029 2587 3161 Indeßen haben
1598 3035 2022 3158 zu erwitschen.
1610 3104 2617 3230 diese Steinbauer allezeit mit Steinen
1594 3188 2499 3304 berffen fortgefahren, so daß der
1594 3267 2528 3396 Christian gesaget, sie wollen Jaun
1599 3351 2574 3477 Steken nemmen, und ihnen nachgehen¬
2430 3414 2565 3536 Sch
