<?xml version="1.0" encoding="UTF-8" standalone="yes"?>
<PcGts xmlns="http://schema.primaresearch.org/PAGE/gts/pagecontent/2013-07-15" xmlns:xsi="http://www.w3.org/2001/XMLSchema-instance" xsi:schemaLocation="http://schema.primaresearch.org/PAGE/gts/pagecontent/2013-07-15 http://schema.primaresearch.org/PAGE/gts/pagecontent/2013-07-15/pagecontent.xsd">
    <Metadata>
        <Creator>prov=University of Rostock/Institute of Mathematics/CITlab|PLANET AI GmbH/Gundram Leifert/gundram.leifert@planet-ai.de:name=German_Kurrent_XVI-XVIII_M5.4(htr_id=38771)::::v=2.6.7
prov=University of Rostock/Institute of Mathematics/CITlab|PLANET AI GmbH/Tobias Gruening/tobias.gruening@planet-ai.de:name=de.uros.citlab.module.baseline2polygon.B2PSeamMultiOriented:v=2.6.7
prov=University of Rostock/Institute of Mathematics/CITlab|PLANET AI GmbH/Tobias Gruening/tobias.gruening@planet-ai.de:name=/net_tf/LA73_249_0mod360.pb:de.uros.citlab.segmentation.CITlab_LA_ML:v=2.6.7
Transkribus</Creator>
        <Created>2022-06-16T09:29:15.159+02:00</Created>
        <LastChange>2022-09-12T15:36:00.123+02:00</LastChange>
        <TranskribusMetadata docId="1334852" pageId="52362647" pageNr="16" tsid="114644469" status="IN_PROGRESS" userId="9570" imgUrl="https://files.transkribus.eu/Get?id=NWIXBBXSGQQAAKVWGGICUIRR&amp;fileType=view" xmlUrl="https://files.transkribus.eu/Get?id=IXJONVQDIJESEKWELMIKIQIZ" imageId="35485585"/>
    </Metadata>
    <Page imageFilename="IMG_7767.jpg" imageWidth="3024" imageHeight="4032">
        <ReadingOrder>
            <OrderedGroup id="ro_1687513604248" caption="Regions reading order">
                <RegionRefIndexed index="0" regionRef="r1"/>
                <RegionRefIndexed index="1" regionRef="r2"/>
                <RegionRefIndexed index="2" regionRef="r3"/>
            </OrderedGroup>
        </ReadingOrder>
        <TextRegion orientation="0.0" id="r1" custom="readingOrder {index:0;}">
            <Coords points="299,164 299,710 464,710 464,164"/>
            <TextLine id="r1l1" custom="readingOrder {index:0;}">
                <Coords points="286,315 302,315 313,329 324,324 338,333 377,312 391,309 401,313 410,238 399,237 380,215 372,215 353,197 321,197 311,204 299,200"/>
                <Baseline points="299,264 332,269 365,272 398,276"/>
                <TextEquiv>
                    <Unicode>23.</Unicode>
                </TextEquiv>
            </TextLine>
            <TextLine id="r1l2" custom="readingOrder {index:1;}">
                <Coords points="302,686 320,679 330,687 363,678 376,682 388,671 419,665 425,671 437,662 471,668 472,605 443,604 432,594 400,589 383,602 355,604 336,619 303,625"/>
                <Baseline points="309,656 334,657 360,656 386,656 412,657 438,658 464,660"/>
                <TextEquiv>
                    <Unicode>Arcto:</Unicode>
                </TextEquiv>
            </TextLine>
            <TextEquiv>
                <Unicode>23.
Arcto:</Unicode>
            </TextEquiv>
        </TextRegion>
        <TextRegion orientation="0.0" id="r2" custom="readingOrder {index:1;}">
            <Coords points="407,380 407,3584 1508,3584 1508,380"/>
            <TextLine id="r2l1" custom="readingOrder {index:0;}">
                <Coords points="483,439 624,476 736,435 1109,444 1474,546 1481,447 1373,402 1334,426 1175,355 720,363 572,273 495,269"/>
                <Baseline points="492,422 540,424 589,425 638,426 687,426 736,428 785,428 833,429 882,429 931,431 980,432 1029,435 1078,439 1127,443 1175,449 1224,455 1273,462 1322,471 1371,483 1420,495 1469,510"/>
                <TextEquiv>
                    <Unicode>oder Jettons in der Silber Streibl.</Unicode>
                </TextEquiv>
            </TextLine>
            <TextLine id="r2l2" custom="readingOrder {index:1;}">
                <Coords points="495,556 530,579 565,564 608,578 710,523 758,545 813,524 996,540 997,470 951,463 768,500 632,472 574,472 549,492 524,472 497,479"/>
                <Baseline points="504,512 529,512 555,513 580,514 606,515 631,515 657,516 682,516 708,516 733,517 759,518 784,518 810,519 835,519 861,519 886,521 912,521 937,522 963,524 989,525"/>
                <TextEquiv>
                    <Unicode>wegg genommen?</Unicode>
                </TextEquiv>
            </TextLine>
            <TextLine id="r2l3" custom="readingOrder {index:2;}">
                <Coords points="507,677 701,669 785,701 911,675 947,712 997,678 1470,763 1515,754 1520,692 1399,638 1268,655 1183,607 1063,630 840,601 664,637 513,590"/>
                <Baseline points="516,660 565,663 615,663 664,665 714,666 764,667 813,668 863,669 912,670 962,672 1012,674 1061,677 1111,680 1160,685 1210,690 1260,696 1309,704 1359,714 1408,724 1458,736 1508,752"/>
                <TextEquiv>
                    <Unicode>Er versichere, daß er den gantzen</Unicode>
                </TextEquiv>
            </TextLine>
            <TextLine id="r2l4" custom="readingOrder {index:3;}">
                <Coords points="488,748 587,789 727,746 850,804 962,749 1250,764 1311,825 1507,821 1510,768 1177,712 1016,726 896,680 805,708 672,672 566,725 490,718"/>
                <Baseline points="495,741 545,743 595,744 645,744 696,744 746,744 796,744 846,744 897,744 947,744 997,746 1047,747 1098,750 1148,753 1198,757 1248,763 1299,771 1349,780 1399,790 1449,803 1500,818"/>
                <TextEquiv>
                    <Unicode>viebstahl in Jettons allein begangen</Unicode>
                </TextEquiv>
            </TextLine>
            <TextLine id="r2l5" custom="readingOrder {index:4;}">
                <Coords points="479,848 617,828 684,870 768,831 1084,840 1482,910 1494,866 1365,805 1325,829 1162,776 1084,808 913,768 850,803 791,762 686,784 630,751 566,801 482,795"/>
                <Baseline points="488,824 537,825 587,827 637,827 687,827 737,827 786,827 836,827 886,828 936,828 986,830 1035,831 1085,835 1135,839 1185,842 1235,849 1284,855 1334,865 1384,874 1434,885 1484,900"/>
                <TextEquiv>
                    <Unicode>und sich an keinen kommen ver¬</Unicode>
                </TextEquiv>
            </TextLine>
            <TextLine id="r2l6" custom="readingOrder {index:5;}">
                <Coords points="459,982 533,947 573,966 634,940 700,974 756,934 800,931 875,987 902,980 903,882 859,866 831,881 729,870 708,885 633,830 567,884 460,882"/>
                <Baseline points="467,921 492,921 517,921 542,921 567,921 593,921 618,921 643,922 668,923 694,923 719,923 744,924 769,924 795,925 820,926 845,926 870,927 896,927"/>
                <TextEquiv>
                    <Unicode>ngriffen habe.</Unicode>
                </TextEquiv>
            </TextLine>
            <TextLine id="r2l7" custom="readingOrder {index:6;}">
                <Coords points="503,1127 611,1066 700,1111 762,1074 812,1112 933,1059 1234,1148 1314,1109 1410,1114 1412,1058 1066,975 903,1018 793,997 693,1037 599,986 507,1005"/>
                <Baseline points="513,1058 557,1059 602,1059 646,1059 691,1059 735,1059 780,1059 824,1059 869,1061 913,1061 958,1061 1002,1062 1047,1064 1091,1065 1136,1068 1180,1071 1225,1074 1269,1079 1314,1084 1358,1089 1403,1095"/>
                <TextEquiv>
                    <Unicode>aresto abgelesen und bestätiget</Unicode>
                </TextEquiv>
            </TextLine>
            <TextLine id="r2l8" custom="readingOrder {index:7;}">
                <Coords points="473,1208 1151,1232 1192,1271 1332,1258 1449,1312 1502,1283 1506,1200 1364,1218 1220,1140 476,1143"/>
                <Baseline points="480,1203 530,1206 581,1208 632,1211 683,1212 734,1214 784,1215 835,1217 886,1218 937,1220 988,1221 1038,1223 1089,1226 1140,1228 1191,1232 1242,1234 1292,1239 1343,1244 1394,1250 1445,1256 1496,1263"/>
                <TextEquiv>
                    <Unicode>Actum in der Oberen Gefangenschafft,</Unicode>
                </TextEquiv>
            </TextLine>
            <TextLine id="r2l9" custom="readingOrder {index:8;}">
                <Coords points="466,1321 741,1307 1086,1361 1169,1334 1477,1347 1412,1285 1250,1295 1150,1232 987,1276 932,1236 634,1258 470,1208"/>
                <Baseline points="474,1302 523,1304 573,1305 623,1306 673,1307 723,1308 772,1308 822,1310 872,1311 922,1312 972,1314 1021,1316 1071,1317 1121,1319 1171,1321 1221,1325 1270,1326 1320,1330 1370,1334 1420,1337 1470,1343"/>
                <TextEquiv>
                    <Unicode>durch Mehlohl. Großweibel und</Unicode>
                </TextEquiv>
            </TextLine>
            <TextLine id="r2l10" custom="readingOrder {index:9;}">
                <Coords points="468,1437 1184,1427 1247,1471 1466,1438 1396,1368 1252,1341 960,1396 880,1353 800,1380 470,1333"/>
                <Baseline points="476,1410 525,1410 574,1410 623,1410 672,1412 721,1412 770,1412 819,1412 868,1412 917,1412 967,1412 1016,1412 1065,1412 1114,1413 1163,1415 1212,1416 1261,1418 1310,1421 1359,1424 1408,1427 1458,1431"/>
                <TextEquiv>
                    <Unicode>Grichtschreiber, mit zu ziechung</Unicode>
                </TextEquiv>
            </TextLine>
            <TextLine id="r2l11" custom="readingOrder {index:10;} person {offset:35; length:9;}">
                <Coords points="466,1549 877,1572 1019,1518 1139,1583 1203,1523 1308,1512 1498,1549 1498,1479 1458,1460 1035,1488 973,1444 746,1433 466,1475"/>
                <Baseline points="474,1518 524,1521 575,1523 626,1523 677,1522 728,1521 779,1518 829,1517 880,1515 931,1513 982,1511 1033,1509 1084,1508 1135,1508 1185,1508 1236,1509 1287,1511 1338,1515 1389,1521 1440,1529 1491,1538"/>
                <TextEquiv>
                    <Unicode>Meine gnädige Herren Roßpfenninger Stettlerd</Unicode>
                </TextEquiv>
            </TextLine>
            <TextLine id="r2l12" custom="readingOrder {index:11;}">
                <Coords points="673,1608 691,1613 700,1608 713,1614 717,1610 736,1620 752,1621 772,1608 787,1618 796,1618 794,1569 778,1574 762,1561 759,1564 721,1552 695,1573 672,1574"/>
                <Baseline points="680,1604 707,1605 734,1604 761,1602 788,1601"/>
                <TextEquiv>
                    <Unicode>ten</Unicode>
                </TextEquiv>
            </TextLine>
            <TextLine id="r2l13" custom="readingOrder {index:12;}">
                <Coords points="469,1667 681,1661 805,1702 1012,1661 1085,1711 1224,1705 1227,1591 1193,1583 983,1567 848,1608 688,1612 472,1544"/>
                <Baseline points="477,1626 514,1631 551,1634 588,1636 625,1637 662,1638 699,1640 736,1640 773,1640 810,1640 847,1640 884,1640 921,1640 958,1640 995,1640 1032,1641 1069,1643 1106,1645 1143,1647 1180,1651 1218,1655"/>
                <TextEquiv>
                    <Unicode>den 12. Aprilis 1759.</Unicode>
                </TextEquiv>
            </TextLine>
            <TextLine id="r2l14" custom="readingOrder {index:13;}">
                <Coords points="608,2026 694,2055 771,2004 810,2009 915,2066 1054,2013 1228,2031 1229,1930 1168,1940 1090,1902 958,1975 850,1946 723,1962 665,1928 609,1936"/>
                <Baseline points="615,2000 645,2001 675,2001 705,2001 736,2003 766,2003 796,2004 827,2004 857,2006 887,2006 918,2006 948,2007 978,2007 1008,2007 1039,2007 1069,2007 1099,2007 1130,2007 1160,2006 1190,2004 1221,2003"/>
                <TextEquiv>
                    <Unicode>Copia fidels.</Unicode>
                </TextEquiv>
            </TextLine>
            <TextLine id="r2l15" custom="readingOrder {index:14;}">
                <Coords points="808,2128 823,2128 827,2123 837,2132 855,2123 863,2129 877,2122 883,2126 894,2122 925,2123 925,2089 911,2086 901,2097 880,2094 846,2068 840,2067 833,2073 821,2064 808,2064"/>
                <Baseline points="815,2115 840,2113 866,2111 892,2111 918,2117"/>
                <TextEquiv>
                    <Unicode>An</Unicode>
                </TextEquiv>
            </TextLine>
            <TextLine id="r2l16" custom="readingOrder {index:15;} person {offset:16; length:6;}">
                <Coords points="445,2188 633,2218 1471,2182 1471,2122 1430,2112 1323,2135 1118,2092 995,2136 948,2103 844,2131 745,2097 445,2108"/>
                <Baseline points="452,2174 502,2175 553,2176 603,2177 654,2178 704,2178 755,2180 805,2180 856,2180 906,2181 957,2181 1008,2181 1058,2181 1109,2181 1159,2181 1210,2181 1260,2180 1311,2179 1361,2178 1412,2177 1463,2175"/>
                <TextEquiv>
                    <Unicode>Mihh. Ratsherrn Lieber mit zu</Unicode>
                </TextEquiv>
            </TextLine>
            <TextLine id="r2l17" custom="readingOrder {index:16;} person {offset:22; length:12;}">
                <Coords points="440,2291 613,2261 701,2295 1125,2282 1229,2313 1269,2278 1478,2285 1504,2214 1405,2189 1325,2215 1252,2167 1108,2217 908,2190 757,2237 549,2203 440,2229"/>
                <Baseline points="447,2259 499,2262 552,2264 604,2265 657,2267 709,2268 762,2268 814,2268 867,2270 919,2270 972,2268 1024,2268 1077,2268 1129,2267 1182,2267 1234,2265 1287,2264 1339,2263 1392,2262 1444,2261 1497,2259"/>
                <TextEquiv>
                    <Unicode>thun herrn Großweibel Daxelhoffers.</Unicode>
                </TextEquiv>
            </TextLine>
            <TextLine id="r2l18" custom="readingOrder {index:17;} person {offset:26; length:7;}">
                <Coords points="457,2379 582,2423 733,2373 1261,2422 1498,2356 1497,2279 1144,2295 1096,2328 936,2282 787,2337 456,2311"/>
                <Baseline points="464,2363 515,2363 566,2364 617,2364 669,2366 720,2366 771,2366 823,2367 874,2367 925,2366 977,2366 1028,2366 1079,2364 1130,2363 1182,2361 1233,2360 1284,2358 1336,2355 1387,2352 1438,2348 1490,2345"/>
                <TextEquiv>
                    <Unicode>und Herrn Grichtschreiber Hallers.</Unicode>
                </TextEquiv>
            </TextLine>
            <TextLine id="r2l19" custom="readingOrder {index:18;}">
                <Coords points="422,2595 810,2568 892,2612 1141,2568 1414,2572 1414,2504 1381,2494 1285,2508 1212,2472 1006,2507 747,2446 680,2468 422,2429"/>
                <Baseline points="429,2537 477,2538 526,2541 575,2543 624,2544 673,2546 722,2547 771,2549 820,2549 869,2550 918,2550 966,2550 1015,2550 1064,2550 1113,2549 1162,2549 1211,2547 1260,2546 1309,2544 1358,2542 1407,2540"/>
                <TextEquiv>
                    <Unicode>Iideme die Kehr Euch Meinen</Unicode>
                </TextEquiv>
            </TextLine>
            <TextLine id="r2l20" custom="readingOrder {index:19;}">
                <Coords points="439,2671 764,2700 989,2684 1050,2643 1173,2682 1424,2664 1423,2606 1355,2587 1122,2573 909,2622 870,2592 439,2578"/>
                <Baseline points="446,2636 494,2637 543,2640 591,2642 640,2642 688,2643 737,2645 785,2645 834,2645 882,2645 931,2645 979,2645 1028,2643 1076,2643 1125,2642 1173,2640 1222,2639 1270,2636 1319,2634 1367,2631 1416,2628"/>
                <TextEquiv>
                    <Unicode>HochgeEhrten Herrn Rathsherrn</Unicode>
                </TextEquiv>
            </TextLine>
            <TextLine id="r2l21" custom="readingOrder {index:20;}">
                <Coords points="436,2773 1341,2755 1460,2739 1459,2666 1129,2716 1022,2677 919,2724 638,2676 435,2699"/>
                <Baseline points="443,2739 493,2741 543,2744 594,2745 644,2746 695,2747 745,2748 796,2748 846,2748 897,2748 947,2748 997,2747 1048,2745 1098,2744 1149,2742 1199,2740 1250,2737 1300,2734 1351,2730 1401,2726 1452,2721"/>
                <TextEquiv>
                    <Unicode>betrifft, als ober Examinator den</Unicode>
                </TextEquiv>
            </TextLine>
            <TextLine id="r2l22" custom="readingOrder {index:21;} person {offset:0; length:15;} place {offset:20; length:9;}">
                <Coords points="428,2888 586,2911 1087,2844 1163,2892 1268,2839 1472,2827 1469,2756 1218,2817 1094,2768 1018,2818 880,2759 793,2752 713,2807 423,2753"/>
                <Baseline points="434,2849 485,2850 537,2850 588,2850 640,2852 691,2852 743,2852 794,2850 846,2850 897,2849 949,2847 1000,2846 1052,2843 1103,2840 1155,2838 1206,2834 1258,2831 1309,2826 1361,2821 1412,2816 1464,2811"/>
                <TextEquiv>
                    <Unicode>Christen Stähli von Bollingen und</Unicode>
                </TextEquiv>
            </TextLine>
            <TextLine id="r2l23" custom="readingOrder {index:22;} person {offset:0; length:14;} place {offset:19; length:9;}">
                <Coords points="436,2965 564,3004 838,3002 899,2960 1303,2974 1420,2924 1418,2867 1286,2844 1188,2904 1124,2868 1052,2917 823,2883 783,2913 651,2888 434,2917"/>
                <Baseline points="443,2952 491,2955 539,2957 588,2957 636,2957 685,2957 733,2955 782,2954 830,2953 879,2951 927,2949 975,2946 1024,2943 1072,2941 1121,2937 1169,2935 1218,2932 1266,2929 1315,2926 1363,2923 1412,2921"/>
                <TextEquiv>
                    <Unicode>Weilaus Speich von Zunzicken.</Unicode>
                </TextEquiv>
            </TextLine>
            <TextLine id="r2l24" custom="readingOrder {index:23;}">
                <Coords points="435,3053 562,3060 645,3111 728,3063 1200,3065 1448,3025 1446,2967 1379,2960 1333,3002 1211,3006 990,2965 884,3032 799,2985 624,3030 434,3008"/>
                <Baseline points="443,3050 492,3053 542,3054 592,3055 642,3056 692,3056 742,3056 791,3054 841,3053 891,3051 941,3050 991,3047 1041,3045 1091,3042 1140,3039 1190,3036 1240,3033 1290,3030 1340,3027 1390,3024 1440,3021"/>
                <TextEquiv>
                    <Unicode>wie auch den mit interessierten</Unicode>
                </TextEquiv>
            </TextLine>
            <TextLine id="r2l25" custom="readingOrder {index:24;} person {offset:0; length:19;} place {offset:24; length:6;}">
                <Coords points="422,3201 880,3161 1042,3216 1149,3156 1412,3166 1457,3108 1237,3048 1018,3053 960,3106 822,3134 756,3082 671,3137 418,3088"/>
                <Baseline points="428,3155 479,3156 530,3158 581,3159 632,3161 683,3161 734,3161 786,3161 837,3161 888,3159 939,3158 990,3156 1041,3155 1092,3152 1144,3149 1195,3145 1246,3141 1297,3137 1348,3132 1399,3128 1451,3122"/>
                <TextEquiv>
                    <Unicode>Johann Jacob Ställi von Biglen,</Unicode>
                </TextEquiv>
            </TextLine>
            <TextLine id="r2l26" custom="readingOrder {index:25;}">
                <Coords points="404,3299 616,3275 700,3323 802,3319 918,3260 1119,3297 1185,3257 1252,3279 1449,3228 1194,3155 949,3234 835,3199 788,3240 748,3216 656,3247 456,3195 401,3216"/>
                <Baseline points="410,3267 461,3269 513,3269 564,3270 616,3270 668,3270 719,3270 771,3270 822,3269 874,3269 926,3267 977,3265 1029,3263 1080,3260 1132,3257 1184,3254 1235,3250 1287,3246 1338,3241 1390,3236 1442,3230"/>
                <TextEquiv>
                    <Unicode>so in allhiesiger Müntz gestohlen.</Unicode>
                </TextEquiv>
            </TextLine>
            <TextLine id="r2l27" custom="readingOrder {index:26;}">
                <Coords points="434,3391 587,3361 1022,3391 1066,3355 1281,3341 1343,3376 1498,3322 1495,3264 1353,3303 1182,3257 1084,3334 905,3270 650,3339 548,3281 430,3302"/>
                <Baseline points="440,3359 492,3360 545,3362 597,3362 650,3363 702,3363 755,3362 807,3362 860,3361 912,3359 965,3357 1017,3355 1070,3353 1122,3350 1175,3346 1227,3341 1280,3336 1332,3331 1385,3326 1437,3318 1490,3311"/>
                <TextEquiv>
                    <Unicode>und mehr und minder interessiert</Unicode>
                </TextEquiv>
            </TextLine>
            <TextLine id="r2l28" custom="readingOrder {index:27;}">
                <Coords points="405,3508 573,3517 667,3461 1457,3445 1480,3350 1156,3423 816,3368 645,3379 596,3425 401,3419"/>
                <Baseline points="410,3461 463,3459 516,3459 569,3458 623,3458 676,3458 729,3456 782,3456 836,3455 889,3455 942,3453 995,3452 1049,3449 1102,3446 1155,3443 1208,3439 1262,3433 1315,3427 1368,3420 1421,3413 1475,3402"/>
                <TextEquiv>
                    <Unicode>sich befinden, zu examinieren, als</Unicode>
                </TextEquiv>
            </TextLine>
            <TextLine id="r2l29" custom="readingOrder {index:28;}">
                <Coords points="401,3600 450,3580 586,3634 703,3560 953,3564 1077,3612 1164,3540 1463,3518 1461,3479 1215,3448 1163,3479 679,3471 613,3528 398,3529"/>
                <Baseline points="407,3563 459,3561 511,3558 564,3557 616,3556 668,3555 721,3555 773,3554 825,3554 878,3552 930,3551 982,3549 1035,3548 1087,3546 1139,3542 1192,3538 1244,3534 1296,3527 1349,3521 1401,3513 1454,3503"/>
                <TextEquiv>
                    <Unicode>haben Ihr Gnaden Euch seinen</Unicode>
                </TextEquiv>
            </TextLine>
            <TextEquiv>
                <Unicode>oder Jettons in der Silber Streibl.
wegg genommen?
Er versichere, daß er den gantzen
viebstahl in Jettons allein begangen
und sich an keinen kommen ver¬
ngriffen habe.
aresto abgelesen und bestätiget
Actum in der Oberen Gefangenschafft,
durch Mehlohl. Großweibel und
Grichtschreiber, mit zu ziechung
Meine gnädige Herren Roßpfenninger Stettlerd
ten
den 12. Aprilis 1759.
Copia fidels.
An
Mihh. Ratsherrn Lieber mit zu
thun herrn Großweibel Daxelhoffers.
und Herrn Grichtschreiber Hallers.
Iideme die Kehr Euch Meinen
HochgeEhrten Herrn Rathsherrn
betrifft, als ober Examinator den
Christen Stähli von Bollingen und
Weilaus Speich von Zunzicken.
wie auch den mit interessierten
Johann Jacob Ställi von Biglen,
so in allhiesiger Müntz gestohlen.
und mehr und minder interessiert
sich befinden, zu examinieren, als
haben Ihr Gnaden Euch seinen</Unicode>
            </TextEquiv>
        </TextRegion>
        <TextRegion orientation="0.0" id="r3" custom="readingOrder {index:2;}">
            <Coords points="1725,81 1725,3927 2957,3927 2957,81"/>
            <TextLine id="r3l1" custom="readingOrder {index:0;}">
                <Coords points="2810,201 2855,184 2879,156 2887,160 2899,148 2908,151 2931,132 2957,133 2953,81 2938,84 2908,63 2871,77 2850,66 2831,66 2810,82 2800,80"/>
                <Baseline points="2811,135 2838,133 2866,130 2893,128 2921,126 2949,123"/>
                <TextEquiv>
                    <Unicode>33</Unicode>
                </TextEquiv>
            </TextLine>
            <TextLine id="r3l2" custom="readingOrder {index:1;}">
                <Coords points="1781,569 1895,527 1946,549 1992,500 2091,535 2145,479 2834,354 2940,287 2758,287 2684,331 2468,272 2209,437 1763,484"/>
                <Baseline points="1781,536 1838,528 1896,518 1954,508 2012,498 2070,488 2127,476 2185,464 2243,453 2301,440 2359,428 2416,417 2474,405 2532,392 2590,380 2648,368 2705,357 2763,346 2821,335 2879,324 2937,315"/>
                <TextEquiv>
                    <Unicode>HochgeEhrten Herrn freundlichen ansin̄en</Unicode>
                </TextEquiv>
            </TextLine>
            <TextLine id="r3l3" custom="readingOrder {index:2;}">
                <Coords points="1802,613 1951,621 2056,568 2185,576 2340,516 2446,529 2894,427 2883,372 2735,352 2630,435 2231,465 2090,535 1891,540 1798,590"/>
                <Baseline points="1808,605 1861,598 1915,589 1969,580 2023,571 2076,562 2130,553 2184,543 2238,532 2291,522 2345,512 2399,501 2453,492 2506,481 2560,470 2614,461 2668,451 2721,442 2775,432 2829,423 2883,414"/>
                <TextEquiv>
                    <Unicode>sollen, mit und neben herren Groß¬</Unicode>
                </TextEquiv>
            </TextLine>
            <TextLine id="r3l4" custom="readingOrder {index:3;}">
                <Coords points="1788,699 1954,665 2070,697 2322,612 2398,639 2644,547 2709,584 2966,487 2959,452 2844,447 2753,497 2359,513 2185,578 2053,567 1983,626 1778,642"/>
                <Baseline points="1794,693 1852,685 1910,676 1968,666 2026,657 2084,648 2142,636 2201,627 2259,617 2317,606 2375,595 2433,585 2491,574 2549,562 2608,551 2666,540 2724,528 2782,517 2840,507 2898,496 2957,483"/>
                <TextEquiv>
                    <Unicode>weibel und herrn Grichtschreiber sothane</Unicode>
                </TextEquiv>
            </TextLine>
            <TextLine id="r3l5" custom="readingOrder {index:4;}">
                <Coords points="1799,843 1927,765 2033,782 2123,737 2215,765 2440,677 2939,610 2903,527 2812,584 2571,564 2377,645 1778,722"/>
                <Baseline points="1796,779 1852,773 1909,766 1965,759 2022,750 2078,742 2135,732 2191,723 2248,713 2304,703 2361,692 2418,682 2474,672 2531,661 2587,649 2644,639 2700,629 2757,618 2813,609 2870,600 2927,590"/>
                <TextEquiv>
                    <Unicode>Examen zu verführen, und deß heraus</Unicode>
                </TextEquiv>
            </TextLine>
            <TextLine id="r3l6" custom="readingOrder {index:5;} person {offset:25; length:7;}">
                <Coords points="1799,910 1982,851 2111,882 2211,823 2574,757 2679,791 2825,711 2917,740 2917,646 2767,692 2506,675 2251,728 2189,796 2077,756 1949,821 1782,807"/>
                <Baseline points="1799,869 1857,864 1916,858 1975,852 2034,843 2093,835 2152,825 2211,816 2270,806 2329,795 2387,785 2446,774 2505,764 2564,754 2623,743 2682,733 2741,724 2800,716 2859,709 2918,701"/>
                <TextEquiv>
                    <Unicode>kom̅enden Ihr Gnaden den Rapport</Unicode>
                </TextEquiv>
            </TextLine>
            <TextLine id="r3l7" custom="readingOrder {index:6;}">
                <Coords points="1774,1042 2150,933 2401,969 2637,858 2782,856 2841,897 2961,866 2944,762 2837,752 2542,838 2327,839 2184,917 1990,879 1898,941 1806,912 1758,941"/>
                <Baseline points="1772,980 1830,978 1889,975 1947,969 2006,962 2065,955 2123,946 2182,936 2241,926 2299,916 2358,905 2417,892 2475,881 2534,870 2593,860 2651,849 2710,839 2769,831 2827,825 2886,818 2945,813"/>
                <TextEquiv>
                    <Unicode>zu erstatten. Act. d. 19. Aprilis 1759.</Unicode>
                </TextEquiv>
            </TextLine>
            <TextLine id="r3l8" custom="readingOrder {index:7;}">
                <Coords points="1925,1160 1939,1152 1968,1157 1992,1136 2042,1131 2111,1089 2123,1094 2176,1080 2168,1010 2132,1030 2090,1005 2061,1024 1991,1009 1955,1034 1912,1043"/>
                <Baseline points="1925,1098 1952,1093 1979,1088 2006,1084 2033,1080 2060,1078 2087,1076 2114,1073 2141,1073 2168,1071"/>
                <TextEquiv>
                    <Unicode>Segnere</Unicode>
                </TextEquiv>
            </TextLine>
            <TextLine id="r3l9" custom="readingOrder {index:8;}">
                <Coords points="2112,1197 2282,1186 2346,1212 2446,1160 2576,1167 2741,1082 2732,1033 2680,1063 2605,1053 2479,992 2414,1014 2360,1080 2281,1119 2179,1104 2106,1159"/>
                <Baseline points="2117,1178 2147,1173 2178,1170 2209,1166 2240,1162 2270,1157 2301,1152 2332,1147 2363,1142 2393,1137 2424,1131 2455,1126 2486,1121 2516,1115 2547,1110 2578,1103 2609,1098 2639,1093 2670,1088 2701,1083 2732,1079"/>
                <TextEquiv>
                    <Unicode>Rendtlig dere.</Unicode>
                </TextEquiv>
            </TextLine>
            <TextLine id="r3l10" custom="readingOrder {index:9;}">
                <Coords points="1813,1443 1894,1400 2113,1390 2292,1426 2375,1368 2732,1345 2756,1277 2636,1251 2559,1288 2404,1293 2290,1226 2067,1327 1871,1304 1804,1335"/>
                <Baseline points="1817,1401 1863,1400 1910,1397 1957,1394 2004,1391 2051,1388 2097,1385 2144,1380 2191,1377 2238,1374 2285,1369 2331,1365 2378,1361 2425,1357 2472,1353 2519,1349 2565,1344 2612,1340 2659,1336 2706,1331 2753,1326"/>
                <TextEquiv>
                    <Unicode>fernere Information</Unicode>
                </TextEquiv>
            </TextLine>
            <TextLine id="r3l11" custom="readingOrder {index:10;}">
                <Coords points="1775,1536 1905,1600 2018,1531 2435,1567 2637,1477 2810,1462 2803,1377 2696,1352 2478,1443 2387,1406 2339,1439 2041,1398 1961,1469 1886,1459 1772,1510"/>
                <Baseline points="1781,1532 1832,1532 1883,1531 1934,1530 1985,1529 2036,1527 2087,1523 2138,1521 2189,1518 2240,1514 2291,1511 2342,1507 2393,1501 2444,1496 2495,1490 2546,1485 2597,1478 2648,1472 2699,1464 2750,1456 2801,1448"/>
                <TextEquiv>
                    <Unicode>Geisten Rahl anstehend.</Unicode>
                </TextEquiv>
            </TextLine>
            <TextLine id="r3l12" custom="readingOrder {index:11;} person {offset:0; length:11;} place {offset:16; length:4;}">
                <Coords points="1775,1748 1849,1713 2297,1724 2921,1655 2916,1583 2790,1600 2582,1533 2533,1585 2249,1585 2089,1630 2019,1602 1772,1687"/>
                <Baseline points="1781,1707 1837,1709 1894,1709 1950,1709 2007,1707 2063,1706 2120,1704 2176,1701 2233,1698 2289,1694 2346,1690 2403,1685 2459,1682 2516,1676 2572,1672 2629,1666 2685,1662 2742,1656 2798,1652 2855,1647 2912,1643"/>
                <TextEquiv>
                    <Unicode>Hans Müller von Trub dermale</Unicode>
                </TextEquiv>
            </TextLine>
            <TextLine id="r3l13" custom="readingOrder {index:12;}">
                <Coords points="1771,1790 2051,1766 2212,1824 2303,1762 2368,1789 2620,1747 2730,1788 2893,1751 2890,1679 2698,1705 2619,1662 2216,1741 1913,1710 1770,1760"/>
                <Baseline points="1778,1779 1833,1778 1888,1776 1944,1775 1999,1773 2054,1772 2110,1769 2165,1766 2220,1764 2276,1761 2331,1758 2386,1757 2442,1754 2497,1751 2552,1747 2608,1745 2663,1741 2718,1738 2774,1735 2829,1732 2885,1728"/>
                <TextEquiv>
                    <Unicode>Wirth im Schwanglen tand, Kirchhöre</Unicode>
                </TextEquiv>
            </TextLine>
            <TextLine id="r3l14" custom="readingOrder {index:13;}">
                <Coords points="1772,1894 1866,1854 1896,1851 1977,1885 2064,1843 2184,1839 2181,1775 2097,1805 2066,1785 1991,1808 1929,1773 1899,1802 1849,1779 1767,1795"/>
                <Baseline points="1776,1848 1801,1847 1826,1846 1851,1844 1876,1842 1901,1841 1926,1839 1951,1837 1976,1835 2001,1835 2026,1833 2051,1832 2076,1832 2101,1830 2126,1830 2151,1832 2177,1832"/>
                <TextEquiv>
                    <Unicode>Wyl deponirt.</Unicode>
                </TextEquiv>
            </TextLine>
            <TextLine id="r3l15" custom="readingOrder {index:14;}">
                <Coords points="1751,1999 1826,1959 2117,1971 2184,1934 2629,1978 2715,1929 2860,1939 2858,1852 2456,1865 2312,1908 2191,1872 1839,1912 1748,1879"/>
                <Baseline points="1757,1952 1811,1952 1866,1952 1921,1952 1976,1952 2030,1950 2085,1949 2140,1947 2195,1946 2249,1944 2304,1942 2359,1940 2414,1938 2468,1935 2523,1932 2578,1931 2633,1928 2687,1926 2742,1925 2797,1922 2852,1920"/>
                <TextEquiv>
                    <Unicode>Im Jahr 1755 sommers zeit habe der</Unicode>
                </TextEquiv>
            </TextLine>
            <TextLine id="r3l16" custom="readingOrder {index:15;} person {offset:12; length:14;}">
                <Coords points="1756,2056 2342,2014 2443,2078 2569,2018 2626,2055 2897,2026 2953,2014 2952,1973 2822,1984 2748,1940 2560,1994 2447,1934 2328,1987 2183,1934 1754,1992"/>
                <Baseline points="1763,2025 1822,2025 1881,2025 1940,2025 1999,2025 2058,2025 2117,2024 2176,2024 2235,2022 2294,2021 2354,2019 2413,2018 2472,2016 2531,2015 2590,2013 2649,2012 2708,2010 2767,2007 2826,2006 2885,2004 2945,2001"/>
                <TextEquiv>
                    <Unicode>inhaftierte Christen Stahl nebst einem</Unicode>
                </TextEquiv>
            </TextLine>
            <TextLine id="r3l17" custom="readingOrder {index:16;}">
                <Coords points="1766,2112 2265,2137 2620,2101 2700,2158 2900,2140 2900,2081 2797,2030 2508,2086 2179,2093 2099,2046 1952,2083 1893,2038 1766,2065"/>
                <Baseline points="1773,2094 1831,2098 1890,2102 1949,2104 2008,2106 2067,2108 2126,2108 2185,2108 2244,2108 2303,2108 2361,2106 2420,2106 2479,2105 2538,2103 2597,2102 2656,2102 2715,2100 2774,2099 2833,2099 2892,2099"/>
                <TextEquiv>
                    <Unicode>anderen Mann, an einem Sontag</Unicode>
                </TextEquiv>
            </TextLine>
            <TextLine id="r3l18" custom="readingOrder {index:17;} place {offset:17; length:10;}">
                <Coords points="1759,2184 2067,2206 2162,2254 2258,2215 2338,2261 2473,2214 2537,2258 2676,2210 2839,2231 2807,2154 2669,2165 2549,2117 2429,2154 2169,2121 2125,2153 1993,2100 1871,2164 1761,2120"/>
                <Baseline points="1767,2174 1820,2179 1873,2183 1926,2186 1980,2189 2033,2193 2086,2195 2139,2198 2193,2199 2246,2201 2299,2202 2352,2204 2406,2205 2459,2207 2512,2208 2565,2208 2619,2208 2672,2208 2725,2208 2778,2208 2832,2208"/>
                <TextEquiv>
                    <Unicode>im stirtshauß zu Rychenbach 1. allbe</Unicode>
                </TextEquiv>
            </TextLine>
            <TextLine id="r3l19" custom="readingOrder {index:18;}">
                <Coords points="1755,2290 1886,2318 2048,2285 2198,2344 2339,2304 2430,2355 2525,2331 2599,2362 2716,2313 2859,2326 2862,2277 2423,2232 2123,2258 2068,2209 1882,2191 1759,2222"/>
                <Baseline points="1764,2259 1818,2262 1872,2265 1927,2268 1981,2273 2036,2276 2090,2280 2145,2284 2199,2288 2254,2292 2308,2295 2362,2298 2417,2302 2471,2306 2526,2307 2580,2309 2635,2310 2689,2312 2744,2312 2798,2310 2853,2309"/>
                <TextEquiv>
                    <Unicode>er Depl. damahl gewirtet:/ bey Ihme</Unicode>
                </TextEquiv>
            </TextLine>
            <TextLine id="r3l20" custom="readingOrder {index:19;}">
                <Coords points="1760,2388 1810,2410 1895,2360 2238,2419 2413,2389 2661,2450 2908,2411 2910,2371 2646,2327 2597,2363 2244,2311 2195,2344 2104,2298 1851,2334 1766,2289"/>
                <Baseline points="1770,2348 1826,2350 1883,2353 1939,2355 1996,2359 2052,2363 2109,2367 2165,2370 2222,2373 2278,2378 2335,2381 2392,2385 2448,2389 2505,2393 2561,2396 2618,2399 2674,2401 2731,2403 2787,2406 2844,2408 2901,2408"/>
                <TextEquiv>
                    <Unicode>eingekehrt und gezeichet, während ihrem</Unicode>
                </TextEquiv>
            </TextLine>
            <TextLine id="r3l21" custom="readingOrder {index:20;}">
                <Coords points="1764,2453 2943,2537 2947,2479 2802,2434 2516,2464 2439,2425 2301,2453 2180,2406 1979,2386 1899,2426 1769,2388"/>
                <Baseline points="1773,2432 1831,2436 1889,2440 1947,2444 2005,2448 2064,2453 2122,2457 2180,2462 2238,2466 2296,2471 2355,2475 2413,2480 2471,2484 2529,2489 2587,2493 2646,2498 2704,2503 2762,2508 2820,2513 2878,2517 2937,2522"/>
                <TextEquiv>
                    <Unicode>andenthalt seye annoch ein Baurs Mann</Unicode>
                </TextEquiv>
            </TextLine>
            <TextLine id="r3l22" custom="readingOrder {index:21;}">
                <Coords points="1759,2542 2533,2595 2859,2679 2880,2568 2743,2503 2652,2545 2534,2510 2302,2547 2023,2474 1963,2497 1856,2436 1766,2467"/>
                <Baseline points="1770,2514 1824,2520 1879,2525 1934,2530 1989,2536 2044,2541 2099,2547 2154,2552 2209,2557 2264,2563 2319,2569 2373,2574 2428,2580 2483,2585 2538,2589 2593,2594 2648,2599 2703,2603 2758,2607 2813,2611 2868,2615"/>
                <TextEquiv>
                    <Unicode>dahin gekommen, welcher zu bezahlung</Unicode>
                </TextEquiv>
            </TextLine>
            <TextLine id="r3l23" custom="readingOrder {index:22;}">
                <Coords points="1748,2621 2284,2659 2551,2741 2619,2707 2853,2720 2856,2683 2710,2628 2380,2635 2285,2574 2129,2614 1985,2546 1839,2587 1757,2534"/>
                <Baseline points="1758,2601 1812,2606 1866,2610 1921,2616 1975,2620 2030,2627 2084,2631 2139,2638 2193,2644 2248,2649 2302,2655 2356,2660 2411,2666 2465,2672 2520,2678 2574,2682 2629,2688 2683,2691 2738,2696 2792,2700 2847,2703"/>
                <TextEquiv>
                    <Unicode>seiner Arth eine Ducaten bey Ihme</Unicode>
                </TextEquiv>
            </TextLine>
            <TextLine id="r3l24" custom="readingOrder {index:23;}">
                <Coords points="1746,2735 1950,2751 2039,2727 2217,2778 2322,2754 2412,2782 2416,2740 2374,2716 2321,2724 2276,2681 2181,2703 2120,2670 1967,2665 1933,2640 1834,2648 1802,2621 1754,2651"/>
                <Baseline points="1758,2690 1790,2693 1822,2697 1855,2699 1887,2703 1920,2706 1952,2709 1984,2712 2017,2716 2049,2719 2082,2721 2114,2724 2146,2728 2179,2731 2211,2734 2244,2737 2276,2742 2308,2745 2341,2749 2373,2752 2406,2757"/>
                <TextEquiv>
                    <Unicode>Depl. wechßlen laßen.</Unicode>
                </TextEquiv>
            </TextLine>
            <TextLine id="r3l25" custom="readingOrder {index:24;}">
                <Coords points="2514,2778 2543,2785 2573,2820 2664,2817 2692,2846 2811,2810 2829,2826 2848,2816 2896,2838 2902,2788 2870,2796 2798,2746 2664,2727 2597,2767 2519,2734"/>
                <Baseline points="2522,2772 2548,2776 2574,2780 2601,2784 2627,2788 2653,2791 2680,2793 2706,2796 2732,2800 2759,2802 2785,2805 2811,2808 2838,2811 2864,2814 2891,2817"/>
                <TextEquiv>
                    <Unicode>auß diesem</Unicode>
                </TextEquiv>
            </TextLine>
            <TextLine id="r3l26" custom="readingOrder {index:25;} person {offset:27; length:4;}">
                <Coords points="1761,2791 1903,2856 2261,2874 2324,2844 2632,2939 2928,2949 2937,2862 2818,2813 2679,2855 2510,2775 2370,2815 2271,2754 2202,2795 2130,2745 2051,2787 1766,2742"/>
                <Baseline points="1769,2784 1826,2791 1884,2797 1942,2803 2000,2811 2058,2817 2115,2823 2173,2829 2231,2836 2289,2843 2347,2849 2404,2855 2462,2862 2520,2868 2578,2874 2636,2880 2693,2887 2751,2893 2809,2899 2867,2905 2925,2912"/>
                <TextEquiv>
                    <Unicode>Anlas habe der Stahls ihne Depl. gefraget,</Unicode>
                </TextEquiv>
            </TextLine>
            <TextLine id="r3l27" custom="readingOrder {index:26;}">
                <Coords points="1756,2931 2230,2958 2289,3008 2691,2999 2726,3033 2942,3020 2949,2962 2418,2931 2324,2844 2053,2890 1958,2850 1861,2870 1769,2814"/>
                <Baseline points="1769,2882 1827,2885 1885,2890 1944,2896 2002,2901 2060,2907 2119,2914 2177,2920 2235,2928 2294,2935 2352,2942 2410,2949 2469,2956 2527,2964 2585,2971 2644,2978 2702,2984 2760,2990 2819,2996 2877,3000 2936,3005"/>
                <TextEquiv>
                    <Unicode>ob er ihme nicht Gold gegen Silber geben</Unicode>
                </TextEquiv>
            </TextLine>
            <TextLine id="r3l28" custom="readingOrder {index:27;}">
                <Coords points="1744,2972 2598,3124 2845,3126 2854,3060 2709,3015 2617,3061 2467,3037 2433,2996 2366,3028 2067,2959 1951,2975 1828,2914 1749,2931"/>
                <Baseline points="1752,2969 1806,2976 1860,2983 1914,2990 1969,2997 2023,3005 2077,3012 2132,3020 2186,3027 2240,3034 2295,3042 2349,3049 2403,3057 2457,3064 2512,3072 2566,3079 2620,3087 2675,3095 2729,3103 2783,3111 2838,3119"/>
                <TextEquiv>
                    <Unicode>könne. Worauf er Dapl. 3. oder 4.</Unicode>
                </TextEquiv>
            </TextLine>
            <TextLine id="r3l29" custom="readingOrder {index:28;}">
                <Coords points="1747,3082 2063,3110 2144,3173 2439,3152 2566,3221 2685,3183 2751,3240 2935,3223 2946,3142 2803,3155 2752,3114 2660,3153 2394,3073 2004,3061 1911,3014 1842,3043 1761,2977"/>
                <Baseline points="1758,3060 1816,3067 1875,3073 1933,3079 1992,3086 2051,3093 2109,3100 2168,3108 2226,3115 2285,3124 2344,3131 2402,3138 2461,3146 2519,3154 2578,3162 2637,3169 2695,3177 2754,3185 2812,3192 2871,3199 2930,3207"/>
                <TextEquiv>
                    <Unicode>Ducaten wiße sich nicht mehr eigentlichen</Unicode>
                </TextEquiv>
            </TextLine>
            <TextLine id="r3l30" custom="readingOrder {index:29;}">
                <Coords points="1746,3166 2148,3199 2286,3260 2429,3248 2520,3308 2935,3333 2952,3218 2540,3235 2426,3177 2142,3173 1759,3078"/>
                <Baseline points="1757,3143 1815,3149 1874,3155 1932,3162 1991,3170 2050,3178 2108,3186 2167,3194 2226,3203 2284,3212 2343,3222 2402,3231 2460,3240 2519,3249 2578,3259 2636,3268 2695,3277 2754,3286 2812,3294 2871,3303 2930,3311"/>
                <TextEquiv>
                    <Unicode>die Zahl zu erinneren) herbey gebracht, und</Unicode>
                </TextEquiv>
            </TextLine>
            <TextLine id="r3l31" custom="readingOrder {index:30;}">
                <Coords points="1743,3241 2071,3278 2184,3348 2465,3338 2920,3432 2952,3364 2900,3321 2822,3362 2334,3248 2255,3284 2158,3201 1880,3222 1755,3160"/>
                <Baseline points="1752,3228 1811,3237 1870,3245 1929,3254 1989,3263 2048,3272 2107,3281 2166,3290 2226,3299 2285,3308 2344,3317 2403,3327 2463,3336 2522,3344 2581,3354 2640,3363 2700,3373 2759,3382 2818,3391 2877,3400 2937,3410"/>
                <TextEquiv>
                    <Unicode>Selbige dem Stahl gezeiget, welcher ihme dar¬</Unicode>
                </TextEquiv>
            </TextLine>
            <TextLine id="r3l32" custom="readingOrder {index:31;}">
                <Coords points="1740,3345 1903,3387 2047,3363 2231,3396 2315,3455 2369,3430 2464,3474 2692,3479 2770,3532 2904,3524 2912,3471 2782,3407 2664,3436 2415,3352 2179,3348 2098,3292 1836,3313 1752,3272"/>
                <Baseline points="1752,3320 1809,3328 1866,3336 1923,3345 1981,3353 2038,3362 2095,3372 2153,3382 2210,3391 2267,3401 2325,3411 2382,3421 2439,3431 2496,3441 2554,3452 2611,3461 2668,3470 2726,3481 2783,3490 2840,3499 2898,3509"/>
                <TextEquiv>
                    <Unicode>für alsobald alte Funf Fähler mit G</Unicode>
                </TextEquiv>
            </TextLine>
            <TextLine id="r3l33" custom="readingOrder {index:32;}">
                <Coords points="1739,3439 1994,3507 2142,3489 2553,3550 2630,3623 2745,3581 2921,3632 2934,3554 2828,3513 2619,3520 2543,3470 2255,3470 1756,3332"/>
                <Baseline points="1751,3414 1809,3424 1867,3434 1926,3442 1984,3452 2042,3460 2101,3469 2159,3477 2217,3486 2276,3495 2334,3503 2392,3511 2451,3520 2509,3529 2567,3540 2626,3549 2684,3560 2742,3570 2801,3581 2859,3592 2918,3606"/>
                <TextEquiv>
                    <Unicode>dieses gegen den seine gerich</Unicode>
                </TextEquiv>
            </TextLine>
            <TextLine id="r3l34" custom="readingOrder {index:33;} person {offset:21; length:11;} person {offset:33; length:7;}">
                <Coords points="1712,3528 2911,3720 2919,3672 2737,3582 2634,3624 2553,3550 2457,3586 1874,3459 1723,3464"/>
                <Baseline points="1725,3491 1784,3502 1843,3514 1902,3524 1961,3535 2020,3546 2079,3556 2138,3567 2197,3577 2256,3586 2316,3597 2375,3607 2434,3617 2493,3626 2552,3636 2611,3645 2670,3655 2729,3665 2788,3675 2847,3684 2907,3695"/>
                <TextEquiv>
                    <Unicode>soelißmal bey herren Meßerschmid Stagner</Unicode>
                </TextEquiv>
            </TextLine>
            <TextLine id="r3l35" custom="readingOrder {index:34;}">
                <Coords points="1743,3577 2081,3673 2150,3652 2445,3704 2535,3772 2652,3745 2798,3778 2855,3747 2509,3657 2285,3659 2244,3615 1754,3520"/>
                <Baseline points="1752,3570 1806,3582 1861,3592 1915,3602 1970,3613 2025,3623 2079,3635 2134,3645 2188,3654 2243,3665 2298,3675 2352,3686 2407,3695 2461,3705 2516,3715 2571,3724 2625,3733 2680,3742 2734,3751 2789,3759 2844,3767"/>
                <TextEquiv>
                    <Unicode>in diensten seye, habe solches auch gesehen.</Unicode>
                </TextEquiv>
            </TextLine>
            <TextLine id="r3l36" custom="readingOrder {index:35;}">
                <Coords points="1744,3648 2672,3832 2902,3852 2915,3779 2735,3807 2532,3769 2480,3717 2348,3738 2261,3675 2202,3695 2152,3654 2081,3673 1755,3585"/>
                <Baseline points="1752,3641 1809,3652 1866,3663 1923,3673 1981,3685 2038,3696 2095,3708 2152,3719 2210,3732 2267,3742 2324,3753 2381,3765 2439,3775 2496,3785 2553,3794 2610,3803 2668,3811 2725,3819 2782,3826 2839,3831 2897,3837"/>
                <TextEquiv>
                    <Unicode>sbachwerts seye der Wahl fort gegangen, und</Unicode>
                </TextEquiv>
            </TextLine>
            <TextLine id="r3l37" custom="readingOrder {index:36;}">
                <Coords points="1729,3717 2185,3786 2223,3833 2391,3830 2581,3918 2689,3887 2885,3932 2897,3867 2863,3849 2622,3847 2538,3793 2370,3796 2337,3759 1738,3669"/>
                <Baseline points="1740,3696 1797,3707 1854,3718 1911,3730 1968,3741 2025,3752 2082,3763 2139,3773 2196,3786 2253,3796 2310,3807 2367,3817 2424,3829 2481,3840 2538,3850 2595,3861 2652,3872 2709,3882 2766,3892 2823,3903 2880,3914"/>
                <TextEquiv>
                    <Unicode>habe nicht mehr bey ihme depl. eingelehret.</Unicode>
                </TextEquiv>
            </TextLine>
            <TextLine id="r3l38" custom="readingOrder {index:37;}">
                <Coords points="1731,3788 2057,3823 2159,3889 2207,3873 2324,3911 2357,3950 2478,3927 2493,3853 2220,3832 2182,3789 1972,3779 1927,3741 1887,3765 1843,3721 1796,3736 1747,3708"/>
                <Baseline points="1745,3762 1781,3767 1818,3772 1854,3778 1891,3785 1927,3791 1964,3798 2000,3806 2037,3813 2073,3821 2110,3829 2146,3836 2183,3845 2219,3852 2256,3860 2292,3868 2329,3875 2365,3882 2402,3889 2438,3894 2475,3900"/>
                <TextEquiv>
                    <Unicode>ates den die Specie ange</Unicode>
                </TextEquiv>
            </TextLine>
            <TextEquiv>
                <Unicode>33
HochgeEhrten Herrn freundlichen ansin̄en
sollen, mit und neben herren Groß¬
weibel und herrn Grichtschreiber sothane
Examen zu verführen, und deß heraus
kom̅enden Ihr Gnaden den Rapport
zu erstatten. Act. d. 19. Aprilis 1759.
Segnere
Rendtlig dere.
fernere Information
Geisten Rahl anstehend.
Hans Müller von Trub dermale
Wirth im Schwanglen tand, Kirchhöre
Wyl deponirt.
Im Jahr 1755 sommers zeit habe der
inhaftierte Christen Stahl nebst einem
anderen Mann, an einem Sontag
im stirtshauß zu Rychenbach 1. allbe
er Depl. damahl gewirtet:/ bey Ihme
eingekehrt und gezeichet, während ihrem
andenthalt seye annoch ein Baurs Mann
dahin gekommen, welcher zu bezahlung
seiner Arth eine Ducaten bey Ihme
Depl. wechßlen laßen.
auß diesem
Anlas habe der Stahls ihne Depl. gefraget,
ob er ihme nicht Gold gegen Silber geben
könne. Worauf er Dapl. 3. oder 4.
Ducaten wiße sich nicht mehr eigentlichen
die Zahl zu erinneren) herbey gebracht, und
Selbige dem Stahl gezeiget, welcher ihme dar¬
für alsobald alte Funf Fähler mit G
dieses gegen den seine gerich
soelißmal bey herren Meßerschmid Stagner
in diensten seye, habe solches auch gesehen.
sbachwerts seye der Wahl fort gegangen, und
habe nicht mehr bey ihme depl. eingelehret.
ates den die Specie ange</Unicode>
            </TextEquiv>
        </TextRegion>
    </Page>
</PcGts>
