3024 4032
246 199 274 305 .
327 181 439 323 29.
440 294 1575 483 kurz hernach an einem Sontag seyn der
481 397 1565 579 Christen Schneider und Christen Wahl.
457 486 1578 648 widermahl zu ihme gekommen und habe
469 550 1588 738 und. L. 40. von diesen gleichen künf¬
448 665 1585 833 Rähleren zum außwechslen angeboten
461 755 1574 915 welche od auf Ihr versprechen hin, daß
444 849 1575 1010 Die Solches innert 5. Stochen wiederlesen
455 941 1594 1102 wollen, oder daß es manglenden falls
435 1044 1539 1192 Ihme verbleiben solle, gegen Munt
446 1144 882 1262 angenommen.
1018 1144 1573 1272 da nun die heraus¬
441 1237 1535 1365 losungs Zeit verfallen war, habe Er
423 1336 1560 1471 deßhalben mit dem Christen Schneider¬
436 1421 1544 1559 geredet und gesaget, er wolle das gelt
455 1536 994 1637 nicht behalten.
1024 1525 1576 1663 darauf der Schneider
439 1634 1562 1759 ihme versprochen, Sie wollen ihme dar¬
431 1708 1546 1852 für eine Hand Schrifft machen, wann
436 1829 1480 1956 er solches ihnen wieder übergeben
443 1917 1535 2040 wolle, weilen Sie übel Gelt nötig
443 2020 1537 2150 haben, worinn er ihnen willfahret
442 2102 1563 2231 und den 23ten Obers dem Christen
436 2204 1569 2331 Schneider und Christen Grenzikofer¬
431 2305 1521 2427 gegen eine Handtschrifft, darin der
436 2379 1536 2527 Peter Grenzigkoffer deß Christens
438 2484 1467 2620 Bruder sich auch unterschrieben,
425 2587 1560 2726 diese S. 70. zugestelt, weilen er kein
1139 2695 1534 2788 könte villeicht
424 2679 1132 2802 ander Gelt gehabt.
438 2784 1548 2900 noch ein v. Täzler mehr darbey gewesen
416 2877 1541 3002 seyn, deßen er sich nicht mehr ersinne.
422 2946 1521 3093 Vorgestern dann seyen der Schneider
429 3046 1548 3171 und Christen Grenzikofer kommen, und
426 3124 1534 3256 haben ihme die S. 70. in anderem
434 3226 1504 3335 Gelt wieder abbezalet, so daß Er
434 3285 1426 3461 dißorts nichts mehr zu forderen
756 3395 1553 3510 dieses seye, was ihme dieser
427 3424 608 3521 habe.
413 3498 1128 3630 Nach halber in wißen
1669 471 1745 581 5.
2781 359 2889 472 2
1789 420 2859 590 Christen Schneider aus dem
1774 563 2858 695 Holz der Herrschafft Heinigen, sacht aus
1769 636 2884 771 Etwas nach Wienacht habe er Depl. und
1781 742 2881 850 der Christen Frentzikofer dem Inhafftierten
1765 814 2858 931 Christen Wahl Fleisch zugebracht, welcher
1775 883 2875 1017 ihnen eröffnet, er habe eine Summenen
1779 965 2841 1080 Gelt, und möchte Selbe gegen anderes
1781 1054 2865 1137 Gelt vertauschen und hinterlegen, darauf
1774 1116 2870 1253 Sie gesaget, Sie kennen niemand als¬
1772 1225 2881 1340 den Martin Steinmann zu Hirsellen,
1782 1302 2809 1398 der ihme hierin dienen könne, Sie
1769 1371 2467 1493 wollen mit ihme reden.
2576 1372 2856 1492 auf dieses
1769 1447 2861 1578 der Stähli ihnen 8. 30. in neuen funf
1778 1536 2882 1665 Sachen Stucken zugestellet, mit ersuchen
1774 1633 2878 1724 zu trachten, daß Sie von dem Steinman̄
1778 1703 2827 1841 anderes Gelt darfür bekommen können,
1765 1795 2885 1913 worin Sie ihme entsprochen, und darmit
1740 1871 2836 1997 In dem Steinmann gegang, der dann
1756 1942 2886 2068 Ihnen auf ihr anhalten und versprechen
1781 2031 2829 2164 selbes wider zu losen, und es gehöre
1775 2124 2868 2260 einem zu dern, ander gelt zugestelt
1778 2207 2866 2333 welches der Christen Grenzigkofer dem
1771 2283 2577 2409 Stahl alsobald überbracht.
1776 2346 2850 2490 einiche Zeit hernach habe der Stahl Ihne
1789 2440 2749 2549 Depl. ersuchet, mit ihme zu dem
1790 2513 2818 2629 Martin Steinmann zu gehen, welches
1786 2589 2845 2724 er auch gethan, damahl habe der Stahli¬
1783 2680 2842 2809 wie er glaube, dem Steinman annoch
1800 2764 2891 2894 . 40. von gleichen Stucken aufgewechslete
1779 2859 2854 2971 von der er den Stahl verlaßen, und sich
2299 2928 2847 3057 bald darauf habe der¬
1777 2957 2157 3062 sein begeben.
1778 3028 2799 3145 Steinmann ihme gesagt, er wolle das
1792 3099 2830 3231 gelt nicht behalten, man solle es wider
1792 3188 2857 3337 lösen, worauf die das Gelt gegen eine
1780 3269 2845 3410 hand Schrifft wider genommen, um solches
1779 3370 2880 3498 dem Stähli auf dern zu bringen, weilen
1786 3460 2880 3596 aberschlecht Stetter eingefallen, haben
