3024 4032
392 1621 486 1732 24.
380 1936 503 2056 Fr.
373 2148 485 2264 21.
355 2324 485 2456 Ie
361 2551 460 2643 24.
369 332 505 432 460
416 468 528 600 Ir.
409 889 508 1015 el.
445 1224 522 1330 fr.
586 468 1485 627 Es seye möniglich bekant, daß sein Weib eine
593 580 1500 751 bösten verdächtigen Standel führe, und daß e
591 648 1430 773 mit Stählen umgehe, seye also nicht zu
581 742 1486 857 zweiflen, er werde solches an ihr gemerket, in
586 812 1005 901 Stroben davon haben.
579 873 1470 1015 Er habe geglaubt ein ehrliches Weib zu haben.
590 981 1478 1110 wann er sich je hierinn irre, so müße ihr gemach
575 1048 1510 1178 Unterschlaucht geben, sie habe mit einer gebißen
562 1135 1489 1285 Stettler Umgang, die schlim̅en Leüender sehe.
575 1220 1477 1349 Ob er versicheren dörffe, daß er weder an dem
581 1301 1471 1425 diebstahl bey Frau von Wattenwyl noch
575 1371 1497 1490 an dem in Mören Gang einiche Wüßenschaft
568 1458 1488 1569 nach Antheil habe, solle sich wohl bedenken bader
581 1545 684 1624 ende.
570 1644 1489 1774 Er betheure bey seinem besten Gewüßen, daß
569 1734 1508 1841 er von beyden weder Bekantschaft nach Antzel¬
561 1801 1480 1913 habe, und darauf wolle er leben und sterben.
552 1931 1498 2044 Ob ihm nicht bekant seye, was sein weib oder
546 2009 1501 2117 Stieftochter hier und dort möchte verkaufft,
552 2091 718 2196 haben.
550 2193 1491 2306 er wüße von allem nichts, sonsten er es also bes
563 2264 905 2388 angezeigt hätte.
538 2321 1449 2461 Wormit die Stief Tochter ihr
544 2441 825 2541 Leben gewonne.
538 2550 1467 2681 Es seye seit anfang dieß jahrs allzeit mit
535 2619 1493 2744 seinem unehrlichen Kind beschäftiget gebeten,
545 2709 1360 2819 und habe neben dem nichts gearbeitet.
516 2823 1444 2944 Da ihme noch zu letzt ernstlich vorgestellt.
532 2885 1480 3038 worden, sich doch zu begreiffen, und nicht so
525 2973 1477 3114 hartnerig zu laugnen, verbliebe er herlich auch
533 3059 1498 3193 seiner vorschuhenden Unwißenheit und Unschul
638 3199 1338 3329 Also abgelesen und bestäthiget.
505 3277 1482 3402 Actum in der oberen Anfangenschaft durch
521 3360 1461 3483 Meine gnädigen Herrn Prod Weibel und Gricht Schreiber
520 3442 1074 3569 den 15ten Aug. 1765.
1576 958 1710 1060 befragt
1587 1340 1657 1415 4.
1589 1560 1692 1683 Fr.
1586 1694 1690 1789 1.
1581 1796 1693 1916 S.
1594 1975 1661 2060 e
1601 2149 1682 2263 Ir
1584 2255 1660 2335 2
1576 2463 1678 2573 Gr.
1595 2630 1671 2718 .
1574 2823 1664 2914 I
1575 2974 1661 3057 A.
1575 3128 1680 3232 bei
1580 3273 1654 3383 4.
2626 381 2746 477 461.
2018 451 2535 583 Examen
1711 546 1758 600 e
1695 568 2604 671 Mit Marianna Benger der tochter
1696 670 2654 788 Nachdemme ihm zuerst sein voriges Examen
1713 750 2729 841 wieder wörtlich abgelesen worden, und es selbiges
1720 821 2703 933 durchaus als wahrhaft bestäthiget. Wurde es
1737 921 2725 1017 da es bekennet, seine Muter habe ihm geoffen¬
1720 988 2742 1108 baret der frau von Wattenwyl wösch ent¬
1714 1063 2755 1177 bendet zu haben, ob sie ihm nicht auch gesagt, zu
1707 1136 2761 1253 welcher zeit und wie sie solchen diebstahl ver¬
1709 1228 1839 1305 übet.
1704 1271 2687 1419 Sie habe ihm lediglich gesaget, selben, Nachts
1713 1371 2715 1496 begangen zu haben, und weiters habe er Sie
1709 1444 2034 1549 nicht befraget.
1716 1515 2751 1635 Ob es nicht vnße in welchem Zustand seine Muter
1708 1598 2431 1717 die Wösch in das Hauß gebracht.
1691 1683 2402 1819 Stein. Es habe solche nicht gestehen
1714 1783 2628 1901 zu welcher Zeit seine Muter ihm diesen
1695 1864 2272 1970 Diebstahl geoffenbaret.
1699 1975 2756 2088 Kurz nachdem der Weibel, bey dem Hauß gewesen,
1708 2049 2193 2160 und Sie darum befraget.
1714 2162 2469 2254 Auf welche Weiste Sie es ihme gesaget:
1719 2266 2655 2359 3. seye der Muter über der Weibels Gefragen
1717 2320 2667 2433 Angst worden, und darauf habe Sie es ihm am
1706 2386 2017 2487 Abend bekennet.
1725 2445 2731 2562 Ob Sie ihm dann nicht auch gesaget, vorin der dieb¬
1709 2554 2033 2658 stahl bestanden.
1715 2639 2625 2756 Nein. Sie habe selben wie es glaube auf dem
2640 2644 2749 2763 Ehrich
1712 2726 1904 2820 verborgen.
1715 2787 2714 2901 Ob es nicht gewahret, daß sie solchen aufgehenget
1711 2888 2105 2995 und getrohnet habe?
2104 2946 2133 2982 .
2554 2983 2755 3087 Hals Tuecher
1717 2983 2544 3097 Es habe etlich Tag hernach auf der Lauben
1703 3058 2049 3157 gangen gestehen.
1714 3136 2661 3252 Ob hernach sie ihme nichts mehr von dieser Wösch
1703 3211 1893 3296 geredet.
1709 3285 2717 3414 Nein. Sie haben aber selbe beym Ofen getröhnet,
1716 3356 2042 3456 dann sie gebaket.
2560 3477 2673 3570 Fr.
