3024 4032
321 213 425 351 3.
301 918 459 1022 Retw.
303 1440 421 1574 dung
304 2043 457 2148 Antw
289 2394 442 2509 Furg.
286 3177 453 3272 Antw
483 334 1590 528 seine Reden zeigen genugsam an, daß
478 440 1581 581 er nicht mit der stahrheit hervorkomme.
481 519 1555 649 ob er nicht bekantlich seyn müße, der
460 575 1571 734 Wahl bekenne es selbsten, daß wehme
461 695 1569 835 61. ungefragete Stuck oder Gettons zu¬
469 798 722 901 gebracht
724 804 785 872 .
491 911 1559 1060 Es verhalte sich also, daß der Stähli in
482 996 1562 1131 der That ihme 61. Rectoris gebracht,
470 1104 1549 1251 welche er gepräget, außdert obigen
461 1193 1556 1341 22. Strecken aber, habe er die übrigen
455 1287 1537 1444 dem Wahl wider zurückgegeben.
471 1443 1555 1584 Er seye ein hartnäckiger, Brecher und
481 1522 1550 1645 verstockter Sensch, ob er etwann
455 1619 1540 1749 auch laugnen dörffe, daß ihme der
455 1707 1540 1841 Wahl nicht auch zu Münstingen
466 1798 1528 1934 beym Ochßen 6. Stuck geprägete
460 1879 1132 2038 dunf dähler gegeben?
478 2032 1598 2185 Nach anfänglichem ablaugnen gestunde
467 2138 1576 2281 er, ja er habe obgemelte 6. Stuck¬
458 2232 868 2373 empfangen
479 2358 1590 2513 Nun werde er doch auch wohl bekennen
462 2470 1549 2598 müßen, daß er mehrere als nur
453 2556 1590 2676 22. Stuck der ersteren Rectoris behalten,
469 2635 1584 2774 und zwar, daß er alle die 61. Stuck¬
441 2720 1571 2865 hinter sich behalten, dann der Stahl
451 2836 1556 2979 habe außgesagt, daß Sie solche mit
454 2936 1586 3071 einander theillen sollen, so aber noch
472 3037 933 3173 nicht geschehen.
468 3139 1570 3266 Er müße bekennen, daß er in der
467 3237 1534 3397 that alle diese Stuck empfangen,
459 3335 1597 3471 und solche habe er zu Klein höchstedten
467 3423 1595 3546 in seinem hauß an trag bey einander
459 3490 1579 3638 in verwahrung, sein Weib aber wiße
1705 560 1758 623 e
1672 594 1796 702 drang
1673 1136 1816 1248 Antw
1690 1674 1802 1808 Burg
1672 1958 1815 2055 Antw
1678 2316 1793 2449 Kroge
1652 2527 1798 2621 Aucto
1645 2862 1767 2994 Rag
1648 3203 1801 3284 Anti
2829 290 2925 402 9.
1845 422 2939 568 Richts darvon, Er habe Ihr nichts gesagt,
1843 535 2893 700 Nach seinem vorgeben befinden sich in
1833 638 2931 729 keinem Trog etwann 50. Stuck und 22.
1836 718 2924 852 Stuck haben sich allhier bey Ihm befunde
1836 817 2907 945 also müße er auch selbsten entwendet
1813 884 2928 1021 haben, zumalen der Stähli ihme mehrer
1842 994 2665 1124 nicht als 67. Stuck gegeben.
1837 1107 2916 1246 Stein, er habe selbsten keine genommen
1846 1196 2884 1345 alle diejenigen so er habe, seyen Ihme
1824 1286 2899 1418 von dem Stähli gegeben worden, wiße
1825 1370 2919 1518 eigentlich die Anzahl nicht, glaube aber,
1827 1470 2886 1588 er habe ihme ersten mahls 57. stuck
1843 1552 2868 1670 und hernach noch 11. Stuck gegeben.
1835 1676 2905 1810 alß er diese entwendte Jettons gepräget,
1838 1758 2904 1879 ob jemand zu gegen gewesen, und wie
1820 1823 2251 1935 er es gemachet.
1847 1938 2870 2099 Er habe die Rectoris unter andere bey dem
1837 2043 2875 2163 Präg Stock gemeiget, und dargegen die¬
1824 2122 2884 2257 gleiche anzahl von denen geprageten fort
1813 2214 2089 2318 genommen.
1825 2312 2821 2441 Ob er nicht auch ein gleiches mit denen
1813 2400 2474 2523 sehen Fähler verrichtet?
1834 2496 2884 2627 Wein außert dem obgenannten habe
1816 2593 2823 2718 er nichts dergleichen gethan, und seyn
1801 2667 2894 2795 zuvor zu solchem neinalen angefochten
1828 2752 2080 2856 gewesen.
1834 2830 2852 2992 dinth wann er und der Stahli sich mit
1823 2935 2848 3036 einander zu dieser Untren verabredet
1838 2999 2863 3096 und welcher von beyden dem anderen
1833 3079 2650 3219 den Antrag hierzu gemachet.
1816 3177 2797 3318 Er glaube, es seye verndrigen Herbst
1814 3265 2830 3399 gewesen, der Stähli habe ihme zu erst
1800 3346 2830 3487 davon geredet, und Ihne in den Fehler
1810 3423 2114 3552 verleitet.
