3024 4032
357 515 519 600 306.
498 664 543 726 10
554 614 1462 746 Waren seine eigentliche Worte, dabey
566 704 1496 819 schiene mir sehr verzagt zu seyn, und hatte
560 764 1196 877 die Trauen in den Augen¬
1202 812 1231 868 .
1294 787 1512 901 Hoch erschre
566 854 1454 974 sehr vast hierüber, und geriethe in Jörn
548 925 1429 1042 wieder ihn, schluge ihme auch ab Gelt zu
557 994 1493 1116 geben, weilen ich nicht bußte, ob alles, was
536 1081 1489 1198 ich ihme anvertrauet hatte, möchte bey der
533 1159 1471 1272 Stelle seyn, und ich sagte ihm, er solle nur
533 1225 1456 1349 auf dem Gesicht beichen, sich wolte ihne
528 1301 1457 1440 nicht mehr sehen, stieße ihne auch zu der
541 1391 1501 1526 thür hinaus, und verschloße sie, kurz darauf
527 1462 1439 1599 kame er noch ein Mahl an die Thur, ich
533 1534 1073 1653 wolte nicht aufmachen.
1311 1552 1432 1652 von
514 1611 1494 1751 selbigem an habe ich ihne nicht mehr gesehen,
508 1675 1473 1825 und ihne nicht mehr gehöret, auch mitts von
511 1751 1469 1898 ihme gefragt, außert meine Auffer
503 1821 1448 1960 dieselbigen fragte ich, wo der Christian
498 1895 1437 2035 wäre, daß Er nicht bey ihnen seye sum
492 1969 1398 2098 zu erfahren, ob sie einigen Verdacht
498 2045 1406 2200 hätten. Die Budten aber von allem
500 2111 840 2229 diesem nichts.
1071 2153 1437 2273 Dieses bezeuge
494 2191 1392 2336 ich mit der wahrheit, weiter ist mir
485 2267 1460 2418 von dieser traurigen Begebenheit nichts
491 2343 667 2445 bekant.
798 2361 1394 2494 dern griechtige den
754 2380 809 2475 .
644 2415 780 2502 176770
492 2437 663 2546 28.
821 2452 981 2547 162.
562 2586 792 2710 Signirt
809 2659 1326 2814 Franz von Favel¬
457 2923 1406 3121 und Befel Meine gnädige Herrn der Räthen
481 3037 1388 3205 Burden an̄och folgende Spersohnen in
480 3124 1368 3259 ihren Außagen vernommen, welche
492 3214 1428 3345 nach vorheriger kräftiger Vermahnung
484 3269 1426 3421 also zu reden, daß sie ihre Depositionen
492 3364 1427 3520 auf erforderen eydtlich bestäthigen können,
482 3433 1013 3571 ausgesagt, wie folget.
1269 3461 1373 3556 Als
1313 3543 1404 3658 1.
1629 658 1728 735 A.
2621 413 2785 520 307.
1753 520 2819 744 Picter Kreus von Freyburg aus Schreit¬
1735 645 2813 846 egen, in Arbeit in der Indiene Fabrique
1725 683 2739 913 im Sulgenbach, allwo er auch wohnhaft
2355 812 2716 947 Sagte aus¬
1736 883 1891 988 seye.
1730 959 2703 1164 Er seye bemelten tags, deß Abends
1725 1031 2730 1231 ungefart um 8. Uhr aus der Stadt
1725 1136 2690 1311 gegangen, da er dann schon bey dem
1724 1208 2774 1383 Oberen Thor einen starken Lermen bey
1720 1304 2788 1462 Herrn von Tatels Hauß gehöret, und als Er
1712 1387 2782 1534 dahin gekommen, um nach Hause zu gehen
1717 1458 2770 1606 habe Er gewahret, daß man Steinen die
1719 1544 2794 1677 Straaß hinauf werde, habe aber wegen
1717 1622 2724 1762 der Nacht Einsterin nicht gesehen,
2384 1698 2796 1830 deßtwegen
1714 1722 2195 1840 ber solches gethan.
1719 1775 2810 1935 er nicht gut gefunden, seinem Weg weiters
1715 1858 2769 1979 fort zu sehen, sonder seye da verblieben
1702 1932 2692 2071 biß das Steinen bey den aufgehöret.
1715 2010 2768 2134 darauf er sich fort begeben, und als er
1706 2086 2726 2216 ein wenig die Straaß hinab gegangen,
1699 2165 2695 2286 seye ihme der Christian Weiger und
1697 2242 2705 2355 Herrn von Tafeld Gärtner, Nahmend
1705 2315 2770 2471 Schäffer begegnet, und gras nach ihnen
1692 2391 2720 2561 bey H. von Tafeld Scheür habe er noch
1699 2494 2775 2617 den Lamberg, Christen Aschiman̄, und
1691 2559 2757 2727 Hand Jörg Willer angetroffen, welche
1689 2648 2735 2793 gegen ihne die daß hinauf gekommen,
1700 2730 2712 2888 sagend, es seye nicht gut, da hinab zu
1699 2806 2702 2959 gehen, indemme volle Steinkauere von
1699 2867 2707 3050 dan̄en gegangen, welche eben jetzt mit
1706 2950 2793 3139 dem Christian Weiger Lermen gehabt.
1871 3040 2778 3217 Auf diß hin er Depe mit diesen
1699 3092 2724 3287 Frey letzt vermelten wider zurück zu
1692 3181 2753 3387 H. von Tatels Hauß gegangen, da er
1697 3271 2782 3460 sie verlaßen, und durch einen anderen
1691 3333 2724 3580 Wog nach Hauß in den Sulgenbach sich
1689 3414 1919 3538 begeben
2334 3657 2632 3820 Frug. etc.
