3024 4032
317 357 484 448 438.
375 1706 461 1806 3.
419 943 508 1056 2.
524 465 1453 605 einem Ohl, daß in der hinteren Lauben neben
532 560 1447 680 dem Kauff-Hauß wider gefunden. Sie
527 641 1447 760 schähe den dißmahligen Verlurst wenigstens
534 720 1295 824 auf 12. biß 14. Neüe duplonen.
520 933 1404 1061 Anna Lindingerin von gleichem Ort
525 1038 765 1119 klagt auch.
767 1032 1400 1147 Es seye ihr die nemliche
505 1106 1469 1218 Nacht im Mören - Gang ein solcher Diebstahl
511 1175 1456 1282 an Strümpfen aus einer Kisten geschehen, biß
511 1266 1391 1370 aber die Anzahl nicht zu bestimmen. Doch
501 1335 1430 1448 glaube sie, daß der verluest auf 20 l. sich
506 1419 868 1513 belauffen möge.
970 1429 1423 1535 Actum den 5ten May
479 1474 624 1587 1765.
490 1667 1441 1811 H. Carolus Ruhr aus dem Zürich Gebiet, in
475 1777 1441 1871 Condition bey H. Chyrurgo Berchthold, zeigte
485 1845 1332 1959 an, daß, als er sontags den 28ten
485 1921 1392 2028 Aprellen gegen 30. Uhr in der Nacht
484 2017 1398 2122 aus der Schner Stuben ohne Liecht gegen
474 2085 1422 2197 dem S. v. Secret gegangen, habe er ver¬
476 2161 1441 2276 gsführt, daß er auf etwas von zeüg getretten.
461 2259 1417 2380 und da er solches aufgehoben, und in das Zimmer
459 2317 1429 2450 getragen, habe er gestehen, daß es ein paar kei
467 2444 1391 2535 Kinder Strümpfli gebesten, worauf Herrn Deutsch
469 2513 1401 2619 gleich gesagt, diß seye von der Tiroller waar,
459 2585 1435 2701 die in dem Mohren gang in Verbahrung stehe, sie
470 2667 1435 2773 wollen schauen, ob etwas verderbt oder angegriffen
467 2752 1390 2849 worden, da sich dann erfunden, daß ein Faß, so
473 2826 1404 2946 ieben ihrer Stuben Thur in dem Eben gestanden,
454 2910 1428 3020 strumpf waar enthaltend, offen und wohl 3 ver
448 2976 1458 3084 gewesen, an diesem daß seyen die oberen Reisen
442 3079 1405 3188 (:wie es scheine, mit dem Meßer 1) aufge¬
446 3153 1456 3267 schriften worden, denne seye ein ander Fäßlin
456 3242 1361 3352 so nahe bey der Stegen gestanden, auch offen
433 3286 1454 3427 gebesten, der Toden dazu seye, nebst ohngefahren
431 3401 1413 3508 20 Stück Kappen darinn gelegen dehr haben
1336 3450 1425 3553 sie
2594 334 2731 428 439.
1672 458 2746 618 auch gebühret, daß man an einer Kosten Hand ange-
1682 542 2756 678 legt, ob aber etwas daraus genommen worden, möge
2157 614 2750 738 Diester habe er alsobald den
1673 654 2002 764 er nicht büßen.
1668 709 2711 863 heen Reinhard dem wihrt bey den Möhren ange¬
1681 782 2740 926 zeigt, welcher zuunter gekommen, und mit liechteren
1668 875 2683 1022 durch den Gang gegen der Mezger Gaß ge¬
1655 929 2723 1095 gangen, da sie dann untenzer dem Kaufhaus eine
1667 1020 2649 1175 sparthey Kappen in einem alten Ohl fäßlin
1672 1090 2739 1230 angetroffen, welche die Stirollerin zu ihren Handen
1668 1167 2681 1322 genommen, und nachdem Er diesen Diebstahl der
1662 1249 2688 1419 Wacht bey dem Rahthaus angezeigt, und in den
1673 1320 2749 1497 Lauben nachgeforstehet habe, seyen sie in die Ruhe
1669 1495 1894 1553 gegangen.
1676 1494 2717 1645 Ob er den gleichen Abend in der Scheer Stuben
1542 1550 1638 1668 Gr.
1664 1610 2053 1712 zugebracht habe.
1680 1642 2650 1788 Er seye biß gegen 8. Vhren auf der Stuben
1545 1689 1656 1795 Antb.
1676 1730 2725 1845 gewesen, und noch dem Nachteßen biß gegen 10.
1675 1800 2694 1920 Uhren mit einem Cameraden in der Lauben
1678 1915 1881 2009 paziert.
1676 1953 2632 2067 Ob Er kein gepolder oder Westen gehört.
1548 1983 1654 2082 Fr.
1679 2056 2012 2154 Nein gar nichts.
1574 2076 1640 2146 4.
1676 2136 2670 2260 Ob Er niemand verdächtiget daherum gestehen?
1555 2151 1648 2257 Dr.
1679 2224 1813 2314 Nein.
1581 2224 1643 2305 4.
1594 2475 2734 2652 E. Maria Editz von Schäfftlend, gebehtenen
1677 2615 2736 2719 Magd bey H. Reinchers auf Er E. Gesellschaft
1678 2680 2116 2777 zu Möhren, sagte.
1666 2749 2752 2873 Auf Befragen. Es seye erst gesteren angezeigt,
1684 2827 2691 2934 und bekant worden, daß sie gesagt habe, Sie
1680 2913 2628 2996 habe in der nacht, da der Diebstahl in dem
1687 2997 2713 3095 Möhren Gang geschehen, 2. verdächtige Weibs¬
1687 3085 2666 3185 Ppersonen, die Sie vor die Güstreng und ihre
1684 3148 2664 3243 unehrliche Tochter erkennet, in bemeltem Gang
1684 3247 2728 3335 angetroffen und gestehen, warum Sie nicht zur Zeit
1681 3299 2731 3416 und schon längstend dieses behörigen Ohrts ange¬
1681 3381 1943 3495 zeigt habe.
