3024 4032
176 2477 248 2599 1
221 320 384 415 264.
353 391 434 568 2.
453 394 1377 569 Bäbrels Leemann, der hiervorigen
438 480 1379 634 Beller Maas Tochter, bey 14. Jahren
424 561 1395 720 Alters, sagte aus mellen ein gleichen
434 643 1357 781 wie seine Muter, ausgenommen, daß
425 723 1313 859 Es die Indiene Trukern nicht weg
418 802 1363 951 gehen gesehen, und nicht wüße, wo sie
411 911 759 1022 hingekommen.
400 1001 1373 1183 Auf gefragen, Ob der Christian
392 1112 1343 1254 Menger, deß Herrn von Tabels Knecht
395 1184 1233 1330 auch bey diesem Streit gewesen.
382 1265 1382 1408 Antwortete Er, ad habe ihne mit keinem
389 1343 1354 1515 Auch gesehen, weder, daß Er mit diesen
391 1438 1376 1589 lenten getrunken, noch bey dem Streit
381 1511 843 1649 sich einbefunden.
373 1635 1346 1829 Auf instieren, daß der Knecht ein¬
363 1753 1329 1911 mahl im Verdacht seye, sich in diesen
365 1839 1302 1985 Streit gemischet zu haben, und der
359 1917 1304 2056 Verdacht noch großer werde, indeme
362 1988 1318 2154 Verlaute, Er habe sich gefluchtet. Hat
360 2073 1350 2226 ed dennoch keiner wegs eingestehen wollen.
358 2141 1311 2304 den knecht zu dieser Zeit gesehen zu
338 2226 1281 2370 haben, noch daß ihm in wißen seye,
357 2306 1323 2461 daß er bey dieser Schlägerey sich ein
344 2380 1158 2526 befunden, worauf Er beharrete.
247 2464 378 2561 stende
231 2479 1325 2684 3. Maria Großmann, deß unglück¬
350 2605 1315 2742 dlichen Samuel Burgis von deglen
349 2700 1317 2818 Eheweil, bey 28. Jahren Alters, habe
351 2764 1259 2913 den knab von 5. Jahren. Sagte
601 2852 735 2956 auf.
356 2950 1250 3147 Her Hand Freyburghauß, und
365 3075 1318 3218 Frischen wenn beyd in Arbeit bey
341 3155 1337 3317 H. Werkmeister Heller, haben gester
342 3232 1288 3397 Abends ungefürden 10 Uhr, seinen
344 3318 1328 3485 nunmehro verstorbenen Ehemann, das
1141 3442 1309 3567 bey.
2470 289 2636 414 265.
1579 394 2635 570 Bey gleichem H. Werkmeister gearbeitet,
1579 499 2568 644 nach Hauser gebracht, da Er würklich in
1559 581 2511 697 Sett gewesen, haben ihne auf einen
1575 659 2601 793 Stuhl gesetzet, und auf seinen egehren auf
1570 740 2517 879 das Roll Rath geleget, da Er nichts
1573 822 2611 973 anders geredet, als sich über diejenigen
1577 907 2599 1050 beklaget, welche ihne geschlagen, ohne
1575 986 2589 1147 jemand zu namsen, habe auch geklaget
1572 1074 2593 1212 große Schmerzen am Kopf zu haben,
1581 1152 2322 1281 und daß er am ohr blute
2102 1233 2149 1290 811
1708 1223 2601 1349 diese zwey Manner aber haben
1563 1306 2478 1477 gesaget, sie haben mit noch einem
1573 1384 2594 1517 anderen Mann von König, bey H. von
1577 1475 2529 1606 Tatel eine halb Maas getrauren
1566 1529 2619 1699 daselbst noch Indiene trukere sich einbe¬
1567 1607 2542 1743 stunden, der Hand Freyburghaus
1570 1681 2592 1833 habe, als sie daselbst beygehen wollen,
1559 1759 2620 1929 von jemand ein Streich an Kopf bekommen.
1717 1838 2547 1985 Nachwerts habe man ihnen die
1565 1897 2610 2062 Gaßen hinab Steinen nachgeworffen,
1563 1995 2579 2145 öhne, daß sie Anlaß darzu gegeben,
1552 2096 2595 2229 dieser Freyburghauß habe Ihr De¬
1569 2158 2600 2307 ponentin auch die Wunden gezeiget.
1563 2248 2547 2389 so er hinden am Kopff empfangen
1575 2338 2507 2459 mit verdeüten, er seye stärker
2339 2423 2538 2532 Der
1561 2431 2319 2545 verbundet, als sein Man¬
1563 2509 2526 2637 Christian Brunni dann habe ein ge¬
1565 2585 2580 2724 schwollenes Aug gehabt. Da diese
1567 2663 2563 2790 zwey Männer weg gegangen, habe Er
1580 2739 2542 2862 mit dem Mann reden wollen, ihme
1573 2823 2568 2966 auch Suppen zu machen angebotten,
1576 2901 2499 3041 Er habe aber nichts geantwortet.
1566 2976 2568 3119 darauf habe Er sich auf das obere Reth
1582 3064 2523 3203 ingleicher Stuben zu dem Babeli
1582 3148 2462 3287 geleget, welches ein einfaltigen
1575 3214 2508 3374 Mensch seyn, und bey ihnen auf der
1575 3286 2591 3461 Störk genahet, und seye in der Nacht
2283 3381 2567 3512 etwelche etc.
2620 400 2671 536 s
