3024 4032
328 342 472 437 468.
338 462 484 604 Fr.
363 801 460 899 2.
374 1263 481 1421 Je.
356 1551 447 1657 21.
374 1769 495 1877 Je¬
334 2215 427 2332 21.
331 2420 470 2551 Fei
319 2692 432 2801 2.
317 2985 442 3132 Je
527 449 1506 614 3 fahlen einmahl auch 2. Vandomes, 3. Raten
506 557 1458 650 6. Dorottes, 5. Nachthauben. 9. Hals Tücher
510 628 1493 732 2 Fürtuch von Monsseline, 1. Toilette. I. Conste
520 678 1281 781 mit Spizen, 1. paar Manchettes.
512 768 1498 923 Es befinden sich noch 3. Gold tücher und 1. Nacht
519 885 1453 987 Hauben unter dem Zeug, so hier bey der
500 950 1456 1065 Stell seye, der Frau von Wattenbyb zuge¬
518 1029 1469 1132 hörig und sonst wiße sie von nichts mehr, sie
513 1106 1453 1209 habe aber noch Sachen in dem Zuber gelaßen,
515 1183 1349 1293 und nicht die ganze Wösch weggenommen.
520 1274 1456 1418 Es verlaute dieser Zuber mit Zeüg seye zuge¬
506 1373 1473 1505 dekt geweßen, und hinter einem fliegenhaus
489 1474 734 1570 gestanden.
503 1561 1446 1679 Sie versichere, daß der Zuber unbewert auch
516 1666 946 1778 dem kant gewesen.
530 1775 1386 1892 da dieses nicht ein Hauß seÿe, das freÿen
509 1857 1466 1977 Durchgang habe, so seye allerdings zu ver¬
508 1936 1482 2056 muhten, sie seye in dem Vorstaz zu stühlen
507 2016 1467 2133 dahin gegangen, und habe die Wösch zuvord
509 2106 844 2224 ausgestehet.
493 2218 1447 2343 Sie habe durch dieses Hand zu dem Pfister
502 2320 951 2422 Hemmen gehen wollen.
513 2417 1465 2537 der Pfister Hemman wohne zu oberst in der
509 2501 1451 2620 lauben, sie hätte also füglicher durch das
494 2603 1152 2708 obere Gäßlin gehen könen.
478 2704 1461 2833 Sie hätte freylich einen andern Weg nemmen
484 2790 1477 2913 können, indeßen wüße Sie nicht aus war Grund
490 2875 1232 2995 Sie durch dieses Hauß gegangen.
478 2965 1464 3118 Man solle auch hoffen, daß Sie dießmal
502 3092 1456 3201 über den andern diebstahl von Tyroller
471 3166 1412 3285 Strümpfen und Kappen, gleichfalls die
472 3248 1437 3362 Wahrheit reden, mithin bekennen werde,
466 3312 1490 3452 auf welche Weise sie solchen verübet, zuma
486 3394 1483 3547 ihre vorige Erzehlung hierüber gantz fabel hies
1591 844 1672 925 4.
2535 478 2671 572 469.
1725 515 2671 659 und anbey so viel an den Tag gekommen seye
1717 573 2629 730 daß Sie überwiesen werden könte, solche
1728 655 2634 791 Imbd chrifft in dem Moren ganz verübet zu
1720 737 1869 821 haben.
1706 834 2599 973 Sie wolle auch hierüber die reine Wahrheit
1729 920 2645 1044 offenbaren. An einem Sontag seye sie
1725 986 2567 1117 etwan um 4 Uhr durch den Morengung
1714 1057 2606 1169 gegangen, daselbst Sie ein Claß gebahret,
1712 1136 2614 1238 welches zwar mit dem Betel gedeket, aber
1729 1217 2656 1318 nicht verschloßen wäre, am Abend habe sie
1713 1283 2644 1381 sich wieder dahin begeben, habe aus diesem
1719 1367 2676 1459 Jaß zu dreyen Mahlen in ihrem furtung
1716 1449 2640 1530 von dieser Waar weggenommen, und solche
1709 1510 2607 1614 zuerst an die Mezger Gaß in ein Jaß
1721 1601 2649 1698 gethan, von da sie dann zwey furtuch voll
1708 1674 2664 1776 Heim auf ihren estrich in das Bankträglin
1714 1744 1943 1839 getragen.
1733 1842 2663 1959 Ob. Sie erharten dörffe, diesem Diebstahl
1575 1856 1687 1951 De
1714 1942 2561 2036 allein und ohne Hülf verübet zu haben.
1590 2034 1791 2125 A. Ge¬
1727 2125 2635 2239 Mann werde ihr doch leüt stellen, der an dem
1583 2132 1699 2233 Fr.
1709 2205 2658 2299 gleichen Sontag Abends sie mit jemand anders
1714 2284 2385 2379 in dem Mören Gang gestehen.
1710 2340 2650 2516 Sie beharren, daß Sie ganz allein diese That
1606 2386 1678 2485 24
1718 2489 1939 2564 begangen.
1733 2548 2688 2661 Solches seye unglaublich, indeme der Diebstahl
1535 2559 1726 2668 Inotiert
1724 2622 2588 2728 aus einer Kisten und zweyen Fäßeren
1715 2677 2673 2796 geschehen, welche mit Kunst und Gewalt haben
1719 2766 2280 2880 erbrochen werden müßen.
1709 2842 2655 3000 Sie betheure, daß sie diese That ohne Hülf und
1565 2888 1644 2974 A.
1720 2927 2631 3071 einzig verrichtet, und zwar habe Sie nur aus
1714 2999 2647 3143 einem faß genommen, welches sie mit der Hand
1720 3130 2042 3218 eröfnen können.
1716 3156 2650 3323 In welch Gattung, daß Sie diese Strumpf
1556 3228 1675 3325 be¬
1707 3312 1863 3408 gethan.
1709 3343 2609 3513 Es seye ein spahr daß von etwann 3ten Schuhen hoch
1563 3386 1633 3479 4.
1696 3491 1895 3571 gewesen.
