3024 4032
334 308 469 400 484.
363 1103 502 1221 Ants
339 1329 483 1444 De
367 1547 463 1661 2.
356 1703 474 1821 In¬
365 1867 442 1978 A.
381 1990 459 2093 fe
338 2179 431 2261 22.
340 2295 457 2399 Fr.
335 2412 430 2501 27.
329 2535 459 2648 Fr.
336 2711 433 2811 2.
435 2947 509 3063 .
542 433 1486 584 sondern Gott und einer Gnädigen Obrigkeit
530 541 1509 669 die Ehre zu geben, und ihre stra Ebare Vorgehen diß
521 615 1444 738 mahl ungeſcheucht zu offenbaren, mithin über
526 697 1491 817 aller, so sie werde befragt werden, die keine Wahr¬
533 762 1478 878 heit zu reden, da sonsten der hohe Befelch bey die
518 852 1477 954 Stelle seye, Sie durch die Marter zur wahren
541 916 1494 1045 Bekantnuß zu bringen, welche ihr nicht und bleiben,
525 1011 682 1124 burde.
536 1117 1454 1243 Sie habe die Wahrheit würklich geredet, und wolle
526 1209 835 1318 sie annoch reden.
530 1316 1468 1437 Ob sie über die entwendte Wösch bey der frau
518 1396 1406 1526 von Wattenbyl die wahre hergangenheit
522 1470 693 1560 gesagt.
516 1563 595 1656 Ja.
530 1681 1463 1824 Ob Sie ihrer tochter diesen diebstahl nicht ge¬
514 1764 795 1859 roffenbaret.
515 1884 596 1995 zu.
502 1983 1418 2121 Ob ihr Mann nicht auch wißenschaft davon
489 2080 652 2165 gehabte
514 2161 927 2297 die geringste nicht.
502 2291 1331 2397 Wenn Sie von diesen Sachen verkauft.
490 2419 1056 2526 Nur der Frau Bühlin.
500 2494 1482 2644 Er seye doch eine Liste bey der Stelle, dardurchte
502 2621 1348 2741 eines andern überwiesen werden könne?
486 2727 1464 2848 Sie bestimme sich noch folgendes davon verkauffet,
1230 2810 1355 2928 Als.
475 2818 710 2927 zu haben.
494 2931 1199 3038 der Frau Rüetschi am Stalden.
567 3011 1097 3123 4. Vendomes ohne Freid.
481 3091 1474 3229 der Jahrl. Des Aubert. 1. Fürtuch von Monsieurs
544 3206 798 3320 um 18. b.
484 3282 1439 3424 der Johrl. Luthenburger Mags am Stalden
535 3391 1243 3513 2. Nachthauben mit Schizen.
1614 558 1655 608 t
2649 289 2800 392 485
1682 440 2760 586 der Barbara Schneider des Färbers tochter
1678 535 2754 662 an der Matten 1. Hauben um 16. b. aber
1684 620 2772 761 nur die Spizen gehören der Frau von Watten,
1687 726 1810 835 bgl.
1674 775 2754 912 des kommer dieners Weib bey Herr Amman
1649 879 2539 1033 Christhing, 2. Stüklein Monsseline.
1668 950 2761 1127 Solle aufrichtig sagen, auf welche Weiste Sie den
1560 1045 1645 1138 Ie
1674 1057 2770 1169 diebstahl in dem Mören Gang begangen, und ob
1670 1139 2764 1254 Sie vorbedächtlich diese that zu verüber von Haus
1682 1244 1936 1353 sich begeben.
1637 1269 2775 1458 Ja, Sie seye in dem böster Vorstag von Haus gegangen
1560 1356 1641 1436 A.
1667 1444 2349 1565 Mit bei Sie dahin gegangen.
1544 1472 1641 1596 Sr
1569 1543 2701 1644 A. zuerst allein, da Sie aber ein daß eröffnet
1666 1619 2775 1728 gehabt, seye Sie heimgegangen, ihre Tochter zu holen
1667 1724 2616 1833 Ob der Man zu Hans zu Wacht gestiefen.
1554 1720 1648 1830 S.
1559 1838 1750 1942 it. Ge¬
1552 1917 2562 2035 Fr. Ob er nicht mit ihr von Hauß gegangen.
1564 2030 2169 2137 A. Sie wiße es nicht mehr.
1567 2132 1662 2226 Gr.
1667 2129 2771 2249 Ob Sie ihr böses vorhaben ihm nicht großenbaret.
1561 2210 2523 2364 A. Sie habe davon nichts mit ihm geredet.
1561 2339 2452 2452 fr: Ob die Tochter auch mit ihr gegangen.
1560 2412 1646 2530 .
1656 2453 2128 2573 Ja, da sie es gehalt.
1556 2546 1649 2643 Fr.
1677 2556 2717 2673 Ob Sie nicht damahl würklich von dieser Waar
1658 2650 2001 2742 heimgetragen.
1552 2717 1634 2840 4.
1659 2721 2708 2895 Nein, sondern erst, da die Tochter mit gekommen.
1543 2841 1642 2933 Ce
1666 2853 2757 2985 Ob sie der tochter im Mören gang nit strümpf
1673 2935 2247 3062 in das Fürtuch gegeben?
1545 2974 1632 3082 2.
1655 3024 2767 3141 Nein, sondern Sie habe diese Waar zuerst an
1671 3104 2731 3250 die Mezger Gaß in ein faß getragen, dan
1671 3182 2777 3304 indeßen die Tochter bey der vorderen Thür ge¬
1660 3271 2781 3379 hütet, und erst aus dem Faß an der Mezger-
1673 3332 2774 3469 Daß habe Sie der Tochter ihr Fürtuch angefüllt.
1524 3404 1624 3499 Fr.
1678 3440 2708 3579 Ja Sie den Diebstahl aus dem Maren Gang
1649 3516 2711 3659 getragen, was Sie hernach darmit vorgenommen?
