3024 4032
195 2524 337 2635 Auts.
257 1305 377 1442 Sung.
278 77 438 209 16
385 188 1276 416 Brittes Examen
367 368 1532 627 Mit Niclaus Greich gebür
403 475 1464 658 tig von Hintziken, catatis 16. Jahre
426 605 1447 743 verheiratet mit Barbara Balmen
397 672 1498 848 von Schlaberg. habe 2. Kinder seyn
405 762 1459 947 in der Stadt Wacht, und arbeite steith
409 871 1518 1049 etwelcher zeit allhier in Morgehen Stunde
393 983 725 1076 fabrication.
712 1032 978 1196 verführt
361 1129 1512 1324 durch letzt vorgedachte Hohen Examinaten
412 1314 1456 1450 Es seye Ihme genugsam bekant, aus
399 1408 1452 1545 was grund er hier gefänglich eingesezt
394 1479 1490 1624 worden, und an welch schwären verbrecht
375 1584 1486 1701 er antheil habe, dahero er auf das kräf¬
355 1662 1489 1810 etigste ermahnet werde, aufrichtig und
369 1754 1443 1898 rund zu bekennen, in wie weit er
370 1850 1474 1987 sich in Morgen Münz Statt in unteru
364 1946 1463 2107 vergriffen, und was Ihme diß orts¬
358 2058 1440 2195 von anderen in wißen seyn möge, so
362 2155 1400 2294 werde er vermittelst deßen Eine
345 2262 1399 2407 hohe Oberkeit gegen Ihne zur gnad¬
364 2366 671 2474 lencken.
370 2527 1464 2653 Er werde nach seinem besten wißen und
358 2618 1392 2735 gelaßen nichts verhalen, sonderen
341 2713 1448 2840 Einer hohen Oberkeit wie schuldig seinen
345 2813 1384 2933 begangenen Fehler mit hertzlicher
329 2882 1432 3019 Ren offenbahren, welcher sich aufrichtig
990 2985 1376 3108 Sie erschon
326 3009 749 3121 also verhalte.
329 3097 1343 3224 vormahls außgesagt, so habe der
303 3178 1345 3307 Christen Stähli sein Mitarbeiter
323 3279 1427 3422 ihne nur Wienacht oder das Seujahr
288 3382 1419 3511 herum auf Münstingen zum Ochßen
311 3455 1448 3598 bescheiden, dahin er sich verfüget, ohne
1546 2965 1677 3098 Frag
1552 3106 1684 3211 Auctio
2746 211 2862 326 47.
1752 366 2849 526 zu wißen, was er mit ihme wolle, nach¬
1748 445 2810 573 demme Sie daselbst zu Nacht geeßen
1767 541 2835 657 übermachtet, deß Morgens de jennire
1758 591 2836 736 und zu Morgen gespiesen, habe der
1755 673 2860 797 Stähli allein die rauze Urthe mit neue
1745 759 2813 878 Bunf dahen Stucken bezalet, worüber
1748 848 2830 997 er Geg. erschreiben, und ihme zugeredet,
1747 942 2853 1067 warum er sich jetzt zu letzt noch untreu
1749 1009 2823 1161 erzeige, da doch vorher alles so aufrichtig
1729 1114 2839 1246 zugegangen, darauf er ihme Ing. 6. von
1740 1213 2869 1344 denen Bung dazen Stucken zu geworffen,
1742 1309 2777 1425 welche er aus Einfalt unbedacht und
2791 1332 2821 1405 .
1732 1407 2787 1515 Reichtsinigkeit zu handen genommen.
1742 1472 2836 1626 Eine weyl hernach habe der Stähli an der
1711 1558 2843 1657 Kreuz gaß ihme 57. und ein ander
1729 1653 2807 1795 mahl bey dem Söhren Gang annoch
1712 1760 2843 1880 11. Stuck ungeprägete zugestellet, mit
1733 1834 2822 1965 dem anraten, daß er solche bey dem
1720 1890 2845 2063 Präg- Stock gegen geprägte außlaeplen
1723 1988 2823 2113 solle, die Sie dann theillen wollen,
1728 2092 2810 2208 worin er ihme leider willfahret, und
1716 2148 2840 2298 diese 68. Stuck angegebener maßen
1712 2240 2833 2364 außgetauschet, welche er aber niemale
1714 2323 2827 2473 mit ihme getheillet, indemme er 50
1707 2392 2776 2556 Stuck darvon zu Klein höchstetten
1714 2508 2803 2663 in seiner Behausung im Schafft und
1696 2583 2836 2731 die übrigen allhier am Stalden in seinem
1696 2642 2816 2843 Kosthauß verbahret habe, welche Megh.
1727 2764 2785 2917 wohl werden zu handen gezogen haben.
1705 2827 2664 3020 und dieses seye sein verbrechen.
1706 2951 2839 3199 Wie er diese Jettons außtauschen können.
1717 3119 2749 3327 Er habe solches in der Zeit gethan, da
1681 3227 2789 3411 er die Munz-stöck gepräget, allwann
1684 3307 2796 3512 die Arbeitere meistens aus der Kammer
1660 3424 2819 3627 gegangen, da er dann allein gewesen,
