3024 4032
391 410 556 503 402.
574 503 1588 729 Welches ihnen gesagt, gestern Abend
579 599 1563 766 zwüschen Tag und Nacht, habe er den
575 676 1574 846 Jacob Wäber auf dem Feld zwüsche
571 752 1550 912 Wohlen und Cappelen ganz allein
572 837 1552 1005 und stark gegen Steinis weg gehen,
575 911 1539 1068 angetroffen, weilen es ihne ge¬
575 985 1538 1156 ekennet, habe es ihne Anreden¬
562 1073 1565 1236 Er aber sich nicht bey ihme aufhalten
574 1155 1553 1329 wollen, sonder einends fortgegangen
562 1235 1510 1362 Es habe ihn gedunket der Kerl
569 1298 1537 1464 Frage in einem sauberen Käsen,
571 1384 1507 1532 Lumpen ein Schaubhut, da er
560 1470 1529 1639 gedacht, es werde etwas für seine
555 1556 1135 1698 Hochzeiterin seyn.
597 1666 1479 1827 Endete hiermit ihre Außag
676 1790 1466 1925 abgelesen und bestäthiget.
461 2047 1502 2197 8. Anna Schorn des Weibels
560 2155 1498 2267 Tochter im Steinis weg bey 20
526 2235 1500 2376 Jahren Alters, machte durchaus
551 2332 1465 2465 die gleiche Erzehlung wie seine
533 2407 1446 2534 Muter hievor betreffend die
517 2480 1488 2619 Zurükkonft des Jacob Wäbers
530 2570 1480 2696 ihrer Knechts letsten Montag
531 2644 1500 2793 Abends, bader vorgegeben, so Er
527 2735 1480 2868 den Tag hindurch gewesen, und mit
534 2817 1490 2942 kemme Er auf dern gegangen, auch
542 2892 1434 3025 Hen er zu Zeit sich geleget, un
521 2952 1485 3106 Morgen wieder aufgestanden und
520 3035 1474 3165 von Hand sich begeben, mit dem
510 3101 1496 3268 Anzeig, daß Er auf Frießbyl
526 3187 1548 3317 gehen wolle. Was darauf sichen
524 3250 1512 3423 beiterem zugetragen, hat ers hochgende
1275 3374 1452 3443 Ja am
518 3364 1074 3499 maßen ausgestant.
500 3418 1474 3586 Morgens ungefund um 6. Ahren
1367 3481 1503 3577 der 5
2582 541 2760 642 403.
1740 601 2774 794 Der Peter Lobliger und Christen
1766 736 2664 864 Witschi von Herren schwanden
1782 806 2704 940 nebst seinem der Depl. Vatter
1769 882 2727 1025 daher gekommen, und sie von der
1762 955 2693 1079 Muter vernommen, daß der
1772 1038 2652 1177 Knecht im Stand übernachtet
1775 1104 2742 1247 derselbe aber erst bloß sich wider
1781 1189 2737 1327 fort begeben, haben die Männer
1763 1278 2725 1404 ihne erstlich um das Haus herum
1774 1343 2711 1472 gesuchet, wie sie ihne aber nicht
1769 1422 2750 1555 finden noch erfahren können, seyen
1779 1496 2689 1592 sie zurük gekommen, da dann die
1751 1561 2635 1693 Muter Ihns Deponentin mit
1769 1644 2655 1773 denen Männeren geschikt, ihnen
1763 1721 2733 1847 den Weg, so der Knecht genommen,
2249 1791 2691 1890 darauf es mit
1756 1799 2045 1904 zu zeigen
2196 1821 2249 1888 1
1760 1850 2699 1989 diesen Männeren nachgeeilet und
1747 1927 2646 2047 gehoret, wie aber rein Bescheid
1757 2002 2728 2134 erfolget, habe es geruffen, Jaggen.
1739 2073 2676 2204 darauf hin Er descheins geben,
1751 2148 2722 2258 und zurück gegen sie gekommen, da
1749 2213 2713 2344 dan̄ die beyden Männer der zu
1745 2293 2667 2425 beyden Seiten beyden Armen
1746 2371 2742 2499 gehalten, und zuruk in das Haus
2026 2443 2724 2538 Die Manner haben
1755 2447 2022 2542 regleitet.
1746 2509 2712 2652 dem Knecht alsobald verdeütet
1745 2603 2708 2738 sie seyen nicht vergeblich hieher
1739 2679 2571 2780 gekommen, man habe ein
1738 2749 2730 2887 Mentsch vor gefunden, Er müße
1751 2827 2661 2918 mit ihnen an das Ort kommen
1742 2906 2642 3036 worzu Er sich billig verstanden.
1724 2980 2691 3102 Sie haben ihne auch getraget, wie
1748 3042 2643 3186 langte, solch seine Verlebte nicht
1738 3123 2675 3252 gestehen. Er geantwortet, seit
1743 3200 2725 3327 dem Samstag macht habe er es nicht
1739 3277 2630 3419 gestehen. Die haben nun alle
1744 3342 2719 3492 mit einander Suppen geeßen, der
2402 3427 2701 3551 Knechts.
