<?xml version="1.0" encoding="UTF-8" standalone="yes"?>
<PcGts xmlns="http://schema.primaresearch.org/PAGE/gts/pagecontent/2013-07-15" xmlns:xsi="http://www.w3.org/2001/XMLSchema-instance" xsi:schemaLocation="http://schema.primaresearch.org/PAGE/gts/pagecontent/2013-07-15 http://schema.primaresearch.org/PAGE/gts/pagecontent/2013-07-15/pagecontent.xsd">
    <Metadata>
        <Creator>prov=University of Rostock/Institute of Mathematics/CITlab|PLANET AI GmbH/Gundram Leifert/gundram.leifert@planet-ai.de:name=German_Kurrent_XVI-XVIII_M5.4(htr_id=38771)::::v=2.6.7
prov=University of Rostock/Institute of Mathematics/CITlab|PLANET AI GmbH/Tobias Gruening/tobias.gruening@planet-ai.de:name=de.uros.citlab.module.baseline2polygon.B2PSeamMultiOriented:v=2.6.7
prov=University of Rostock/Institute of Mathematics/CITlab|PLANET AI GmbH/Tobias Gruening/tobias.gruening@planet-ai.de:name=/net_tf/LA73_249_0mod360.pb:de.uros.citlab.segmentation.CITlab_LA_ML:v=2.6.7
Transkribus</Creator>
        <Created>2022-06-16T09:29:16.181+02:00</Created>
        <LastChange>2022-09-12T15:37:19.251+02:00</LastChange>
        <TranskribusMetadata docId="1334852" pageId="52362954" pageNr="67" tsid="114644847" status="IN_PROGRESS" userId="9570" imgUrl="https://files.transkribus.eu/Get?id=XLGJIFXCWRTVTZFCLHKRNLIL&amp;fileType=view" xmlUrl="https://files.transkribus.eu/Get?id=BGWJIWCSBNPAOWAJBRTQXOQF" imageId="35485663"/>
    </Metadata>
    <Page imageFilename="IMG_7818.jpg" imageWidth="3024" imageHeight="4032">
        <ReadingOrder>
            <OrderedGroup id="ro_1687513606838" caption="Regions reading order">
                <RegionRefIndexed index="0" regionRef="r1"/>
                <RegionRefIndexed index="1" regionRef="r2"/>
                <RegionRefIndexed index="2" regionRef="r3"/>
            </OrderedGroup>
        </ReadingOrder>
        <TextRegion orientation="0.0" id="r1" custom="readingOrder {index:0;}">
            <Coords points="147,103 147,259 279,259 279,103"/>
            <TextLine id="r1l1" custom="readingOrder {index:0;}">
                <Coords points="139,227 154,225 169,213 205,230 238,222 258,231 286,219 287,179 277,182 253,159 230,152 212,164 202,155 189,159 169,151 154,159 142,153"/>
                <Baseline points="147,203 173,204 199,204 226,206 252,207 279,209"/>
                <TextEquiv>
                    <Unicode>132.</Unicode>
                </TextEquiv>
            </TextLine>
            <TextEquiv>
                <Unicode>132.</Unicode>
            </TextEquiv>
        </TextRegion>
        <TextRegion orientation="0.0" id="r2" custom="readingOrder {index:1;}">
            <Coords points="239,347 239,3597 1406,3597 1406,347"/>
            <TextLine id="r2l1" custom="readingOrder {index:0;}">
                <Coords points="347,408 783,422 919,491 1041,437 1338,531 1347,432 1207,396 1095,415 831,337 759,369 614,307 524,337 427,274 358,294"/>
                <Baseline points="356,390 404,394 453,397 502,399 551,402 600,404 649,407 698,408 747,411 796,414 845,417 893,420 942,424 991,429 1040,435 1089,442 1138,450 1187,461 1236,473 1285,486 1334,501"/>
                <TextEquiv>
                    <Unicode>derentwillen Er gegenwärtig</Unicode>
                </TextEquiv>
            </TextLine>
            <TextLine id="r2l2" custom="readingOrder {index:1;}">
                <Coords points="333,513 518,540 939,513 1201,566 1273,627 1330,596 1334,548 1243,498 1185,512 1127,459 1075,478 1013,442 919,491 791,431 671,456 612,417 543,451 493,406 424,405 340,431"/>
                <Baseline points="342,491 391,492 440,494 489,495 538,495 587,497 636,498 685,498 734,500 783,502 832,504 881,507 930,512 979,517 1028,523 1077,531 1126,540 1175,551 1224,563 1273,579 1323,596"/>
                <TextEquiv>
                    <Unicode>befragt werde: Alles was Er</Unicode>
                </TextEquiv>
            </TextLine>
            <TextLine id="r2l3" custom="readingOrder {index:2;}">
                <Coords points="329,625 407,588 693,597 734,644 952,606 1151,645 1192,694 1260,668 1395,784 1422,635 1289,639 1198,562 1068,593 996,525 917,578 819,568 752,509 653,543 563,518 495,559 338,529"/>
                <Baseline points="339,587 392,587 445,588 499,588 552,588 605,590 659,590 712,591 765,593 819,596 872,600 925,603 979,610 1032,617 1085,625 1139,635 1192,647 1245,661 1299,678 1352,696 1406,717"/>
                <TextEquiv>
                    <Unicode>hierüber sagen könne, seÿe, daß </Unicode>
                </TextEquiv>
            </TextLine>
            <TextLine id="r2l4" custom="readingOrder {index:3;}">
                <Coords points="333,700 450,715 603,676 965,744 1080,717 1204,793 1274,765 1351,807 1356,744 1192,694 1150,646 849,614 760,654 692,597 560,651 491,597 340,621"/>
                <Baseline points="342,677 392,678 442,680 492,680 542,681 593,681 643,683 693,683 743,684 793,687 844,689 894,692 944,697 994,702 1044,709 1095,717 1145,726 1195,738 1245,751 1295,766 1346,783"/>
                <TextEquiv>
                    <Unicode>Er schon vor etwas Zeits ohnge¬</Unicode>
                </TextEquiv>
            </TextLine>
            <TextLine id="r2l5" custom="readingOrder {index:4;}">
                <Coords points="315,831 366,847 508,781 786,790 899,858 1044,798 1361,881 1332,796 1206,795 1109,730 1042,761 996,724 806,705 573,695 512,726 478,694 326,696"/>
                <Baseline points="327,774 378,774 429,776 481,776 532,776 584,776 635,777 686,777 738,779 789,780 841,782 892,785 943,789 995,795 1046,800 1098,808 1149,817 1200,828 1252,841 1303,855 1355,872"/>
                <TextEquiv>
                    <Unicode>fehrd 3. Wochen ehe und befor¬</Unicode>
                </TextEquiv>
            </TextLine>
            <TextLine id="r2l6" custom="readingOrder {index:5;}">
                <Coords points="319,888 520,873 661,913 727,876 945,943 1028,904 1155,946 1338,940 1190,855 1091,835 1045,866 958,825 886,859 794,792 591,795 471,847 324,824"/>
                <Baseline points="327,867 377,869 427,869 477,870 527,870 578,872 628,872 678,873 728,875 778,876 829,878 879,881 929,884 979,887 1029,892 1080,899 1130,905 1180,913 1230,922 1280,933 1331,945"/>
                <TextEquiv>
                    <Unicode>die übelthat außgebrochen</Unicode>
                </TextEquiv>
            </TextLine>
            <TextLine id="r2l7" custom="readingOrder {index:6;}">
                <Coords points="316,983 734,985 810,1024 909,988 1069,1006 1138,1057 1215,1021 1331,1050 1333,1011 1092,913 979,970 832,887 679,955 528,878 477,901 392,875 320,917"/>
                <Baseline points="324,971 374,972 424,972 474,974 524,974 574,975 624,975 674,977 724,977 774,979 824,981 874,983 924,987 974,990 1024,996 1074,1000 1124,1007 1174,1013 1224,1021 1274,1031 1325,1041"/>
                <TextEquiv>
                    <Unicode>von dennen gaßen leüthen</Unicode>
                </TextEquiv>
            </TextLine>
            <TextLine id="r2l8" custom="readingOrder {index:7;} person {offset:17; length:12; continued:true;}">
                <Coords points="314,1108 475,1077 551,1115 697,1075 921,1088 1223,1136 1290,1196 1373,1175 1379,1098 1178,1028 1115,1058 1031,998 905,1031 857,991 774,1045 541,979 320,1026"/>
                <Baseline points="324,1071 376,1071 428,1071 480,1071 532,1071 585,1071 637,1073 689,1073 741,1074 793,1076 846,1078 898,1082 950,1086 1002,1091 1054,1097 1107,1104 1159,1113 1211,1123 1263,1136 1315,1148 1367,1164"/>
                <TextEquiv>
                    <Unicode>gehört habe, die Anna Schlag¬</Unicode>
                </TextEquiv>
            </TextLine>
            <TextLine id="r2l9" custom="readingOrder {index:8;} person {offset:0; length:4; continued:true;}">
                <Coords points="312,1207 499,1165 608,1218 713,1178 871,1227 961,1194 1178,1263 1258,1242 1327,1291 1353,1198 1159,1177 924,1094 318,1108"/>
                <Baseline points="321,1166 372,1166 423,1166 474,1166 525,1166 576,1166 627,1167 679,1167 730,1170 781,1171 832,1174 883,1177 934,1181 985,1185 1037,1190 1088,1196 1139,1203 1190,1211 1241,1218 1292,1228 1344,1238"/>
                <TextEquiv>
                    <Unicode>paro befinde sich Schwänger,</Unicode>
                </TextEquiv>
            </TextLine>
            <TextLine id="r2l10" custom="readingOrder {index:9;}">
                <Coords points="316,1281 600,1264 859,1295 913,1267 1086,1342 1163,1310 1278,1354 1327,1333 1330,1291 1027,1223 901,1249 751,1181 667,1240 542,1195 431,1215 386,1176 321,1200"/>
                <Baseline points="324,1262 373,1262 423,1262 473,1262 523,1263 573,1264 622,1266 672,1268 722,1269 772,1272 822,1275 871,1278 921,1281 971,1284 1021,1289 1071,1294 1120,1300 1170,1305 1220,1313 1270,1320 1320,1326"/>
                <TextEquiv>
                    <Unicode>von ihme selber aber habe Er</Unicode>
                </TextEquiv>
            </TextLine>
            <TextLine id="r2l11" custom="readingOrder {index:10;}">
                <Coords points="301,1377 382,1408 496,1360 771,1370 886,1419 1030,1377 1134,1448 1305,1425 1329,1385 1197,1347 1022,1363 915,1294 754,1328 634,1274 492,1341 356,1269 306,1293"/>
                <Baseline points="309,1358 359,1360 410,1361 460,1362 511,1364 561,1365 612,1366 662,1367 713,1368 763,1370 814,1373 865,1376 915,1377 966,1382 1016,1385 1067,1390 1117,1394 1168,1401 1218,1408 1269,1415 1320,1424"/>
                <TextEquiv>
                    <Unicode>solches weder gesehen noch ge¬</Unicode>
                </TextEquiv>
            </TextLine>
            <TextLine id="r2l12" custom="readingOrder {index:11;}">
                <Coords points="301,1483 548,1475 768,1534 927,1488 1084,1536 1178,1495 1354,1526 1357,1448 1313,1461 1225,1408 1070,1466 837,1409 742,1455 624,1383 444,1440 304,1424"/>
                <Baseline points="309,1460 360,1463 412,1466 464,1467 516,1469 568,1470 620,1472 672,1473 724,1475 776,1476 828,1478 879,1479 931,1481 983,1484 1035,1487 1087,1490 1139,1494 1191,1498 1243,1504 1295,1510 1347,1515"/>
                <TextEquiv>
                    <Unicode>mercket, deßhalber Er darauf</Unicode>
                </TextEquiv>
            </TextLine>
            <TextLine id="r2l13" custom="readingOrder {index:12;}">
                <Coords points="294,1592 412,1554 599,1571 839,1648 1017,1584 1082,1618 1221,1603 1348,1660 1353,1564 1284,1544 1232,1578 1162,1523 1017,1560 867,1497 676,1548 542,1478 432,1526 298,1520"/>
                <Baseline points="303,1556 355,1557 407,1559 459,1560 511,1562 563,1563 615,1565 667,1566 719,1568 771,1571 823,1572 875,1575 927,1577 979,1581 1031,1584 1083,1587 1135,1592 1187,1598 1239,1602 1291,1608 1344,1614"/>
                <TextEquiv>
                    <Unicode>gar keine Acht gemacht; doch</Unicode>
                </TextEquiv>
            </TextLine>
            <TextLine id="r2l14" custom="readingOrder {index:13;}">
                <Coords points="277,1704 375,1661 677,1684 742,1723 858,1673 1037,1678 1183,1746 1273,1704 1356,1717 1321,1648 1194,1665 1000,1597 840,1648 587,1574 281,1608"/>
                <Baseline points="285,1656 338,1658 391,1659 444,1661 497,1662 551,1664 604,1664 657,1666 710,1667 763,1668 817,1670 870,1672 923,1675 976,1677 1029,1681 1083,1685 1136,1689 1189,1692 1242,1698 1295,1704 1349,1712"/>
                <TextEquiv>
                    <Unicode>habe es ihne seint dem Gerücht</Unicode>
                </TextEquiv>
            </TextLine>
            <TextLine id="r2l15" custom="readingOrder {index:14;}">
                <Coords points="265,1801 924,1771 1223,1818 1308,1785 1281,1731 1140,1753 1000,1682 751,1723 662,1685 587,1725 332,1670 268,1709"/>
                <Baseline points="273,1757 324,1757 375,1757 427,1757 478,1757 530,1758 581,1758 633,1760 684,1761 736,1762 787,1763 838,1765 890,1766 941,1769 993,1772 1044,1773 1096,1775 1147,1778 1199,1780 1250,1783 1302,1787"/>
                <TextEquiv>
                    <Unicode>freylich gedunket, das mentsch</Unicode>
                </TextEquiv>
            </TextLine>
            <TextLine id="r2l16" custom="readingOrder {index:15;}">
                <Coords points="286,1897 470,1859 680,1906 921,1860 996,1902 1209,1879 1356,1907 1357,1858 1201,1809 1146,1842 1022,1798 926,1832 852,1795 650,1833 426,1784 289,1807"/>
                <Baseline points="294,1853 346,1851 399,1851 452,1851 505,1851 558,1851 610,1851 663,1851 716,1853 769,1853 822,1854 874,1856 927,1857 980,1859 1033,1862 1086,1864 1138,1867 1191,1870 1244,1873 1297,1877 1350,1881"/>
                <TextEquiv>
                    <Unicode>Habe ein großen Rauch, allein</Unicode>
                </TextEquiv>
            </TextLine>
            <TextLine id="r2l17" custom="readingOrder {index:16;}">
                <Coords points="274,2001 537,1952 749,1989 805,1963 902,2005 1085,1976 1175,2013 1357,1979 1358,1951 1198,1886 880,1928 750,1868 687,1905 455,1869 276,1909"/>
                <Baseline points="282,1947 335,1949 388,1949 442,1949 495,1949 549,1949 602,1949 655,1949 709,1949 762,1949 816,1949 869,1950 922,1951 976,1952 1029,1954 1083,1956 1136,1959 1189,1963 1243,1966 1296,1970 1350,1976"/>
                <TextEquiv>
                    <Unicode>Er habe es dahin gestellt seyn</Unicode>
                </TextEquiv>
            </TextLine>
            <TextLine id="r2l18" custom="readingOrder {index:17;}">
                <Coords points="280,2039 357,2077 402,2045 511,2044 536,2028 633,2044 634,2001 588,1994 531,2011 428,1953 360,2002 280,2001"/>
                <Baseline points="287,2031 313,2029 339,2028 365,2027 391,2027 417,2028 443,2028 469,2029 495,2030 521,2031 547,2031 573,2031 599,2031 626,2031"/>
                <TextEquiv>
                    <Unicode>laßen.</Unicode>
                </TextEquiv>
            </TextLine>
            <TextLine id="r2l19" custom="readingOrder {index:18;}">
                <Coords points="251,2213 979,2209 1083,2248 1270,2244 1320,2219 1321,2136 1042,2129 995,2171 945,2128 708,2148 252,2067"/>
                <Baseline points="258,2196 310,2199 363,2201 416,2202 469,2202 521,2204 574,2204 627,2205 680,2205 732,2205 785,2205 838,2205 891,2205 943,2205 996,2205 1049,2207 1102,2207 1154,2208 1207,2210 1260,2211 1313,2214"/>
                <TextEquiv>
                    <Unicode>Von der Kinds Niederkunfft seyen</Unicode>
                </TextEquiv>
            </TextLine>
            <TextLine id="r2l20" custom="readingOrder {index:19;}">
                <Coords points="257,2329 436,2296 545,2344 595,2306 632,2335 912,2297 1127,2339 1264,2295 1264,2211 1137,2276 954,2222 770,2277 540,2223 257,2271"/>
                <Baseline points="264,2292 313,2292 363,2294 412,2294 462,2294 512,2295 561,2295 611,2295 661,2295 710,2295 760,2294 810,2294 859,2294 909,2294 959,2294 1008,2295 1058,2295 1108,2295 1157,2297 1207,2298 1257,2300"/>
                <TextEquiv>
                    <Unicode>ihme auch gar nichts bewußt,</Unicode>
                </TextEquiv>
            </TextLine>
            <TextLine id="r2l21" custom="readingOrder {index:20;}">
                <Coords points="264,2408 367,2392 451,2434 619,2390 1251,2405 1321,2358 1204,2317 1069,2346 906,2304 723,2356 596,2307 545,2343 511,2314 263,2325"/>
                <Baseline points="270,2391 322,2391 374,2390 426,2390 478,2389 531,2388 583,2388 635,2387 687,2387 739,2385 792,2385 844,2385 896,2384 948,2384 1000,2384 1053,2384 1105,2384 1157,2384 1209,2384 1261,2385 1314,2385"/>
                <TextEquiv>
                    <Unicode>Sontags darnach als den 20. ten</Unicode>
                </TextEquiv>
            </TextLine>
            <TextLine id="r2l22" custom="readingOrder {index:21;}">
                <Coords points="269,2522 709,2477 1359,2507 1358,2431 1167,2391 1081,2436 1006,2406 798,2440 723,2399 658,2453 566,2457 499,2410 269,2442"/>
                <Baseline points="275,2480 328,2480 382,2480 436,2480 490,2478 544,2478 598,2477 651,2477 705,2476 759,2475 813,2475 867,2474 921,2474 975,2474 1028,2474 1082,2474 1136,2474 1190,2475 1244,2477 1298,2478 1352,2480"/>
                <TextEquiv>
                    <Unicode>habe Ihme der Meister verdeütet,</Unicode>
                </TextEquiv>
            </TextLine>
            <TextLine id="r2l23" custom="readingOrder {index:22;}">
                <Coords points="250,2595 445,2585 542,2638 633,2577 748,2566 818,2618 889,2578 965,2574 1015,2617 1176,2567 1324,2588 1323,2506 1265,2547 1199,2495 963,2522 906,2485 762,2528 633,2491 541,2540 367,2488 250,2522"/>
                <Baseline points="257,2577 310,2577 363,2576 416,2574 469,2574 522,2573 575,2571 628,2571 681,2570 734,2570 787,2570 840,2570 893,2568 946,2568 999,2568 1052,2568 1105,2569 1158,2570 1211,2570 1264,2571 1317,2571"/>
                <TextEquiv>
                    <Unicode>die Jungfrau befinde sich krank¬</Unicode>
                </TextEquiv>
            </TextLine>
            <TextLine id="r2l24" custom="readingOrder {index:23;}">
                <Coords points="266,2706 870,2663 1077,2704 1222,2659 1312,2677 1311,2609 1259,2592 988,2621 901,2579 818,2621 765,2579 704,2633 617,2643 447,2607 265,2621"/>
                <Baseline points="272,2667 323,2667 375,2667 426,2667 478,2666 530,2666 581,2664 633,2664 685,2663 736,2663 788,2661 840,2660 891,2660 943,2658 995,2658 1046,2658 1098,2657 1150,2657 1201,2657 1253,2658 1305,2658"/>
                <TextEquiv>
                    <Unicode>Habe ihra in der Nacht Retholter</Unicode>
                </TextEquiv>
            </TextLine>
            <TextLine id="r2l25" custom="readingOrder {index:24;}">
                <Coords points="251,2787 392,2780 488,2819 622,2765 903,2793 1015,2751 1277,2783 1329,2755 1329,2683 1244,2717 1184,2680 1069,2727 909,2687 748,2739 646,2685 579,2733 390,2681 250,2706"/>
                <Baseline points="257,2760 310,2760 363,2759 416,2759 470,2759 523,2757 576,2757 630,2756 683,2756 736,2754 790,2754 843,2753 896,2753 949,2752 1003,2751 1056,2751 1109,2750 1163,2750 1216,2749 1269,2748 1323,2748"/>
                <TextEquiv>
                    <Unicode>Waßer geben müßen, darauf</Unicode>
                </TextEquiv>
            </TextLine>
            <TextLine id="r2l26" custom="readingOrder {index:25;}">
                <Coords points="247,2899 342,2906 428,2855 787,2853 867,2897 1036,2851 1151,2889 1324,2837 1324,2787 1231,2762 1098,2823 971,2774 650,2767 406,2822 246,2783"/>
                <Baseline points="254,2858 307,2856 360,2855 413,2855 466,2853 519,2853 572,2852 626,2852 679,2852 732,2852 785,2851 838,2850 891,2850 944,2850 998,2850 1051,2849 1104,2848 1157,2847 1210,2846 1263,2844 1317,2841"/>
                <TextEquiv>
                    <Unicode>er geantwortet, er habe es selbst</Unicode>
                </TextEquiv>
            </TextLine>
            <TextLine id="r2l27" custom="readingOrder {index:26;}">
                <Coords points="254,2985 717,2946 877,2988 929,2955 1006,3003 1055,2964 1303,2947 1303,2897 1248,2869 1165,2916 1106,2891 998,2922 794,2860 596,2867 520,2909 420,2865 343,2914 253,2912"/>
                <Baseline points="261,2952 312,2951 364,2949 416,2948 468,2947 519,2946 571,2946 623,2946 675,2945 726,2945 778,2945 830,2945 882,2945 933,2945 985,2945 1037,2943 1089,2943 1140,2942 1192,2941 1244,2940 1296,2937"/>
                <TextEquiv>
                    <Unicode>gesehen und von ihren gehalten</Unicode>
                </TextEquiv>
            </TextLine>
            <TextLine id="r2l28" custom="readingOrder {index:27;}">
                <Coords points="253,3074 540,3044 637,3091 705,3045 851,3107 976,3033 1067,3083 1235,3077 1324,3052 1323,2974 1002,2992 919,2959 841,2988 654,2955 597,2989 547,2960 252,2999"/>
                <Baseline points="260,3048 312,3047 365,3047 418,3045 471,3045 524,3044 577,3044 629,3042 682,3042 735,3041 788,3041 841,3041 894,3039 947,3039 999,3038 1052,3036 1105,3036 1158,3035 1211,3033 1264,3032 1317,3032"/>
                <TextEquiv>
                    <Unicode>gehöret, daß Sie sich aber hieber</Unicode>
                </TextEquiv>
            </TextLine>
            <TextLine id="r2l29" custom="readingOrder {index:28;}">
                <Coords points="258,3157 296,3152 359,3197 442,3153 482,3152 505,3162 523,3156 523,3125 463,3107 431,3118 397,3090 343,3076 323,3058 258,3077"/>
                <Baseline points="264,3137 289,3138 314,3138 339,3138 364,3138 390,3138 415,3138 440,3138 465,3138 490,3138 516,3138"/>
                <TextEquiv>
                    <Unicode>Klage.</Unicode>
                </TextEquiv>
            </TextLine>
            <TextLine id="r2l30" custom="readingOrder {index:29;}">
                <Coords points="241,3310 405,3345 478,3290 737,3326 872,3288 944,3337 1103,3285 1294,3288 1293,3196 1162,3231 906,3193 705,3263 502,3262 341,3189 240,3222"/>
                <Baseline points="248,3290 302,3291 357,3291 412,3291 466,3291 521,3291 576,3290 630,3290 685,3288 740,3287 794,3285 849,3285 904,3284 958,3282 1013,3282 1068,3281 1122,3281 1177,3281 1232,3281 1287,3281"/>
                <TextEquiv>
                    <Unicode>von genauwer Freundschafft und</Unicode>
                </TextEquiv>
            </TextLine>
            <TextLine id="r2l31" custom="readingOrder {index:30;}">
                <Coords points="234,3445 412,3388 526,3437 776,3380 834,3409 1174,3380 1244,3341 1101,3294 943,3338 610,3303 494,3365 230,3337"/>
                <Baseline points="239,3396 291,3395 344,3393 396,3391 449,3389 501,3386 554,3384 607,3383 659,3380 712,3378 764,3375 817,3374 869,3372 922,3371 975,3369 1027,3369 1080,3369 1132,3369 1185,3369 1238,3371"/>
                <TextEquiv>
                    <Unicode>gemeinschafft zwüschen dem</Unicode>
                </TextEquiv>
            </TextLine>
            <TextLine id="r2l32" custom="readingOrder {index:31;}">
                <Coords points="238,3502 374,3524 753,3471 926,3515 1063,3463 1165,3511 1297,3468 1295,3405 1100,3434 1030,3380 982,3428 903,3383 756,3390 578,3457 446,3404 366,3451 294,3426 236,3458"/>
                <Baseline points="245,3491 297,3488 349,3486 401,3484 454,3481 506,3479 558,3476 610,3473 663,3470 715,3468 767,3465 819,3464 872,3462 924,3460 976,3459 1028,3458 1081,3458 1133,3458 1185,3458 1237,3459 1290,3461"/>
                <TextEquiv>
                    <Unicode>Meister und der Jungfrau habe</Unicode>
                </TextEquiv>
            </TextLine>
            <TextLine id="r2l33" custom="readingOrder {index:32;}">
                <Coords points="1127,3590 1137,3588 1158,3601 1197,3580 1207,3579 1225,3590 1235,3590 1226,3504 1209,3500 1200,3504 1193,3499 1168,3514 1160,3513 1150,3523 1144,3518 1120,3522"/>
                <Baseline points="1133,3575 1164,3570 1195,3566 1226,3566"/>
                <TextEquiv>
                    <Unicode>Er</Unicode>
                </TextEquiv>
            </TextLine>
            <TextEquiv>
                <Unicode>derentwillen Er gegenwärtig
befragt werde: Alles was Er
hierüber sagen könne, seÿe, daß 
Er schon vor etwas Zeits ohnge¬
fehrd 3. Wochen ehe und befor¬
die übelthat außgebrochen
von dennen gaßen leüthen
gehört habe, die Anna Schlag¬
paro befinde sich Schwänger,
von ihme selber aber habe Er
solches weder gesehen noch ge¬
mercket, deßhalber Er darauf
gar keine Acht gemacht; doch
habe es ihne seint dem Gerücht
freylich gedunket, das mentsch
Habe ein großen Rauch, allein
Er habe es dahin gestellt seyn
laßen.
Von der Kinds Niederkunfft seyen
ihme auch gar nichts bewußt,
Sontags darnach als den 20. ten
habe Ihme der Meister verdeütet,
die Jungfrau befinde sich krank¬
Habe ihra in der Nacht Retholter
Waßer geben müßen, darauf
er geantwortet, er habe es selbst
gesehen und von ihren gehalten
gehöret, daß Sie sich aber hieber
Klage.
von genauwer Freundschafft und
gemeinschafft zwüschen dem
Meister und der Jungfrau habe
Er</Unicode>
            </TextEquiv>
        </TextRegion>
        <TextRegion orientation="0.0" id="r3" custom="readingOrder {index:2;}">
            <Coords points="1566,325 1566,3484 2669,3484 2669,325"/>
            <TextLine id="r3l1" custom="readingOrder {index:0;}">
                <Coords points="2547,384 2558,385 2576,375 2618,385 2627,382 2632,388 2654,391 2656,333 2642,334 2629,324 2618,330 2613,326 2607,329 2599,322 2584,324 2578,320 2558,334 2549,332"/>
                <Baseline points="2555,369 2586,371 2617,372 2648,372"/>
                <TextEquiv>
                    <Unicode>133.</Unicode>
                </TextEquiv>
            </TextLine>
            <TextLine id="r3l2" custom="readingOrder {index:1;}">
                <Coords points="1592,563 2051,518 2204,577 2394,540 2545,577 2652,554 2653,490 2477,448 2305,489 1994,438 1949,475 1593,447"/>
                <Baseline points="1599,533 1651,528 1703,525 1756,523 1808,521 1860,520 1913,519 1965,519 2017,519 2070,519 2122,521 2174,522 2227,523 2279,525 2331,527 2384,528 2436,531 2488,533 2541,536 2593,537 2646,539"/>
                <TextEquiv>
                    <Unicode>Er sich anderster nicht geachtet, außert</Unicode>
                </TextEquiv>
            </TextLine>
            <TextLine id="r3l3" custom="readingOrder {index:2;}">
                <Coords points="1589,639 1912,608 2112,651 2194,609 2345,651 2399,623 2652,647 2663,565 1590,560"/>
                <Baseline points="1596,615 1651,612 1707,609 1763,606 1818,605 1874,605 1930,605 1986,605 2041,606 2097,608 2153,609 2209,611 2264,612 2320,614 2376,615 2432,617 2487,618 2543,618 2599,620 2655,620"/>
                <TextEquiv>
                    <Unicode>daß Sie, wie Er auch, gantz friedlich mit</Unicode>
                </TextEquiv>
            </TextLine>
            <TextLine id="r3l4" custom="readingOrder {index:3;}">
                <Coords points="1594,715 1890,708 1958,759 2041,703 2103,728 2227,711 2227,611 2112,651 2080,634 2036,668 2002,651 1903,668 1836,628 1769,667 1737,653 1595,679"/>
                <Baseline points="1601,704 1633,701 1666,698 1698,695 1731,694 1763,693 1796,693 1829,693 1861,693 1894,693 1926,695 1959,695 1991,696 2024,698 2057,699 2089,700 2122,701 2154,701 2187,702 2220,702"/>
                <TextEquiv>
                    <Unicode>ein anderen gelebet.</Unicode>
                </TextEquiv>
            </TextLine>
            <TextLine id="r3l5" custom="readingOrder {index:4;}">
                <Coords points="1583,895 1674,884 1750,927 1886,873 2214,890 2273,935 2342,904 2573,933 2628,915 2630,826 2357,817 2314,854 2208,805 1883,792 1805,847 1724,849 1643,784 1585,799"/>
                <Baseline points="1590,882 1641,879 1693,878 1744,876 1796,876 1848,876 1899,878 1951,879 2002,881 2054,882 2106,884 2157,887 2209,889 2260,891 2312,893 2364,894 2415,896 2467,896 2518,896 2570,896 2622,896"/>
                <TextEquiv>
                    <Unicode>belanget aber die Meister Frau, so</Unicode>
                </TextEquiv>
            </TextLine>
            <TextLine id="r3l6" custom="readingOrder {index:5;}">
                <Coords points="1596,970 1716,1008 1819,974 1870,1012 1946,975 2334,1014 2439,977 2563,1031 2648,1016 2650,911 2212,935 2130,903 2018,949 1800,889 1735,941 1655,891 1597,903"/>
                <Baseline points="1602,966 1654,966 1706,966 1758,966 1810,966 1862,966 1914,968 1966,968 2018,968 2070,969 2122,969 2174,971 2226,971 2278,972 2330,973 2382,974 2434,975 2486,977 2538,978 2590,980 2642,981"/>
                <TextEquiv>
                    <Unicode>seye selbige mit wohl zu frieden gsin</Unicode>
                </TextEquiv>
            </TextLine>
            <TextLine id="r3l7" custom="readingOrder {index:6;}">
                <Coords points="1586,1066 1911,1069 2005,1116 2082,1067 2221,1094 2278,1063 2457,1110 2639,1067 2640,1034 2502,1036 2424,991 2222,1021 2088,985 2021,1017 1937,977 1868,1012 1799,972 1658,1033 1587,1020"/>
                <Baseline points="1593,1055 1645,1055 1697,1053 1749,1053 1801,1053 1853,1053 1905,1055 1957,1055 2009,1056 2061,1058 2113,1059 2165,1059 2217,1061 2269,1062 2321,1062 2373,1064 2425,1064 2477,1064 2529,1064 2581,1064 2633,1062"/>
                <TextEquiv>
                    <Unicode>mit der Jungfrau, hätte sie gerne</Unicode>
                </TextEquiv>
            </TextLine>
            <TextLine id="r3l8" custom="readingOrder {index:7;}">
                <Coords points="1579,1178 1634,1146 1820,1186 1920,1142 2117,1182 2234,1143 2367,1194 2405,1159 2644,1155 2644,1090 2517,1071 2457,1110 2405,1076 2266,1121 2089,1067 2005,1116 1720,1058 1580,1080"/>
                <Baseline points="1587,1143 1639,1141 1692,1140 1744,1140 1797,1139 1849,1139 1902,1140 1954,1140 2007,1142 2059,1142 2112,1143 2164,1145 2217,1145 2269,1146 2322,1146 2374,1146 2427,1146 2479,1146 2532,1146 2584,1145 2637,1143"/>
                <TextEquiv>
                    <Unicode>fort gesehen, wann sie nicht geförchtet</Unicode>
                </TextEquiv>
            </TextLine>
            <TextLine id="r3l9" custom="readingOrder {index:8;}">
                <Coords points="1576,1245 1757,1230 1855,1267 1973,1229 2445,1277 2552,1230 2663,1240 2663,1188 2602,1158 2403,1165 2360,1200 2215,1152 2131,1192 2064,1155 1949,1187 1886,1145 1821,1185 1635,1147 1576,1179"/>
                <Baseline points="1583,1229 1636,1227 1690,1225 1744,1224 1797,1224 1851,1223 1905,1223 1958,1224 2012,1224 2066,1224 2120,1226 2173,1226 2227,1227 2281,1227 2334,1227 2388,1229 2442,1229 2495,1229 2549,1229 2603,1227 2657,1227"/>
                <TextEquiv>
                    <Unicode>der Meister Wäre sich nicht zufrieden.</Unicode>
                </TextEquiv>
            </TextLine>
            <TextLine id="r3l10" custom="readingOrder {index:9;}">
                <Coords points="1574,1399 1753,1377 2004,1430 2141,1373 2399,1369 2519,1408 2568,1368 2656,1377 2657,1279 2574,1329 2497,1296 2448,1330 2323,1323 2145,1263 2028,1326 1828,1327 1733,1269 1575,1311"/>
                <Baseline points="1581,1361 1634,1361 1687,1359 1741,1359 1794,1359 1848,1358 1901,1358 1954,1358 2008,1359 2061,1359 2115,1359 2168,1360 2221,1361 2275,1362 2328,1362 2382,1364 2435,1364 2488,1365 2542,1366 2595,1368 2649,1368"/>
                <TextEquiv>
                    <Unicode>Einsten, ohngefehrd etwan 14. Tag vor</Unicode>
                </TextEquiv>
            </TextLine>
            <TextLine id="r3l11" custom="readingOrder {index:10;}">
                <Coords points="1590,1470 1772,1459 1836,1503 1895,1478 2081,1511 2203,1463 2296,1494 2369,1465 2583,1482 2584,1417 2402,1441 2327,1405 2088,1403 2001,1438 1891,1391 1831,1433 1790,1407 1698,1430 1640,1382 1590,1406"/>
                <Baseline points="1596,1457 1645,1457 1694,1457 1743,1455 1792,1455 1841,1455 1890,1455 1939,1455 1988,1457 2037,1457 2086,1457 2135,1458 2184,1458 2233,1459 2282,1460 2331,1460 2380,1461 2429,1463 2478,1463 2527,1464 2577,1464"/>
                <TextEquiv>
                    <Unicode>dem Außbruch, habe ihme die</Unicode>
                </TextEquiv>
            </TextLine>
            <TextLine id="r3l12" custom="readingOrder {index:11;}">
                <Coords points="1580,1563 1700,1592 1749,1565 1814,1603 1944,1554 2553,1551 2537,1519 2395,1529 2329,1473 2293,1500 2224,1470 2001,1539 1894,1477 1843,1520 1771,1482 1580,1504"/>
                <Baseline points="1587,1548 1635,1550 1683,1550 1731,1550 1779,1551 1827,1551 1875,1551 1923,1551 1971,1550 2019,1550 2067,1550 2115,1550 2163,1550 2211,1550 2259,1550 2307,1550 2355,1550 2403,1550 2451,1551 2499,1551 2547,1553"/>
                <TextEquiv>
                    <Unicode>Meister frau im Vertrauwen</Unicode>
                </TextEquiv>
            </TextLine>
            <TextLine id="r3l13" custom="readingOrder {index:12;}">
                <Coords points="1586,1650 1686,1671 1822,1640 1979,1703 2171,1635 2357,1670 2630,1648 2630,1605 2518,1558 2296,1613 2197,1555 2089,1600 1936,1560 1587,1602"/>
                <Baseline points="1593,1634 1644,1634 1696,1634 1747,1635 1799,1635 1850,1635 1902,1635 1953,1635 2005,1634 2056,1634 2108,1634 2160,1634 2211,1634 2263,1635 2314,1635 2366,1635 2417,1637 2469,1637 2520,1638 2572,1640 2624,1641"/>
                <TextEquiv>
                    <Unicode>eröffnet, sie getrauwe die An̄a</Unicode>
                </TextEquiv>
            </TextLine>
            <TextLine id="r3l14" custom="readingOrder {index:13;} place {offset:0; length:10;}">
                <Coords points="1579,1736 1748,1785 1897,1777 1968,1730 2514,1747 2621,1729 2622,1667 2506,1709 2424,1659 2240,1703 2175,1656 2080,1708 1828,1673 1758,1703 1579,1649"/>
                <Baseline points="1586,1725 1637,1725 1688,1725 1740,1725 1791,1725 1843,1725 1894,1725 1946,1726 1997,1727 2049,1727 2100,1728 2151,1728 2203,1728 2254,1730 2306,1730 2357,1730 2409,1730 2460,1729 2512,1728 2563,1728 2615,1727"/>
                <TextEquiv>
                    <Unicode>Schlappach gehe mit dem Kind, und</Unicode>
                </TextEquiv>
            </TextLine>
            <TextLine id="r3l15" custom="readingOrder {index:14;}">
                <Coords points="1585,1854 1643,1823 1727,1863 1799,1816 1860,1858 2028,1815 2118,1861 2288,1820 2463,1864 2665,1820 2666,1756 2502,1773 2365,1736 2117,1794 2020,1792 1952,1744 1845,1785 1585,1767"/>
                <Baseline points="1592,1817 1645,1815 1698,1814 1751,1814 1805,1814 1858,1814 1911,1814 1965,1814 2018,1814 2071,1814 2125,1815 2178,1815 2231,1815 2284,1817 2338,1817 2391,1817 2444,1817 2498,1817 2551,1817 2604,1817 2658,1815"/>
                <TextEquiv>
                    <Unicode>Habe gleichsam angedeütet, Sie förchte</Unicode>
                </TextEquiv>
            </TextLine>
            <TextLine id="r3l16" custom="readingOrder {index:15;}">
                <Coords points="1574,1927 2424,1906 2490,1944 2540,1911 2628,1925 2628,1870 2463,1880 2283,1820 2034,1883 1877,1843 1716,1866 1642,1823 1573,1856"/>
                <Baseline points="1580,1910 1632,1909 1684,1908 1736,1907 1788,1907 1840,1905 1892,1905 1944,1905 1996,1904 2048,1904 2100,1904 2152,1904 2204,1904 2256,1904 2308,1904 2360,1904 2412,1904 2464,1904 2516,1904 2568,1904 2621,1904"/>
                <TextEquiv>
                    <Unicode>der Meister wäre schuld daran, habe</Unicode>
                </TextEquiv>
            </TextLine>
            <TextLine id="r3l17" custom="readingOrder {index:16;}">
                <Coords points="1579,2045 1643,2005 1804,1999 2234,2041 2402,1991 2477,2034 2662,2002 2662,1941 2570,1974 2456,1921 2292,1970 2112,1901 2046,1953 1970,1914 1758,1976 1648,1937 1579,1957"/>
                <Baseline points="1586,2000 1639,1998 1692,1997 1746,1995 1799,1995 1853,1994 1906,1994 1960,1994 2013,1994 2067,1994 2120,1992 2173,1992 2227,1992 2280,1992 2334,1992 2387,1992 2441,1992 2494,1992 2548,1992 2601,1992 2655,1992"/>
                <TextEquiv>
                    <Unicode>ihme aber die Verschwigenheit hierüber</Unicode>
                </TextEquiv>
            </TextLine>
            <TextLine id="r3l18" custom="readingOrder {index:17;}">
                <Coords points="1584,2095 1626,2124 1688,2088 1737,2108 1799,2098 1860,2126 1928,2088 1986,2106 2099,2086 2099,2042 1972,2047 1900,2002 1745,2035 1647,2005 1584,2046"/>
                <Baseline points="1590,2085 1615,2085 1640,2084 1665,2084 1690,2083 1715,2082 1740,2082 1766,2081 1791,2081 1816,2081 1841,2081 1866,2081 1891,2081 1916,2081 1942,2081 1967,2082 1992,2082 2017,2082 2042,2082 2067,2084 2093,2084"/>
                <TextEquiv>
                    <Unicode>sehr anbefohlen.</Unicode>
                </TextEquiv>
            </TextLine>
            <TextLine id="r3l19" custom="readingOrder {index:18;}">
                <Coords points="1577,2247 1813,2196 1910,2235 2105,2202 2194,2245 2425,2201 2659,2222 2659,2148 2602,2174 2366,2104 2310,2139 1887,2103 1732,2151 1673,2112 1578,2138"/>
                <Baseline points="1584,2199 1637,2198 1690,2196 1744,2196 1797,2196 1851,2196 1904,2196 1957,2196 2011,2196 2064,2198 2118,2198 2171,2199 2224,2199 2278,2201 2331,2201 2385,2202 2438,2204 2491,2204 2545,2205 2598,2205 2652,2207"/>
                <TextEquiv>
                    <Unicode>während der Zeit, da Er dorten gedienet,</Unicode>
                </TextEquiv>
            </TextLine>
            <TextLine id="r3l20" custom="readingOrder {index:19;}">
                <Coords points="1589,2309 1663,2281 1730,2316 1810,2270 2029,2278 2083,2328 2178,2283 2216,2313 2295,2281 2453,2318 2528,2281 2626,2299 2627,2244 2426,2202 2222,2251 2103,2212 2041,2253 1684,2222 1590,2259"/>
                <Baseline points="1596,2279 1647,2277 1698,2276 1749,2276 1800,2276 1851,2276 1902,2276 1954,2276 2005,2276 2056,2277 2107,2277 2158,2279 2209,2279 2260,2280 2312,2282 2363,2282 2414,2283 2465,2285 2516,2286 2567,2286 2619,2288"/>
                <TextEquiv>
                    <Unicode>habe Er niemand geachtet, daß zu der</Unicode>
                </TextEquiv>
            </TextLine>
            <TextLine id="r3l21" custom="readingOrder {index:20;} place {offset:0; length:10;}">
                <Coords points="1582,2381 1666,2419 1922,2363 1984,2414 2063,2368 2400,2370 2461,2417 2644,2379 2645,2311 2378,2345 2144,2290 2083,2327 2020,2280 1956,2313 1878,2283 1779,2335 1583,2311"/>
                <Baseline points="1590,2358 1642,2358 1694,2358 1747,2358 1799,2358 1851,2358 1904,2360 1956,2360 2008,2360 2061,2361 2113,2361 2165,2363 2218,2364 2270,2364 2322,2366 2375,2367 2427,2368 2479,2369 2532,2370 2584,2370 2637,2372"/>
                <TextEquiv>
                    <Unicode>Schlappach zwilt gekommen, noch solches</Unicode>
                </TextEquiv>
            </TextLine>
            <TextLine id="r3l22" custom="readingOrder {index:21;}">
                <Coords points="1579,2485 1750,2456 1909,2486 2058,2447 2213,2495 2664,2468 2664,2419 2574,2386 2475,2433 2363,2387 2278,2423 2159,2384 2115,2408 2064,2369 1984,2414 1842,2383 1579,2406"/>
                <Baseline points="1586,2453 1639,2452 1693,2451 1746,2451 1800,2451 1853,2450 1907,2450 1960,2450 2014,2450 2067,2450 2121,2450 2175,2451 2228,2451 2282,2451 2335,2451 2389,2453 2442,2453 2496,2453 2549,2454 2603,2454 2657,2456"/>
                <TextEquiv>
                    <Unicode>gehöret; hätte aber geschehen können,</Unicode>
                </TextEquiv>
            </TextLine>
            <TextLine id="r3l23" custom="readingOrder {index:22;}">
                <Coords points="1589,2571 1736,2577 1808,2548 1965,2559 2031,2593 2130,2544 2234,2575 2427,2546 2427,2492 2313,2507 2254,2477 2202,2509 1951,2475 1854,2511 1759,2461 1699,2507 1589,2486"/>
                <Baseline points="1596,2541 1637,2541 1678,2541 1719,2541 1760,2541 1802,2541 1843,2541 1884,2541 1925,2541 1966,2541 2008,2541 2049,2543 2090,2543 2131,2543 2172,2543 2214,2544 2255,2544 2296,2546 2337,2546 2378,2547 2420,2547"/>
                <TextEquiv>
                    <Unicode>ohne daß er es wüßen können.</Unicode>
                </TextEquiv>
            </TextLine>
            <TextLine id="r3l24" custom="readingOrder {index:23;} person {offset:25; length:10;}">
                <Coords points="1568,2660 2073,2677 2131,2640 2369,2690 2637,2660 2637,2598 2558,2577 2414,2612 2087,2558 2040,2593 2004,2569 1749,2620 1655,2560 1568,2597"/>
                <Baseline points="1575,2646 1627,2645 1680,2643 1733,2642 1786,2640 1839,2640 1891,2639 1944,2639 1997,2637 2050,2637 2103,2637 2155,2637 2208,2639 2261,2639 2314,2640 2367,2642 2419,2643 2472,2645 2525,2646 2578,2649 2631,2651"/>
                <TextEquiv>
                    <Unicode>Wüße auch nicht, daß die Schlappach währ¬</Unicode>
                </TextEquiv>
            </TextLine>
            <TextLine id="r3l25" custom="readingOrder {index:24;}">
                <Coords points="1583,2733 1852,2724 1905,2759 2042,2717 2395,2762 2445,2723 2629,2737 2629,2682 2502,2664 2387,2706 2128,2640 2073,2677 1862,2649 1818,2686 1699,2654 1648,2702 1583,2698"/>
                <Baseline points="1590,2727 1641,2726 1693,2726 1744,2724 1796,2724 1848,2723 1899,2723 1951,2723 2002,2723 2054,2723 2106,2723 2157,2723 2209,2723 2260,2723 2312,2724 2364,2724 2415,2724 2467,2726 2518,2727 2570,2727 2622,2729"/>
                <TextEquiv>
                    <Unicode>und dieser Zeit von dem Hauß über¬</Unicode>
                </TextEquiv>
            </TextLine>
            <TextLine id="r3l26" custom="readingOrder {index:25;} place {offset:30; length:3; continued:true;}">
                <Coords points="1597,2827 2429,2815 2529,2849 2653,2819 2653,2764 2418,2740 2352,2787 2071,2737 1902,2785 1784,2732 1597,2786"/>
                <Baseline points="1604,2811 1656,2810 1708,2809 1760,2808 1812,2808 1864,2807 1916,2807 1968,2807 2020,2807 2072,2807 2125,2808 2177,2808 2229,2810 2281,2810 2333,2811 2385,2813 2437,2813 2489,2814 2541,2816 2593,2817 2646,2819"/>
                <TextEquiv>
                    <Unicode>nachtet, außert etwann in der Laß</Unicode>
                </TextEquiv>
            </TextLine>
            <TextLine id="r3l27" custom="readingOrder {index:26;} place {offset:0; length:4; continued:true;}">
                <Coords points="1583,2901 1663,2941 1877,2901 2019,2938 2088,2898 2360,2900 2540,2952 2674,2893 2674,2839 2536,2862 2428,2815 2141,2858 1713,2821 1583,2848"/>
                <Baseline points="1590,2901 1643,2898 1697,2897 1751,2895 1805,2894 1859,2894 1913,2894 1966,2894 2020,2894 2074,2894 2128,2895 2182,2895 2236,2895 2290,2897 2343,2897 2397,2897 2451,2897 2505,2897 2559,2897 2613,2896 2667,2895"/>
                <TextEquiv>
                    <Unicode>Weyd, allwo es am abend und Morgend</Unicode>
                </TextEquiv>
            </TextLine>
            <TextLine id="r3l28" custom="readingOrder {index:27;}">
                <Coords points="1580,3031 1835,2997 1936,3036 2027,2992 2231,3033 2369,2991 2543,3035 2647,3004 2647,2945 2585,2919 2532,2958 2459,2922 2364,2952 2325,2917 2130,2913 2034,2950 1878,2929 1836,2964 1580,2927"/>
                <Baseline points="1587,2990 1639,2988 1692,2986 1744,2985 1797,2984 1850,2984 1902,2984 1955,2982 2008,2982 2060,2984 2113,2984 2166,2984 2218,2984 2271,2985 2324,2985 2376,2986 2429,2987 2482,2988 2534,2988 2587,2989 2640,2990"/>
                <TextEquiv>
                    <Unicode>Melchen müßen, wann der Meister</Unicode>
                </TextEquiv>
            </TextLine>
            <TextLine id="r3l29" custom="readingOrder {index:28;} place {offset:5; length:4;}">
                <Coords points="1572,3125 1612,3106 1757,3119 1860,3081 1951,3134 1980,3103 2077,3074 2178,3082 2177,3035 2122,3046 2033,3000 1942,3041 1917,3022 1846,3042 1776,3015 1740,3033 1689,3023 1667,3045 1605,3014 1569,3022"/>
                <Baseline points="1577,3080 1606,3080 1636,3080 1666,3078 1695,3078 1725,3078 1755,3078 1784,3077 1814,3077 1844,3076 1874,3075 1903,3075 1933,3074 1963,3073 1992,3072 2022,3071 2052,3070 2081,3069 2111,3066 2141,3065 2171,3063"/>
                <TextEquiv>
                    <Unicode>gahn Bern gsin.</Unicode>
                </TextEquiv>
            </TextLine>
            <TextLine id="r3l30" custom="readingOrder {index:29;}">
                <Coords points="1573,3232 1648,3194 1905,3224 1964,3186 2261,3174 2472,3239 2538,3192 2652,3195 2652,3128 2222,3138 2174,3109 1573,3145"/>
                <Baseline points="1580,3180 1633,3182 1686,3182 1739,3182 1793,3182 1846,3182 1899,3180 1952,3180 2006,3179 2059,3179 2112,3177 2165,3177 2219,3177 2272,3177 2325,3177 2378,3177 2432,3179 2485,3180 2538,3183 2591,3186 2645,3191"/>
                <TextEquiv>
                    <Unicode>Er Deponent seyn Allein im Obergaden</Unicode>
                </TextEquiv>
            </TextLine>
            <TextLine id="r3l31" custom="readingOrder {index:30;}">
                <Coords points="1580,3298 1641,3278 1711,3330 1777,3284 2028,3273 2147,3312 2208,3276 2675,3308 2676,3235 2600,3200 2473,3240 2327,3198 2264,3230 1978,3199 1881,3255 1808,3209 1581,3232"/>
                <Baseline points="1587,3269 1641,3272 1695,3273 1749,3275 1803,3276 1857,3276 1911,3276 1965,3276 2019,3276 2073,3276 2128,3276 2182,3275 2236,3275 2290,3275 2344,3275 2398,3276 2452,3277 2506,3278 2560,3281 2614,3284 2669,3287"/>
                <TextEquiv>
                    <Unicode>geschlaffen, der Meister und die Meisterin</Unicode>
                </TextEquiv>
            </TextLine>
            <TextLine id="r3l32" custom="readingOrder {index:31;}">
                <Coords points="1560,3374 2484,3408 2642,3398 2643,3343 2225,3279 2049,3332 1846,3286 1728,3332 1621,3273 1561,3301"/>
                <Baseline points="1566,3359 1619,3362 1673,3363 1726,3365 1780,3366 1833,3368 1887,3368 1940,3369 1994,3369 2047,3369 2101,3371 2154,3371 2208,3372 2261,3372 2315,3374 2368,3375 2422,3376 2475,3378 2529,3380 2582,3382 2636,3386"/>
                <TextEquiv>
                    <Unicode>sey, in der Unteren Stuben, und zwar</Unicode>
                </TextEquiv>
            </TextLine>
            <TextLine id="r3l33" custom="readingOrder {index:32;}">
                <Coords points="2510,3468 2533,3466 2544,3460 2573,3474 2632,3472 2632,3416 2615,3417 2602,3406 2578,3410 2571,3405 2561,3409 2549,3405 2527,3410 2518,3402 2510,3402"/>
                <Baseline points="2517,3462 2544,3462 2571,3462 2598,3462 2625,3462"/>
                <TextEquiv>
                    <Unicode>den</Unicode>
                </TextEquiv>
            </TextLine>
            <TextEquiv>
                <Unicode>133.
Er sich anderster nicht geachtet, außert
daß Sie, wie Er auch, gantz friedlich mit
ein anderen gelebet.
belanget aber die Meister Frau, so
seye selbige mit wohl zu frieden gsin
mit der Jungfrau, hätte sie gerne
fort gesehen, wann sie nicht geförchtet
der Meister Wäre sich nicht zufrieden.
Einsten, ohngefehrd etwan 14. Tag vor
dem Außbruch, habe ihme die
Meister frau im Vertrauwen
eröffnet, sie getrauwe die An̄a
Schlappach gehe mit dem Kind, und
Habe gleichsam angedeütet, Sie förchte
der Meister wäre schuld daran, habe
ihme aber die Verschwigenheit hierüber
sehr anbefohlen.
während der Zeit, da Er dorten gedienet,
habe Er niemand geachtet, daß zu der
Schlappach zwilt gekommen, noch solches
gehöret; hätte aber geschehen können,
ohne daß er es wüßen können.
Wüße auch nicht, daß die Schlappach währ¬
und dieser Zeit von dem Hauß über¬
nachtet, außert etwann in der Laß
Weyd, allwo es am abend und Morgend
Melchen müßen, wann der Meister
gahn Bern gsin.
Er Deponent seyn Allein im Obergaden
geschlaffen, der Meister und die Meisterin
sey, in der Unteren Stuben, und zwar
den</Unicode>
            </TextEquiv>
        </TextRegion>
    </Page>
</PcGts>
