3024 4032
304 65 458 193 53.
308 187 442 300 Jaag.
278 944 423 1051 Auctio
266 1455 391 1623 fang
276 1630 402 1728 Aucti
240 2126 367 2266 Fuag
229 2719 360 2841 Anto
474 224 1521 449 Er solle nun auch gantz natürlich und abe
461 294 1484 479 drichtig sagen, worinn er diese diebstähl
443 406 1519 592 begangen. Ob er nicht bey der Schwerung
446 442 1489 628 der Schlacken, von dem Abschab biller
433 540 1487 719 denne bey den Schmelzungen von den
423 630 1509 815 Lavures und von den kammen auch etwas
425 716 1509 957 entwendet, dieses mache stein verbrechen
425 816 1025 945 gar nicht Schwärer?
450 927 1500 1141 Wie er schon würcklich bekennet, so ver¬
408 1049 1461 1193 sichere er, daß er einzig und alleinen
415 1134 1489 1294 den Vettons, bey dem weiß, und Schmuh¬
410 1227 1472 1405 Abstieden, an den Schrodten und beyden
398 1321 1202 1483 Lieferungen sich vergriffen.
408 1454 1491 1670 Wo er mit allem diesem Gelt hingekommen.
432 1607 1446 1778 Er habe daraus verschiedene Schulden
408 1729 1470 1866 bezalet, auch für sein Weib, welches
400 1812 1457 1938 in denen Kelleren zu kurz gekommen
391 1904 1448 2025 bezalen müßen, und dann habe er
399 1990 1169 2114 auch vieles verliederlichet.
382 2148 1455 2271 Erstolle, doch einsten seines verbrechens
387 2235 1461 2332 eine völlige Bekantnuß abstatten, und
382 2306 1375 2433 nicht länger mehr sein gewißen
1405 2438 1438 2534 .
363 2398 1402 2528 darmit beschwären, sonsten er Gott
385 2486 1401 2622 und eine hohe Oberkeit desto mehr
375 2583 1229 2703 wider Ihne erzürnen würde?
388 2723 1406 2848 Er betheure, daß er nun mehr alles
376 2811 1395 2949 bekennet, und was er gesaget, die
369 2899 1414 3006 reine Wahrheit inhalte, mithin, daß
365 2993 1412 3110 er sich auch in weiterem nicht ver¬
347 3072 1447 3220 griffen, als er angegeben, worauf
1284 3181 1395 3265 der
1215 3208 1277 3264 .
355 3184 1186 3308 er leben und sterben wolle.
351 3257 1393 3393 böste Geist habe ihme anfänglich nicht
327 3353 1435 3489 zugelaßen, alles aufrichtig zu bekennen
331 3441 1401 3581 er habe auch dem Moser verschonen
344 3556 590 3645 wollen.
1667 1128 1696 1233 .
2780 71 2907 202 z
1633 250 2861 516 H. Hochderunde man dem Delinquenten
1737 348 2865 569 würcklich wider an sein ort führen wollen
1724 432 2842 626 hat er sich auf die Knie geworffen, um
1724 491 2927 724 Verzeichung gebätten, und gesagt, Er habe
1718 565 2900 804 noch etwas zu bekennen, nemlich, daß
1723 654 2937 862 er vor einem Jahr zu verschiedenen mahlen
1721 740 2828 933 Rectoris von denen Zehen dazen Stucken
1726 823 2922 988 entwendet, zusammen etwann um 6. 30. welche
1724 901 2832 1067 er dem Speich, der bey dem Präg Stock
1696 986 2775 1171 gearbeitet, auch in unterschiedenlichen
1720 1061 2905 1207 mahlen überlieferet, die er gegen geprägte
1723 1146 2862 1299 außgetauschet, und mit ihme getheillet,
1700 1239 2827 1386 darvon er seinen halben Theil hier und
1715 1348 2236 1476 dort außgegeben.
1685 1422 2919 1573 Wie ihme hierauf scharf zugeredet worden
1695 1524 2822 1654 es werde mit dieser Anklagt gleiche
1702 1596 2860 1719 Bewandtnuß haben, wie mit der vorigen
1687 1680 2794 1828 da er den Speich fältschlich beklaget, daß
2787 1708 2832 1777 1
1684 1771 2845 1891 er ihne zur Untreu verleitet, und ihne
1700 1867 2843 2012 nachwerts entschlagen, und alles auf sich
1695 1964 2191 2073 nemmen müßen.
2373 1974 2855 2087 hat er dennoch
1681 2051 2872 2188 darvon nicht abstehen wollen, sonderen
1682 2128 2842 2274 ist darauf reiblich beharret, mit ver¬
1675 2210 2882 2383 deüten, er dorffe solches dem Speich unter
1684 2276 2797 2478 Augen erhalten, welchem er biß daher
1681 2404 1950 2515 verschonet.
1747 2530 2705 2747 also abgelesen und bestätiget.
1675 2670 2794 2924 Actum in der Oberen Gefangenschafft
1669 2767 2008 2867 den 25ten
1938 2825 2401 2969 April 1759.
