3024 4032
306 2562 443 2654 Aetb
301 2756 408 2868 Fr.
293 2938 410 3045 A.
267 3134 410 3247 Fr.
279 3266 387 3373 A.
290 3364 389 3483 Fr.
293 3461 367 3544 A.
315 319 433 417 494.
320 1425 458 1568 se
478 452 1477 609 Nach Ablesung dieser Bekantnuß wurden beyhe
492 522 1050 627 wieder an ihr Ort geführt.
497 593 1436 706 Actum in der oberen Gefangenschaft den 20sten
493 659 810 768 Augusti 1763.
719 929 886 1066 3ten
791 990 1184 1095 Examen
883 1073 1089 1161 verführt
476 1149 1498 1287 Mit Marianna Dufrene gebohrne Weniger
476 1262 1288 1380 In Gegenwart der Scharff Richters
482 1435 1429 1553 Seine vielfaltigen diebstähle, die es würklich
490 1531 1435 1635 gestehen müßen, und diejenigen, deren es sich be¬
486 1605 1389 1700 gründter Weiste in Verdacht gestehet, seye die
1390 1616 1482 1706 s
485 1676 1402 1786 Ursach, daß man wiederum aus hohen Befelch
483 1742 1452 1823 Einer Gnädigen Obrigkeit allhero komme, ihm
485 1806 1431 1901 zu verdeüten, daß, wo Er dißmahl nicht Gott
490 1884 1476 1983 die Ehre geben sein Gewüßen von seinen schlingen
483 1952 1413 2068 thaten völlig leeren und seine mit gethäter
467 2016 1490 2121 angeben, man die Marter ohne anders gebrauchen
469 2087 1447 2202 werde; Und daß es Ernst seye, sehe es zu diesem
473 2162 1372 2273 und der scharff Richter hier bey der stelle.
462 2224 1435 2334 derowegen werde er noch ermahnet, doch nicht so
459 2286 1492 2410 hartnäkig zu seyn, sondern seinem leib vor Schweizer
452 2361 1464 2482 zu schonen, mithin alles aufrichtig zu offenbaren, bes
454 2453 1038 2559 Es noch bis dahin hinterhalten?
475 2561 1431 2683 ô bezeuge, daß Er nichts verhählet, sein Gebißen
460 2658 1346 2761 entladen- und nichts mehr zu bekennen habe.
459 2751 1440 2871 An welchem Tag Er den Diebstahl bey Frau von
442 2832 882 2938 Wattenwyl verübet.
463 2934 1441 3068 An einem Samstag Abends, etwann am 8. Vhr, de
451 3030 788 3138 es finster wäre.
451 3142 1140 3263 Ob er sich daran wohl errinnere.
441 3268 527 3360 zu¬
451 3354 932 3463 Ober allein gewesen.
440 3470 514 3571 ge
2553 486 2691 590 495.
1703 526 2191 653 Wie Es solchen verrichtet.
1563 546 1679 657 Ge¬
1583 660 1648 729 A.
1690 610 2692 790 Seye durch den Groß gegangen, und habe einen Zuber
1710 713 2672 865 auf einem Stuhl gefunden, daraus er diese Wösch
1696 783 1938 847 genommen.
1574 855 1672 966 Ge
1705 867 2596 1006 Es sage, es habe den züber nicht völlig geleeret.
1706 959 2078 1076 Ja, dem seye also
1590 959 1663 1059 A.
1582 1074 1676 1165 Fr.
1719 1045 2551 1207 Ob da nicht eine Teilette zu unterst gelegen:
1700 1158 2277 1263 Nein, es habe keine gestehen.
1598 1159 1663 1237 A.
1709 1239 2684 1384 befehlen von der Frau von Watterweyl Zeug nach
1582 1227 1683 1367 S
1708 1304 2483 1415 viele sachen, wo er darmit hingekommen.
1584 1406 1676 1484 A.
1702 1402 2609 1518 Es habe alles angegeben, war es davon verbraucht.
1722 1501 2713 1615 die Frau Mader habe doch eine Begine und Spizen,
1567 1533 1665 1636 Ge
1706 1593 2677 1681 und die Ihr. Langhaus Bandes und Spizen über¬
1709 1655 2527 1753 bracht, so sie ohnlängst von ihm gekauft.
1571 1758 1651 1848 4.
1691 1777 2634 1843 Es habe geglaubt die Begine würklich angezeigt zu
1684 1860 1815 1915 haben.
1951 1833 2693 1935 der Hofr. Langhans habe Er von seinen
1706 1909 2418 2011 eigenen Spizen und Bandes verkauft.
1708 2017 2693 2111 die frau Rüetstehen habe auch gesagt, daß er ihr ohnlängst
1568 2017 1663 2114 e
1694 2097 2688 2159 ein prodiertes Hals tuch und ungegleitete Hauben und
1697 2136 2134 2228 Dorlottes angebotten.
1581 2233 1644 2302 2
1690 2243 2336 2332 Ja, solche seyen aber noch bey der Stell¬
1684 2331 2690 2438 seye hauptsächlich um den Liebstahl in dem Stören Gang
1561 2344 1681 2460 Je
1683 2405 2661 2507 zu thun, solle hierüber die Wahrheit reden, und sagen,
1690 2461 2410 2561 wan̄ und mit wenn Es dahin gegangen.
1684 2566 2687 2646 Am Abend um 8. Uhr seye er, wiße nicht mehr mit
1581 2555 1650 2649 4.
1829 2605 2661 2696 Mann oder allein von Haus gegangen, habe sich
1687 2639 1825 2712 seinem
1701 2678 2632 2757 aber allein in den Mören Gang begeben, daselbst es
1690 2720 2672 2810 einen langen Nagel gebraucht, damit es die kleinen
1674 2795 2667 2885 Nägel an den Boden Reisen ausgewogen, und auf
1689 2844 2672 2938 diese Weise die Böden eröfnet. Erst darnach habe
1682 2922 2227 3035 es die Tochter zu Hausgeholt.
1686 2988 2479 3122 Ob die Tochter willig mit ihm gegangen.
1560 3046 1660 3134 Fr.
1679 3073 2654 3242 Es habe ihr nicht gesagt, warum es zu thun seÿe, biß im
1564 3149 1634 3228 4.
1680 3202 1930 3299 Mören Gang.
1565 3211 2661 3415 Fr: Ob der Man den nicht auch mit ihm dorthen gegangen.
1563 3399 1797 3499 A. Stein.
