3024 4032
322 338 499 443 448
348 1574 470 1689 Fr.
318 2150 431 2253 21.
322 2554 428 2682 Je
302 2868 415 2971 2.
302 3204 435 3325 shei
304 3369 439 3464 A.
527 471 1493 632 Und dem Cammer Diener Vier grobe Mad
517 565 1473 701 Heider um 2. Thl. welche ihr ein Knecht
517 654 1034 746 zu verkaufen gegeben.
508 779 1475 907 Ms hg herren sekelmeister von Bonstatten
500 857 1466 1015 Kammer Magd, habe sie auch sechs roth und
527 957 1487 1070 weiße Indianische Kasten Lumpen, welche
503 1043 1472 1178 Sie von einem knecht gehabt, verkauffet.
509 1186 1475 1347 Wurde ihr darauf ein gleicher Masten Lungen
511 1276 1405 1392 vorgewiesen, den Sie von der nemlichen
509 1352 1454 1473 Art zu seyn erkennte, als Sie dieser Kam¬
519 1441 1123 1549 einer Magd verkauft habe.
521 1563 1428 1672 des Herr Wagner, der einen laden Sonn
511 1655 1481 1796 seiten unter dem Zeit Gloggen Thurn habe,
520 1741 1454 1850 klage, es seyen ihm am Oster - Muri die
497 1835 1420 1933 gleichen Sechs Schupf Tücher ab dem Laden
499 1908 916 2020 gestohlen worden.
1078 1904 1422 2022 Sie berde also
509 1993 912 2126 die Dieben seyn.
479 2162 1423 2279 Sie bekenne, daß sie sich so weit vergeßen,
480 2247 1400 2346 und dieses Stuk Kasten Lumpen dem H.
490 2328 1367 2438 Wagner ab seinem Laden schon vor dem
483 2405 1185 2521 Oster Marit entwendet habe.
477 2574 1408 2682 Sie stelle sich doch begreiffen, und ihr bested
481 2666 1404 2744 selbst betrachten, mithin bekennen, daß sie
485 2733 1163 2844 auch die Wösch gestohlen habe?
477 2881 1436 3002 Sie könne diesen diebstahl gar nicht ab seyn,
479 2953 1470 3084 eingestehen, sonder habe die Wahrheit gesagt,
472 3055 1003 3182 wie Sie darzu gelanget.
469 3200 1449 3338 Ob die zeitin ihr nichts anders zugebracht, oder
461 3298 693 3396 verkauffet.
435 3374 622 3487 Nein.
1564 3074 1628 3147 A.
1548 3302 1660 3402 Fr.
2561 396 2714 493 449.
1678 491 2634 628 Woher dann so viele Tiroller Strümpf und
1553 553 1670 666 Gr.
1666 598 2601 694 Rappen herkommen, die auch hinter ihnen
1668 668 2116 815 gefunden worden?
1565 825 2721 945 A. Sie seye letzten Oster Märit, glaube an einem
1639 902 2716 1002 Montag um 7. Uhr des Abends die Mezger¬
1708 987 2664 1095 Gaß hinaufgegangen, wo sie ein Fürtuch
1677 1068 2710 1172 voll von dieser waar aus einem offenen fas
1679 1148 2355 1246 genommen und heimgetragen.
1570 1313 2116 1426 Ir: Ob Sie allein gebesten?
1586 1473 1768 1582 d. Qu.
1683 1597 2628 1734 Was sie an dieser gaß zu verrichten gehabt.
1569 1630 1668 1735 S
1691 1750 2638 1858 gesinne sich nicht mehr, wohin sie gehen wollen.
1581 1770 1660 1844 A.
1679 1864 2725 2020 Wie ad zugegangen, daß Sie die Strumpf in dem
1577 1928 1682 2058 Fr.
1670 1994 2031 2099 Daß gestehen.
1693 2108 2563 2256 dad, daß seye aufgehauffet voll gewesen.
1575 2160 1642 2230 4.
1694 2305 2726 2395 Ob Sie bey dem daß niemand gewahret, der diese
1588 2318 1676 2431 ze¬
1683 2367 2383 2484 Waar dahin möchte getragen haben?
1577 2557 1636 2649 A.
1691 2553 1813 2670 Nein.
1690 2650 2730 2792 Es müße ihr jemand geholffen haben, indemme unmöglich
1573 2690 1662 2799 S.
1687 2749 2720 2873 eine solche Menge Strümpf und Kappen die hinter ihr
1682 2825 2712 2976 gefunden worden, in einem Fürtuch hätten fortgei¬
1700 2914 2144 3059 tragen werden können.
1682 3038 2704 3192 Sie habe solche unter zweyen mahlen abgeholet, und hein¬
1696 3170 1915 3277 getragen.
1673 3294 2704 3432 ihr mann werde doch von diesem diebstahl bekant¬
1674 3391 2106 3496 rschaft gehabt haben?
