3024 4032
234 338 420 425 1788.
224 1273 378 1435 Frag
187 1942 346 2096 Antb.
190 2668 348 2823 frag
439 399 1393 577 Indemme er den Freyburghauß nicht
445 495 1402 662 angegriffen, wohl aber seyn möglich, da
436 576 1351 710 er von dem empfangenen stoß vom
440 656 1395 792 Christian mit der Hans an dem Grei
437 739 1341 864 burghauß gestoßen, und selben also
418 812 1358 953 zufallen gemachte. Der Christian
424 894 1389 1052 haben würklich in dem Schiff, da Er neben
424 984 1338 1125 ihm geseßen, zu ihm mag gesagt,
423 1054 1369 1204 man solte den verstorbenen wegen
425 1137 1321 1282 seiner Aufführung eine treffen.
428 1264 1391 1439 Ob er nit von einem von denen Indici¬
419 1375 1384 1509 truberen so da gewesen, ermahnt worden,
407 1454 1353 1614 in diesem Streit sich nicht einzulaßen,
400 1532 1386 1678 sonder zuruk zu bleiben, die Steinhaus
397 1597 1340 1748 seyen da betrunken. Er aber darauf
390 1679 1376 1809 geantwortet, es solle niemand nachkommen,
392 1757 1353 1895 er und der Geiger wollen es mit diesen
372 1837 1217 1986 Leuthen schon allein ausmachen.
382 1974 1329 2104 Er könne bey seinem guten gewißen
383 2058 1364 2205 bezeugen, daß er darvon nichts gehört
374 2181 1307 2357 hierauf wurde ihm deß Abschinaus
367 2306 1355 2453 Außaag hierüber wörtlich vorgelesen.
565 2396 1332 2544 deßen ungeacht wolte er sich
365 2454 1317 2614 an nichts bestimmen, sonder verbliebe
370 2554 1107 2699 bey seiner obigen Antwort¬
384 2707 1343 2836 lr werde nochmahl ernstlich ermahnt, seyn
377 2779 1334 2915 wohl zu bedenken, wie es mit dem Stof¬
367 2850 1310 3006 so der Freyburg hauß empfangen,
364 2951 1293 3107 zugegangen, ob Er Ing solchen von
376 3028 1347 3175 sich selbsten und freywillig gethan, oder
368 3106 1328 3270 obstelliger zufälliger Weiste von dem
350 3175 1256 3337 Stoß so er von dem Christian
355 3254 1339 3420 empfangen, sich zugetragen, und als
361 3344 1156 3510 wider seinen Willen geschehen.
1044 3459 1307 3575 Anth. 1.
1423 484 1585 622 Getl.
1440 967 1573 1121 Jung
1416 1320 1568 1455 Gutb
1493 1435 1546 1535 A
1497 1607 1543 1674 e
1409 1853 1564 2020 Jenig
1422 2185 1551 2302 Antb.
1447 2490 1572 2644 Jag
1419 2855 1566 2990 Autb.
1423 3207 1563 3337 Frag
2499 266 2663 384 289.
1609 367 2650 578 beharre darauf, daß er kein Absehen
1600 498 2628 691 gehabt, den Freyburghauß weder zu¬
1601 566 2667 714 stoßen, noch verfällig zu machen, sonder
1583 648 2563 827 der er betheure, daß solches wider
1587 729 2658 905 seinen Willen durch den von dem Christi¬
1588 820 2514 991 an empfangenen Stoß geschehen.
1585 934 2633 1089 Ob der Guggisperger und er Ing
1591 1014 2653 1207 nicht zu erst allein auf die Steinhauer
1576 1146 1972 1285 loß gegangen.
1597 1254 2612 1443 gleich zu Anfang sige der Guggi¬
1595 1386 2615 1527 sperger und der Christian mit ihme
1575 1445 2646 1591 Ing allein vorauß gegen die Stein¬
1579 1542 2646 1693 hauer zugegangen, die anderen aber
1579 1611 2625 1763 haben ihnen auf dem Fuß nachgefol¬
1567 1726 1704 1852 get.
1583 1842 2611 2003 Ob die drey Indiene Arbeiter dan
1583 1935 2581 2100 zu ihnen biß auf den ort gekommen,
1586 2034 2431 2163 wo die Schlägerey vorgegangen.
1589 2177 2649 2322 der Lamberg seye biß zu ihnen ange¬
1583 2272 2643 2401 kommen, die anderen zwey aber habe er
1583 2364 1899 2485 nit gestehen.
1603 2478 2619 2645 Weilen der Lamberg auch zu ihnen
1576 2585 2623 2732 gestoßen seye, ob er gestehen, daß er
1586 2682 2637 2812 ein Steken genommen, und auch zuge¬
1576 2750 2516 2892 schlagen oder Steinen geworffen.
1669 2883 2549 3019 habe den Lamberg weder Steken
1604 2917 1633 3010 .
1585 2978 2646 3104 andreißen, noch schlagen, oder Steinen
1586 3061 2018 3200 werffen gestehen
1586 3187 2617 3339 Er habe verlangt, daß Hr. von Baselb
1589 3295 2587 3409 Gärtner auch vernommen werde,
1592 3373 2568 3515 aus das Grunden er dieses begehret.
