3024 4032
373 527 544 652 318.
1273 507 1354 563 .
545 622 1502 765 Werde solches wohl examinieren und
545 727 1477 840 der Probst darüber befragen, was
554 798 1445 913 nach der Hand passiert ist, und die
548 876 1459 989 anderen 3. Steinhauer auch, warum
545 949 1462 1068 sich das Land gelichen ist, daß er mir
547 1026 1523 1180 grad Angst worden, weilen ich auch darbey
551 1108 1495 1242 gewesen bin, und gedenkt, ich mache meinen
539 1170 1491 1304 elteren gar ein großen Eimer, und
542 1241 1503 1395 der Mann bare, ja die ganze Nächt raset
535 1326 1480 1451 ngewesen, villeicht ist Er vor Kasterey ge¬
514 1406 1455 1530 gestorben, dann er hat schon am aber
521 1486 1425 1608 wie ein raset gemacht, diße also
515 1546 1412 1684 Meine gnädigen Herren der Brief vorzulehen, ich
527 1633 1461 1761 werde allezeit meinen Eltteren schreiben,
518 1711 1442 1822 be ich hinreise, damit ich allezeit beißen
493 1778 1430 1895 köne, war die genedige Oberkeit über
497 1869 1455 1980 mich geurtheilet hat, bitte also Meine
490 1925 1446 2043 gnädige oberkeit um gnad, wann
493 1989 1455 2129 nicht in etwas im Fehler bin funden
496 2048 1425 2178 worden, bitte also Mein WollEdlen
491 2143 1455 2287 Stunker Haubtmann, die Leüt wohl zu
479 2215 1488 2362 befragen, wo darbey gewesen sind, damit
475 2297 1469 2439 nur nicht Unrecht geschicht, Diete also
472 2376 1403 2512 Mein WohlEdelgebohrnen Kunter
479 2451 1373 2580 Haubtmann der Frieff meinen
473 2523 1366 2666 Gnädigen Herren der Räthen
483 2613 1444 2769 vorhut sagen. Befehle mich in Ihre
494 2728 759 2788 naden.
595 2853 850 2967 Signirt
860 2913 1354 3060 Christigen Wanger.
1514 3190 1674 3314 Gedul
2596 455 2866 557 319.
1798 581 2677 773 e und 2ten Landtag.
1714 757 2653 923 Auf heute Dato, als dem von
1726 840 2834 1030 MnGHH. den Räthen hierzu ange¬
1723 917 2779 1097 setten tag, haben MGGHH. und
1731 1005 2797 1160 Oberen Räht und Bürger wegen
1729 1062 2796 1277 deß an Samuel Burgs von Biglen
1716 1144 2787 1330 begangenen Vorschlags sich bey Erden
1709 1217 2822 1396 verstamlet, den 4ten und H. Land¬
1706 1314 2749 1485 1 tag deß halben gehalten, und dem
1704 1378 2788 1581 Ursthäter Christian Wenger von
1704 1490 2688 1628 Wackenbeil, durch einen Weibel
1713 1562 2747 1742 nach gewohnter form hervorruffen
1698 1659 2665 1783 laßen, weilen aber derselbe im
2615 1742 2728 1838 S
1695 1740 2497 1877 Reiten sich nicht gestellet,
1699 1812 2814 1951 haben Hochgedacht Megtl. und Oberen
1709 1889 2736 2037 den tag zu Haltung den 13ten und
1699 1937 2759 2113 lechten Landtags gesetzt auf Montag
1694 2048 2780 2152 den 6. konftigen Christmonats¬
1879 2133 2761 2284 Anbey haben Hochdieselben
1700 2196 2625 2337 auch zu errenen beliebet.
2629 2221 2766 2352 daß
1687 2301 2748 2442 Herr Trans von Savel, deßen
1681 2374 2725 2529 Kellermagd Barbara Kaderth,
1688 2453 2759 2611 und ihre tochter Dabels Leemann
1680 2537 2777 2694 über ihre von sich gestellten Außaa¬
1679 2639 2730 2778 ggen in Eyd aufgenommen werden
1689 2690 1899 2818 stellen.
1687 2779 2777 2939 Actum coram 200. d. 22. Novem
1688 2851 2021 3010 Onno 1762.
1680 2987 2777 3204 In Folg deßen sind folgende Zeilen
1668 3095 2320 3233 abgelaßen worden.
1693 3206 2807 3482 An Ihro Gnd. Herrn Amt Schult¬
1674 3311 2681 3518 beth zu berichten, daß der 3.
1681 3425 2773 3635 lang tag gesetzt auf dem 6ten Christ
1673 3494 2624 3678 monat, mit dem gebührenden
2318 3642 2708 3786 Ersuchen etc.
