3024 4032
316 304 452 417 498
351 763 454 870 2.
340 1087 458 1183 Fr.
333 1399 426 1488 2.
311 1592 462 1720 Fr.
304 1930 407 2016 Al.
305 2249 432 2391 ge
309 2486 395 2575 2.
320 2612 430 2719 Ir
295 2785 390 2890 27.
307 2896 418 3045 Je
278 3147 387 3260 A.
286 3291 399 3397 Fr.
512 443 1470 591 dorten nebst noch einem anderen Weibe Geld ge¬
515 529 1417 640 sehen haben, es daselbst auch würklich ein
496 600 1447 707 Wösch - Seil gestohlen zu haben, gestehen
515 680 1412 795 müßen, so solle es nur rund bekennen?
507 781 1430 894 Es möge sich gar nicht errinneren, dorten
506 866 1448 972 gewesen zu seyn, und übrigens seyn Er dieser
493 934 1225 1039 Diebstahls halber gantz unschuldig.
509 1026 1462 1170 da Er in Herrn Tscharners Hauß den Mörstel
497 1125 1469 1231 bekennt, so werde er wohl auch das Gugsi ent¬
518 1207 1457 1328 bendet haben, weil es zu gleicher Zeit fortge¬
519 1286 700 1358 kommen?
499 1352 1478 1522 Es seye deßen gantz unschuldig, sonsten es solche
501 1476 946 1584 auch bekennen wolte.
515 1583 1439 1706 der H. Weber klage, daß zu gleicher Zeit
497 1660 1441 1782 ihme zwey Biren mit Thee aus seinem Laden
491 1748 1453 1864 gekommen, und da ihme zu glauben, so müße Es
485 1815 1031 1911 beyde entwendet haben.
481 1940 1450 2063 Er habe nur eine Dixen genommen, und dieses
481 2019 1475 2123 seye sein erster Diebstahl gewesen, den Er von
491 2078 1453 2196 mehr als anderthalb Jahren um das neu Jahr
468 2161 1120 2280 herum beym Kircht verübet.
473 2292 1446 2410 So werde also jemand ihm hierbey geholffen
472 2374 1389 2483 haben, der die andere Dixen weggetragen.
477 2495 1065 2602 Es seye gantz allein gewesen.
489 2613 1465 2745 Ob Er nicht mit Leuthen Umgang gehabt, denn
462 2697 1134 2815 Es Sachen zum Verkauff gegeben.
450 2799 773 2907 Nein niemand.
462 2908 1439 3053 Da Er und sein Man mit dem Ther auf dieb¬
452 2992 1422 3122 gegangen, ob es nicht noch andere Sachen dorten
460 3069 764 3182 verkauft habe?
440 3187 905 3293 Nein, nur den Thee.
456 3253 1452 3431 Es seye billicher maßen im verdacht, daß
452 3354 1459 3504 ed dem Sternen Wihrt Groß die geklagten S
1567 712 1654 791 A.
1581 824 1702 919 Se
1587 1133 1654 1213 4.
1586 1383 1691 1497 Fr.
1589 1528 1663 1639 2.
1588 1671 1682 1769 Ir
1567 1920 1657 1994 A.
1587 2022 1685 2141 Gr.
1599 2192 1665 2281 24
1571 2347 1696 2503 Dr.
1581 2516 1664 2648 24.
1573 2624 1693 2767 Gr.
1568 2830 1667 2939 l.
1564 3023 1674 3137 S.
1551 3330 1652 3471 .
2616 401 2761 511 499.
1710 494 2743 600 Heider werde entwendet haben, zumahlen Er eine
1692 575 2756 695 dieben seye, und an der Wisch selbst geholffen
1715 662 2707 779 Es habe solchen diebstahl dennoch nicht verübet.
1726 760 2732 887 da die Frau Rüetschen noch mehrere Sachen müße,
1702 860 2737 973 und es bekennt, ein Wösch seil und eine cassie¬
1706 937 2708 1048 thiere ihr entwendet zu haben, so werde es die
1714 1007 2656 1101 übrigen Artikel wohl auch gestohlen haben?
1704 1086 2745 1234 Es habe der Fr. Rüetschi gar nichts entwendet:
1720 1184 2725 1307 das Wösch Seil, und die Cassenthiere habe Sie
1705 1260 2750 1358 ihm geliehen, so es ihr nicht wieder zurükgegeben.
1729 1351 2743 1448 der Mstr Bunz vermiße neben den bekennten
1701 1439 2680 1554 3. Beth ziehen noch eine Haupt-Außziehen.
1696 1531 2394 1661 Es habe nur 3 Stuk entwendet.
1720 1636 2712 1765 der Schneider Grüner seye über den Thee
1701 1726 2751 1830 Reßel befragt worden, Er sage aber, er habe
1703 1798 2499 1901 ihm keinen zum Verkauff gegeben?
1700 1901 2754 2027 Jn, Er habe ihm nur ein Schaal-Keßi gegeben
1787 2001 2700 2115 Es das eisterne Ofen thürlicher gehabt, so es
1699 2000 1779 2108 Io
1709 2077 2590 2207 dem Mstr. Stoß ohnlängst verkauffet?
1699 2168 2726 2309 selbes seye das seinige gewesen, Er habe darmit
1715 2264 2263 2380 die Gledt- Eisen gedekt.
1726 2363 2679 2465 Ob dieses die Bart Kugeln seyen, so ad
1715 2444 1961 2545 gekaufet.
1696 2505 2658 2645 Stein, die seinigen seyen weißer gebesten.
1714 2625 2724 2723 Ob der Mann von dem zinernen Steller, ser
1707 2690 2729 2807 aud des laufers grad getragen, etwas gebüßt.
1710 2777 2719 2940 Er glaube, ihm solches bekennt zu haben, da Er ihne
1702 2879 2412 3002 gefragt, wo das Steller herkomme
1729 2990 2672 3126 der Buren Wihrt klage verlehenen Winter
1695 3065 2640 3207 viel Zimmerner Geschier verlohren zu haben,
1685 3131 2687 3269 Da Er uns seine Tochter oft dahin gewandelt,
1705 3210 2568 3352 ſo werde Er daß vnd billich verdächtiget.
1692 3293 2671 3501 Es habe sich verten im wenigsten nicht vergriffen.
