3024 4032
324 2816 438 2940 I
299 3096 393 3192 A.
314 3386 408 3488 fe¬
332 357 475 461 440.
341 484 486 579 Antb.
388 1041 479 1134 I
351 1173 441 1252 21.
533 494 1451 588 Sie habe er alsobald ihrer Meister Leuten
518 571 1476 683 Nebende Diensten, und auch dem Thure Weibel
534 640 1445 753 Neüwyler gesagt, solle aber haben ihro ver¬
530 699 1472 838 gleütet, die Gustreng und ihre Tochter suchen
533 802 1426 907 um diese Zeit etwas anders, und jederman
530 879 1393 995 habe diesen Diebstahl fremden leüten
527 946 1375 1089 getrauet, weilen er Maritzeit gebesten:
515 1030 1411 1136 Sie solle sagen, um welche Zeit, wie und wo sie
521 1104 1090 1203 diese Weibs Bilder gestehen.
528 1188 1430 1292 Als Sie an bemeltem Sontag ohngefehr um
530 1250 1424 1381 2. 10. Uhren von der Haubtwacht (: da Sie
514 1325 1457 1443 den nacht zedel hingetragen) zuruk gekommen,
515 1417 1468 1506 seyn ihr das Liecht in der Lanterie ausgebronnen
514 1500 1436 1621 und da Sie in den Mohren Gang gekommen,
503 1572 1363 1672 habe sie jemand in dem hinteren Gang
1365 1611 1407 1684 .
506 1631 1384 1750 gehöret, worauf Sie bey der Stegen ein
503 1721 1398 1823 wenig gewartet, da dann zwey Weibsbilder
500 1800 1415 1905 die einander unter den Armen gehalten.
504 1865 1444 1981 und die sie alsobald für die Gustreng und ihre
494 1944 1426 2059 Tochter das Mariane erkennet) vor ihre
492 2036 1423 2137 vorbey zu dem Gang hinaus, und die Lauben
488 2120 1370 2221 hinunter, Sie aber hinauf in die Ruche
485 2156 1452 2307 gegangen, und alldieweil Sie Depl. ein Liecht
484 2275 1409 2387 angezündet, seye der H. Ruhe gekommen,
488 2358 1451 2436 und habe erzehlet, was er angetroffen, worauf
481 2441 1440 2550 der H. Reinhard die Frau und ihre Nebend¬
484 2516 1416 2607 Magd mit Liechteren hinuntergegangen, da
474 2584 1461 2716 Sie dann die geöfneten faß gestehen, und unter¬
480 2659 1430 2786 sher dem Kaufhaus in einem hl fäßli
470 2742 1449 2860 eine zimliche Sparthey Kappen gefunden haben.
483 2843 1434 2932 Ob sie nicht wahrgenommen, daß die Weibs¬
476 2913 1461 3022 Bilder Püntel oder etwas in ihren furtucheren
466 3002 688 3092 getragen.
464 3084 1428 3198 Sie habe nichts dergleichen gestehen, sonsten Sie
466 3166 1436 3285 den Verdacht auf dieselben wurden geworffen
461 3252 632 3350 haben.
465 3354 1411 3497 Ob sie bemelte weibsbilder nicht gehört,
460 3463 1302 3577 reden, und verstanden, was sie gesagt.
1541 550 1668 640 Antb.
1544 692 1647 816 G.
1560 857 1623 937 A.
1557 1007 1656 1117 S.
1548 1234 1628 1331 1.
1577 1391 1647 1490 I.
1562 1613 1631 1704 A.
1552 2894 1660 3016 Se
2564 354 2713 437 44.
1687 474 2729 607 Sie haben wohl in dem hinteren Gang geredet
1688 569 2725 699 was sie aber gesagt, habe sie nicht verstehen können.
1687 692 2727 830 Ob sie keine manns Sperson da herum gestehen.
1665 811 2553 930 Nein, sie habe sonst niemand gestehen.
1682 950 2647 1071 Ob sie gebuß seye, daß die einte weibs
1676 1042 2641 1156 Person das Mariane Wänger gewesen.
1675 1200 2396 1328 Ja Sie habe beyde wohl gekennet.
1673 1343 2685 1471 Sie habe doch gesagt, ihr liecht seye ausge¬
1695 1430 2616 1557 bronnen, hiemit seye er finster gewesen.
1677 1553 2740 1712 Es seye freylich in dem Gang finster, gegen dar
1677 1659 2715 1754 Lauben aber zimlich heiter gewesen, so daß sie
1683 1733 2646 1850 wohl sehen mögen, sie errinnere sich aber
1676 1837 2703 1914 nicht, ob die Lampen vor dem Haus noch ge¬
1668 1878 2692 2001 bronnen, oder ob eine Lauternen vorbey
1666 2014 1927 2098 gegangen.
1678 2102 2523 2249 Actum den 18ten Aug. 1765.
1940 2344 2395 2457 stes Examen
1675 2500 2698 2599 Mit Mariana Benger bey 20 Jahren
1667 2588 2602 2677 Alters, unverheürahtet der Mariana
1671 2660 2707 2775 Weniger uneheliche Tochter, habe auch ein unehe¬
1681 2765 1962 2855 rliches Kind.
1683 2905 2687 3018 Es solle Ihme bekant seyn, daß so wohl sein Stief¬
1683 2984 2689 3090 Vatter als seine Muter hier gefänglich einge¬
1671 3066 2696 3168 gsezt worden, aus anlas verkaufter hinter ihnen
1671 3127 2707 3235 vielen gefundenen gestohlenen Sachen, und da nicht
1683 3204 2689 3329 zu zweifeln, es werde dieß orts alle wüßenschaft
1669 3275 2697 3394 haben, so werde es ernstlich ermahnet, freymühtig
1675 3353 2717 3454 zu offenbaren, was seine elteren und er selbst hier und
1666 3443 2316 3540 dort möchte entwendet haben.
