3024 4032
318 320 473 429 492.
362 692 468 822 Ie
352 870 434 956 A.
341 994 448 1089 schri
325 1124 420 1247 22.
343 1269 469 1368 Fr.
341 1435 434 1562 A.
345 1573 447 1675 Fr.
360 1666 443 1739 A.
309 1919 416 2027 Ir
310 2066 406 2185 24.
340 2295 434 2390 fe.
321 2383 433 2489 ll.
321 2498 441 2630 fe
329 2678 426 2762 Al.
319 2890 430 2990 Fr.
329 2995 421 3088 2.
316 3135 416 3234 Hr.
299 3240 381 3329 A.
501 416 1458 596 Strümpf gefunden, habe Er sie darüber zu Aus de
515 542 1453 653 stellet, welche ihm geantwortet. Seine Muter
523 613 1040 708 wolle ihr die Ehr abschneiden.
519 706 1485 822 Ob Er den Abend diesers Diebstahls nicht mit seinem
505 766 1011 876 Weib von Haus gegangen.
513 865 641 968 Nein.
503 993 1413 1063 Ob ihm dann diesers diebstahls halber nichts in
506 1054 713 1133 Wißen
497 1155 851 1262 Mein gar nichts
514 1256 1489 1367 Ob von anderen diebstählen, die sein Weib begangen,
509 1336 853 1442 ihm nichts bekant.
503 1430 622 1532 klein
510 1564 1493 1665 Ob Er mit seinem Weib keine Reis auf dieb gemacht.
493 1681 1442 1772 Ja Er seye aus dem Burgund gekommen, und habe
498 1749 1461 1826 Sie zu Arberg angetroffen, mit der er auf diel
494 1806 716 1897 gegangen.
492 1883 1468 2025 Wad sie auf dieser Reid zu Arberg und Bielter,
503 1997 666 2083 richtet.
485 2087 1458 2194 Sie habe gesagt, Sie habe mit einem welschen zu thun.
497 2169 878 2275 der ihr schuldig seye.
490 2251 1464 2380 Ob sie keine sachen zum verkaufft bey sich gehabt.
483 2364 945 2506 Er habe nichtsgestehen.
500 2477 1431 2605 ob ihm nicht bekant, daß sein weib thee ver¬
489 2577 678 2681 kauffet.
466 2674 1460 2793 Wiße nichts davon, Sie seye auf einem Wagen
479 2760 1286 2876 gefahren, alldieweil er vorauf gegangen
480 2862 1198 3016 Ober keine Ihre Copen gestehen.
474 3014 601 3086 Mein
472 3073 1417 3247 Ob sein Weib ihm dan nichts von Ihme geredt.
462 3217 1452 3350 slein, und er besinne sich an keinen zu Hauß gestehen
460 3274 1467 3445 zu haben, Sie habe ein säklin auf dieb getragen,
476 3392 1233 3507 biße aber nicht, bas darinnen gewesen.
1622 2661 1682 2736 5.
1632 2814 1674 2912 2.
1637 2931 1694 3013 30
1657 2533 1703 2634 .
2581 491 2705 589 493.
1578 521 2352 681 Fr. Wo Er die Seiffen Kugeln herhaben.
1570 662 1682 734 Antb.
1712 663 2467 794 Er habe solche von einem Herrn von Luzern.
1709 770 1785 837 sein
1576 770 1680 866 Fr.
1788 777 2618 899 Weib hingegen sage, selbe gekauft zu haben.
1593 880 1657 954 A.
1703 875 2679 1003 sein weib habe ihm 4. Kugeln heimgebracht, davon
1712 961 2668 1060 er eine gebraucht, welche aber mit gipt angefüllt ge¬
1724 1022 2700 1144 westen, daß er sie nicht habe brauchen können, die gefunde
1715 1077 2669 1205 gnen habe er von einem Herrn von Luzern empfangen,
1719 1133 1960 1230 bie gesagt.
2082 1224 2268 1337 Hierauf
1701 1315 2570 1437 Wurde deßen Eheweib herbey gebracht, und allein
1573 1403 1704 1494 gesagt
1724 1407 2642 1503 Ob ihr man nicht gestehen, daß Sie Ihne mit sich auf
1706 1486 2645 1594 Biel getragen, und ob Er nicht von dern aus mit ihr
1715 1555 2040 1644 dahin gegangen.
1576 1642 1674 1713 halb
1700 1634 2616 1732 Ihr Mann habe die Dixen zu Hauß gestehen, und Sie
1721 1699 2672 1780 damahls befragten; Wie Sie ihm den Diebstahl be¬
1721 1764 2689 1860 kennet, habe Er Sie darüber beschulet, und seyen einiche
1701 1829 2661 1922 gat hernach mit einander von hier aus auf viel ge-
1715 1897 2701 1980 gangen, daselbst Sie dem Griblet 6. oder 7. lb. Ihre
1694 1949 2683 2051 an das mans Beyseyn verkauffet, darfür der
1697 2016 2688 2112 Mann auch das Gelt a. 20. b per Spfund bezogen.
1708 2083 2676 2180 von dem 2 lb, so sie zu Arberg verkauffet, habe
1696 2132 2694 2252 ihr Man nichts gebüßt. Aus der dixen habe
1711 2201 2684 2309 Sie eine Schüßel machen laßen; Dieses seÿe, was
1705 2261 2465 2377 Sie ihm unter Augen erhalten dörffe.
2026 2371 2429 2466 Confrontation
1726 2443 2637 2569 diesemnach wurde Mann wieder herein bereißen
1721 2546 2506 2653 da Sie ihm dann unter Angesicht erhartet.
1717 2627 2664 2747 daß Sie auch gefragen ihm dem Diebstahl bekennet,
1720 2722 2409 2843 und Er Sie darüber beschuhlet habe.
1719 2799 2650 2927 daß er mit ihr von hier aus auf viel gegangen.
1731 2896 2688 3033 daß Er selbst das Gelt für den Ihre dorten empfangen
1698 2977 2502 3118 Solches alles gestunde der Mann endlich auch
1695 3075 2667 3199 Wegen den Seiffen- Rugeln aber wolte er nicht ab¬
1702 3138 2660 3268 ſtehen, solche von einem Herrn von Luzern empfangen
1998 3188 2658 3305 Das Weib hingegen beharrete auch 2.
1687 3263 1887 3330 zu haben.
1687 3264 2624 3424 heimgebracht zu haben, biße aber nicht, ob es wie gleichen
1691 3387 1832 3479 seyen.
2522 3426 2609 3497 Nach
