<?xml version="1.0" encoding="UTF-8" standalone="yes"?>
<PcGts xmlns="http://schema.primaresearch.org/PAGE/gts/pagecontent/2013-07-15" xmlns:xsi="http://www.w3.org/2001/XMLSchema-instance" xsi:schemaLocation="http://schema.primaresearch.org/PAGE/gts/pagecontent/2013-07-15 http://schema.primaresearch.org/PAGE/gts/pagecontent/2013-07-15/pagecontent.xsd">
    <Metadata>
        <Creator>prov=University of Rostock/Institute of Mathematics/CITlab|PLANET AI GmbH/Gundram Leifert/gundram.leifert@planet-ai.de:name=German_Kurrent_XVI-XVIII_M5.4(htr_id=38771)::::v=2.6.7
prov=University of Rostock/Institute of Mathematics/CITlab|PLANET AI GmbH/Tobias Gruening/tobias.gruening@planet-ai.de:name=de.uros.citlab.module.baseline2polygon.B2PSeamMultiOriented:v=2.6.7
prov=University of Rostock/Institute of Mathematics/CITlab|PLANET AI GmbH/Tobias Gruening/tobias.gruening@planet-ai.de:name=/net_tf/LA73_249_0mod360.pb:de.uros.citlab.segmentation.CITlab_LA_ML:v=2.6.7
Transkribus</Creator>
        <Created>2022-06-16T09:29:19.186+02:00</Created>
        <LastChange>2022-09-12T15:42:15.525+02:00</LastChange>
        <TranskribusMetadata docId="1334852" pageId="52364032" pageNr="242" tsid="114646151" status="IN_PROGRESS" userId="9570" imgUrl="https://files.transkribus.eu/Get?id=OTTDLDCCMWZWWSEDHMCFUJJL&amp;fileType=view" xmlUrl="https://files.transkribus.eu/Get?id=BXAPVKDIZWKHOPWJYFDFZLTL" imageId="35485858"/>
    </Metadata>
    <Page imageFilename="IMG_7995.jpg" imageWidth="3024" imageHeight="4032">
        <ReadingOrder>
            <OrderedGroup id="ro_1687513614213" caption="Regions reading order">
                <RegionRefIndexed index="0" regionRef="r1"/>
                <RegionRefIndexed index="1" regionRef="r2"/>
                <RegionRefIndexed index="2" regionRef="r3"/>
            </OrderedGroup>
        </ReadingOrder>
        <TextRegion orientation="0.0" id="r1" custom="readingOrder {index:0;}">
            <Coords points="329,327 329,3516 1506,3516 1506,327"/>
            <TextLine id="r1l1" custom="readingOrder {index:0;}">
                <Coords points="341,408 354,408 404,379 418,390 478,388 478,326 465,330 435,314 412,316 398,328 386,319 376,325 365,319 358,325 341,324"/>
                <Baseline points="348,372 378,372 409,372 440,371 471,372"/>
                <TextEquiv>
                    <Unicode>482.</Unicode>
                </TextEquiv>
            </TextLine>
            <TextLine id="r1l2" custom="readingOrder {index:1;} person {offset:23; length:17;}">
                <Coords points="388,581 1138,544 1512,629 1516,534 1226,433 852,494 766,444 647,489 392,449"/>
                <Baseline points="396,543 451,545 507,546 562,546 618,546 673,545 729,543 784,542 840,540 895,540 951,540 1006,540 1062,540 1117,543 1173,547 1228,552 1284,558 1339,568 1395,578 1450,591 1506,606"/>
                <TextEquiv>
                    <Unicode>Pr. Ober den nicht der Barbara Schweider de</Unicode>
                </TextEquiv>
            </TextLine>
            <TextLine id="r1l3" custom="readingOrder {index:2;} place {offset:23; length:6;}">
                <Coords points="523,665 614,642 712,678 920,616 1339,637 1465,680 1466,630 1309,558 1213,574 1137,543 944,603 902,570 706,548 526,570"/>
                <Baseline points="531,623 577,624 623,626 670,626 716,625 762,624 809,623 855,621 901,620 948,620 994,618 1040,618 1087,618 1133,620 1179,622 1226,625 1272,630 1318,636 1365,645 1411,653 1458,666"/>
                <TextEquiv>
                    <Unicode>färbers Tochter an der Matten vor 3</Unicode>
                </TextEquiv>
            </TextLine>
            <TextLine id="r1l4" custom="readingOrder {index:3;}">
                <Coords points="523,759 992,753 1121,700 1204,707 1203,624 1108,646 1051,622 965,649 910,616 763,645 720,677 597,641 521,664"/>
                <Baseline points="530,705 563,705 596,704 629,704 663,702 696,702 729,701 763,701 796,699 829,699 863,698 896,698 929,696 962,696 996,696 1029,695 1062,695 1096,695 1129,695 1162,695 1196,695"/>
                <TextEquiv>
                    <Unicode>Wochen eine Haube verkauft.</Unicode>
                </TextEquiv>
            </TextLine>
            <TextLine id="r1l5" custom="readingOrder {index:4;}">
                <Coords points="397,831 451,823 525,876 686,823 782,858 831,829 1460,862 1460,805 1181,758 1002,784 949,749 839,776 693,750 618,793 553,754 398,753"/>
                <Baseline points="405,818 457,819 509,821 562,822 614,822 666,821 719,821 771,820 823,819 876,818 928,818 980,818 1033,818 1085,818 1137,819 1190,821 1242,824 1294,828 1347,834 1399,841 1452,849"/>
                <TextEquiv>
                    <Unicode>2. Ja, und seye wahr, habe sich nicht daran</Unicode>
                </TextEquiv>
            </TextLine>
            <TextLine id="r1l6" custom="readingOrder {index:5;}">
                <Coords points="532,943 1144,918 1427,962 1465,937 1466,886 1276,840 1111,869 1053,836 533,867"/>
                <Baseline points="540,900 585,903 631,905 677,905 723,905 769,903 815,902 861,900 907,899 953,897 999,896 1044,894 1090,894 1136,893 1182,894 1228,897 1274,899 1320,904 1366,910 1412,917 1458,926"/>
                <TextEquiv>
                    <Unicode>bestimmet, es habe solche von der muter gehalten.</Unicode>
                </TextEquiv>
            </TextLine>
            <TextLine id="r1l7" custom="readingOrder {index:6;}">
                <Coords points="515,1037 614,1069 665,1037 916,1065 988,1032 1074,1061 1203,1029 1423,1067 1424,983 1228,929 742,925 516,975"/>
                <Baseline points="522,1034 566,1035 611,1035 656,1035 700,1035 745,1035 790,1034 834,1033 879,1032 924,1031 969,1031 1013,1029 1058,1029 1103,1031 1147,1031 1192,1032 1237,1034 1281,1037 1326,1041 1371,1047 1416,1053"/>
                <TextEquiv>
                    <Unicode>Welche Beschaffenheit es habe mit einem</Unicode>
                </TextEquiv>
            </TextLine>
            <TextLine id="r1l8" custom="readingOrder {index:7;}">
                <Coords points="391,1098 406,1093 415,1100 428,1097 436,1103 469,1095 476,1100 489,1099 482,978 467,984 442,978 417,999 407,1001 384,992"/>
                <Baseline points="395,1049 423,1046 451,1045 479,1043"/>
                <TextEquiv>
                    <Unicode>tr</Unicode>
                </TextEquiv>
            </TextLine>
            <TextLine id="r1l9" custom="readingOrder {index:8;}">
                <Coords points="517,1117 596,1112 660,1150 717,1123 770,1158 812,1131 990,1112 1027,1140 1123,1117 1184,1143 1184,1064 1153,1047 1049,1064 997,1038 938,1082 839,1051 725,1065 672,1039 597,1071 516,1037"/>
                <Baseline points="524,1107 556,1109 589,1110 621,1111 654,1112 687,1112 719,1112 752,1112 784,1112 817,1112 850,1110 882,1110 915,1109 947,1109 980,1107 1013,1107 1045,1107 1078,1106 1110,1107 1143,1107 1176,1107"/>
                <TextEquiv>
                    <Unicode>Baadtein, so er entlandet.</Unicode>
                </TextEquiv>
            </TextLine>
            <TextLine id="r1l10" custom="readingOrder {index:9;}">
                <Coords points="544,1228 797,1245 917,1221 960,1253 1013,1223 1241,1223 1417,1251 1418,1184 1271,1126 1028,1204 914,1154 786,1176 616,1138 545,1167"/>
                <Baseline points="552,1215 594,1217 637,1218 680,1218 723,1218 766,1218 809,1218 852,1218 895,1218 938,1220 981,1220 1023,1220 1066,1220 1109,1221 1152,1221 1195,1223 1238,1225 1281,1228 1324,1232 1367,1235 1410,1239"/>
                <TextEquiv>
                    <Unicode>die Muter habe es genommen, seye ein</Unicode>
                </TextEquiv>
            </TextLine>
            <TextLine id="r1l11" custom="readingOrder {index:10;}">
                <Coords points="358,1239 381,1238 419,1259 453,1247 454,1132 447,1132 431,1146 421,1140 393,1153 359,1154"/>
                <Baseline points="365,1220 392,1224 419,1222 446,1223"/>
                <TextEquiv>
                    <Unicode>2.</Unicode>
                </TextEquiv>
            </TextLine>
            <TextLine id="r1l12" custom="readingOrder {index:11;}">
                <Coords points="542,1291 594,1324 1052,1300 1501,1354 1504,1274 1451,1249 1402,1272 1228,1233 1186,1261 1014,1223 930,1263 878,1221 798,1248 758,1221 544,1229"/>
                <Baseline points="549,1289 596,1291 643,1293 690,1293 738,1293 785,1293 832,1293 879,1293 927,1292 974,1292 1021,1292 1068,1292 1116,1293 1163,1295 1210,1298 1257,1302 1305,1307 1352,1312 1399,1320 1446,1329 1494,1340"/>
                <TextEquiv>
                    <Unicode>Grad Martel, und 1. Baad Heind gebehten,</Unicode>
                </TextEquiv>
            </TextLine>
            <TextLine id="r1l13" custom="readingOrder {index:12;}">
                <Coords points="526,1426 623,1414 815,1456 1016,1421 1114,1465 1283,1430 1427,1446 1428,1366 1335,1335 1238,1362 1068,1327 528,1344"/>
                <Baseline points="534,1416 578,1418 622,1419 666,1421 711,1421 755,1421 799,1421 843,1419 888,1419 932,1419 976,1418 1020,1418 1065,1418 1109,1419 1153,1420 1197,1421 1242,1424 1286,1427 1330,1431 1374,1436 1419,1442"/>
                <TextEquiv>
                    <Unicode>Ob sie damahls nicht auch ein zimmerend</Unicode>
                </TextEquiv>
            </TextLine>
            <TextLine id="r1l14" custom="readingOrder {index:13;}">
                <Coords points="369,1467 389,1463 401,1449 423,1457 454,1451 466,1443 482,1445 471,1341 462,1341 448,1329 429,1328 410,1330 388,1343 372,1343 356,1351"/>
                <Baseline points="372,1431 397,1429 422,1426 447,1423 473,1421"/>
                <TextEquiv>
                    <Unicode>ze¬</Unicode>
                </TextEquiv>
            </TextLine>
            <TextLine id="r1l15" custom="readingOrder {index:14;}">
                <Coords points="533,1537 740,1548 846,1496 890,1524 917,1507 978,1521 1007,1505 1008,1425 893,1463 827,1449 790,1464 760,1449 731,1465 625,1414 583,1437 534,1432"/>
                <Baseline points="540,1490 565,1491 591,1491 616,1492 642,1493 668,1493 693,1493 719,1493 744,1494 770,1494 796,1494 821,1494 847,1494 872,1494 898,1495 924,1496 949,1496 975,1497 1001,1497"/>
                <TextEquiv>
                    <Unicode>Steller weggenommen.</Unicode>
                </TextEquiv>
            </TextLine>
            <TextLine id="r1l16" custom="readingOrder {index:15;}">
                <Coords points="362,1629 376,1628 381,1632 398,1625 413,1632 420,1626 434,1627 445,1618 457,1628 469,1627 472,1552 429,1546 408,1555 380,1556 373,1549 366,1549"/>
                <Baseline points="371,1611 401,1613 431,1613 462,1616"/>
                <TextEquiv>
                    <Unicode>di</Unicode>
                </TextEquiv>
            </TextLine>
            <TextLine id="r1l17" custom="readingOrder {index:16;}">
                <Coords points="532,1623 1444,1655 1446,1584 1416,1577 534,1566"/>
                <Baseline points="540,1616 584,1617 629,1617 674,1617 719,1617 764,1619 809,1619 853,1619 898,1619 943,1620 988,1620 1033,1622 1078,1623 1123,1625 1167,1625 1212,1628 1257,1629 1302,1633 1347,1635 1392,1640 1437,1643"/>
                <TextEquiv>
                    <Unicode>lin ander mahl habe die Muter ein steller</Unicode>
                </TextEquiv>
            </TextLine>
            <TextLine id="r1l18" custom="readingOrder {index:17;}">
                <Coords points="528,1705 748,1739 960,1706 1145,1737 1440,1724 1441,1654 1374,1637 1272,1674 1022,1635 639,1663 529,1636"/>
                <Baseline points="536,1700 580,1700 625,1700 670,1700 715,1700 760,1700 805,1700 849,1700 894,1700 939,1701 984,1701 1029,1701 1074,1701 1119,1703 1163,1703 1208,1703 1253,1704 1298,1706 1343,1707 1388,1709 1433,1710"/>
                <TextEquiv>
                    <Unicode>und ein Zwähelin auch aus gleichem dans</Unicode>
                </TextEquiv>
            </TextLine>
            <TextLine id="r1l19" custom="readingOrder {index:18;}">
                <Coords points="516,1830 619,1814 685,1829 770,1825 810,1812 811,1758 756,1742 703,1755 676,1726 607,1747 559,1712 519,1700"/>
                <Baseline points="525,1775 550,1776 575,1777 601,1778 626,1779 651,1780 677,1781 702,1781 727,1782 753,1782 778,1782 804,1781"/>
                <TextEquiv>
                    <Unicode>beygetragen.</Unicode>
                </TextEquiv>
            </TextLine>
            <TextLine id="r1l20" custom="readingOrder {index:19;}">
                <Coords points="381,1928 391,1927 401,1933 443,1896 483,1891 479,1839 455,1835 447,1828 434,1834 425,1826 386,1853 374,1851"/>
                <Baseline points="386,1895 416,1889 446,1888 476,1886"/>
                <TextEquiv>
                    <Unicode>Fr.</Unicode>
                </TextEquiv>
            </TextLine>
            <TextLine id="r1l21" custom="readingOrder {index:20;}">
                <Coords points="529,1911 1450,1923 1460,1875 1374,1840 1134,1862 1000,1836 928,1871 751,1821 625,1847 530,1827"/>
                <Baseline points="537,1887 582,1889 628,1889 674,1890 720,1892 765,1893 811,1893 857,1895 903,1895 948,1896 994,1898 1040,1898 1086,1899 1131,1899 1177,1901 1223,1901 1269,1902 1314,1902 1360,1904 1406,1904 1452,1905"/>
                <TextEquiv>
                    <Unicode>Ob er versicheren dörffe, daß es über den</Unicode>
                </TextEquiv>
            </TextLine>
            <TextLine id="r1l22" custom="readingOrder {index:21;}">
                <Coords points="499,2001 742,1979 1337,2015 1463,1990 1463,1927 1413,1945 1332,1913 1283,1945 1177,1913 862,1940 563,1902 500,1929"/>
                <Baseline points="506,1970 553,1971 600,1973 648,1974 695,1976 743,1976 790,1976 838,1977 885,1977 933,1977 980,1977 1027,1977 1075,1977 1122,1977 1170,1977 1217,1977 1265,1977 1312,1978 1360,1979 1407,1979 1455,1980"/>
                <TextEquiv>
                    <Unicode>Diebstahl der Wösch die Wahrheit gesagt,</Unicode>
                </TextEquiv>
            </TextLine>
            <TextLine id="r1l23" custom="readingOrder {index:22;}">
                <Coords points="513,2060 669,2082 884,2063 948,2092 1039,2061 1273,2066 1273,2025 1200,2005 1133,2028 1078,1998 972,2018 834,1993 655,2020 572,1990 514,2019"/>
                <Baseline points="521,2049 558,2051 595,2053 632,2055 669,2056 707,2057 744,2057 781,2058 818,2058 855,2058 893,2058 930,2058 967,2058 1004,2058 1041,2058 1079,2058 1116,2058 1153,2059 1190,2060 1227,2061 1265,2061"/>
                <TextEquiv>
                    <Unicode>und es mithin kein Antheil daran habe,</Unicode>
                </TextEquiv>
            </TextLine>
            <TextLine id="r1l24" custom="readingOrder {index:23;}">
                <Coords points="350,2175 363,2178 369,2172 398,2182 425,2163 461,2177 473,2175 473,2089 453,2085 419,2064 393,2076 381,2071 351,2080"/>
                <Baseline points="357,2159 384,2160 411,2159 438,2160 465,2160"/>
                <TextEquiv>
                    <Unicode>23.</Unicode>
                </TextEquiv>
            </TextLine>
            <TextLine id="r1l25" custom="readingOrder {index:24;}">
                <Coords points="495,2195 545,2172 706,2203 767,2168 799,2184 846,2175 916,2207 1026,2191 1027,2154 819,2105 794,2121 710,2116 584,2072 497,2086"/>
                <Baseline points="503,2160 528,2161 554,2162 580,2163 606,2163 632,2165 658,2166 683,2167 709,2168 735,2168 761,2169 787,2169 813,2171 839,2171 864,2171 890,2171 916,2172 942,2172 968,2172 994,2172 1020,2171"/>
                <TextEquiv>
                    <Unicode>Ja, das dörffte und betheüren</Unicode>
                </TextEquiv>
            </TextLine>
            <TextLine id="r1l26" custom="readingOrder {index:25;}">
                <Coords points="516,2327 688,2287 935,2326 1032,2300 1163,2341 1323,2290 1464,2302 1465,2229 1418,2248 1287,2202 1221,2235 1185,2201 1099,2222 977,2187 769,2232 681,2200 608,2233 518,2217"/>
                <Baseline points="524,2283 570,2283 617,2283 663,2283 710,2283 757,2285 803,2285 850,2285 897,2286 943,2287 990,2288 1037,2289 1083,2289 1130,2291 1177,2291 1223,2292 1270,2292 1317,2292 1363,2292 1410,2292 1457,2292"/>
                <TextEquiv>
                    <Unicode>3 sige allerdings unglaublich, daß seine Muter</Unicode>
                </TextEquiv>
            </TextLine>
            <TextLine id="r1l27" custom="readingOrder {index:26;}">
                <Coords points="363,2330 377,2330 391,2314 401,2318 412,2309 423,2315 444,2288 464,2284 440,2169 400,2193 376,2187 374,2191 361,2187 357,2193 334,2190"/>
                <Baseline points="365,2300 395,2288 425,2284 455,2279"/>
                <TextEquiv>
                    <Unicode>.</Unicode>
                </TextEquiv>
            </TextLine>
            <TextLine id="r1l28" custom="readingOrder {index:27;} place {offset:22; length:9;}">
                <Coords points="511,2363 600,2389 788,2357 855,2392 1096,2362 1263,2399 1464,2366 1465,2315 1317,2293 1232,2344 1015,2301 936,2327 554,2300 511,2326"/>
                <Baseline points="518,2352 567,2355 616,2356 666,2358 715,2358 765,2360 814,2360 863,2360 913,2361 962,2361 1012,2361 1061,2361 1111,2361 1160,2361 1209,2361 1259,2361 1308,2361 1358,2361 1407,2361 1457,2361"/>
                <TextEquiv>
                    <Unicode>die Paß und Kister im Morengang selbst, und</Unicode>
                </TextEquiv>
            </TextLine>
            <TextLine id="r1l29" custom="readingOrder {index:28;}">
                <Coords points="508,2472 715,2442 804,2473 857,2445 901,2479 1029,2444 1057,2468 1390,2439 1432,2462 1423,2385 896,2409 806,2371 593,2415 508,2382"/>
                <Baseline points="515,2430 560,2433 606,2435 651,2436 697,2438 742,2439 788,2439 833,2439 879,2441 924,2441 970,2441 1015,2441 1061,2439 1106,2439 1152,2438 1197,2438 1243,2436 1288,2436 1334,2435 1379,2433 1425,2432"/>
                <TextEquiv>
                    <Unicode>ohne Hülf eröfnet, solle also nichts verhalten,</Unicode>
                </TextEquiv>
            </TextLine>
            <TextLine id="r1l30" custom="readingOrder {index:29;}">
                <Coords points="509,2519 857,2544 899,2516 975,2546 1435,2513 1411,2449 1188,2459 1079,2498 980,2458 903,2481 859,2445 811,2484 780,2460 681,2497 605,2459 509,2474"/>
                <Baseline points="516,2508 561,2510 607,2511 652,2513 698,2514 744,2516 789,2516 835,2516 880,2516 926,2516 972,2516 1017,2514 1063,2514 1108,2513 1154,2511 1200,2510 1245,2508 1291,2506 1336,2504 1382,2501 1428,2499"/>
                <TextEquiv>
                    <Unicode>sondern aufrichtig bekennen, ob der Stief Vatter</Unicode>
                </TextEquiv>
            </TextLine>
            <TextLine id="r1l31" custom="readingOrder {index:30;}">
                <Coords points="502,2632 600,2644 664,2622 762,2650 805,2630 1068,2654 1096,2644 1096,2539 1056,2552 1001,2530 903,2572 837,2541 756,2577 693,2549 659,2570 608,2550 501,2557"/>
                <Baseline points="509,2591 538,2592 567,2595 596,2596 625,2597 654,2598 683,2598 712,2598 741,2598 770,2598 799,2598 828,2598 857,2597 886,2597 915,2595 944,2595 973,2594 1002,2594 1031,2592 1060,2592 1089,2592"/>
                <TextEquiv>
                    <Unicode>ihr hierbey nicht geholffen.</Unicode>
                </TextEquiv>
            </TextLine>
            <TextLine id="r1l32" custom="readingOrder {index:31;}">
                <Coords points="356,2616 366,2619 372,2617 385,2630 390,2629 394,2633 411,2622 419,2622 427,2560 415,2560 401,2551 395,2553 378,2539 374,2542 366,2541"/>
                <Baseline points="365,2604 413,2610"/>
                <TextEquiv>
                    <Unicode>b</Unicode>
                </TextEquiv>
            </TextLine>
            <TextLine id="r1l33" custom="readingOrder {index:32;}">
                <Coords points="1310,2643 1320,2643 1326,2647 1333,2644 1340,2644 1343,2647 1355,2646 1355,2564 1345,2564 1333,2570 1323,2559 1310,2556"/>
                <Baseline points="1317,2634 1347,2634"/>
                <TextEquiv>
                    <Unicode>.</Unicode>
                </TextEquiv>
            </TextLine>
            <TextLine id="r1l34" custom="readingOrder {index:33;}">
                <Coords points="321,2712 348,2722 356,2716 362,2724 371,2720 378,2728 412,2711 424,2716 458,2712 462,2650 450,2643 435,2644 427,2651 409,2633 396,2635 389,2629 371,2638 349,2635 343,2641 326,2634"/>
                <Baseline points="329,2697 359,2700 390,2702 421,2703 452,2706"/>
                <TextEquiv>
                    <Unicode>Stett.</Unicode>
                </TextEquiv>
            </TextLine>
            <TextLine id="r1l35" custom="readingOrder {index:34;}">
                <Coords points="496,2728 672,2749 726,2719 850,2744 1441,2715 1440,2645 1347,2682 1129,2639 1070,2675 853,2640 746,2674 685,2646 496,2666"/>
                <Baseline points="503,2709 549,2709 596,2709 642,2711 689,2711 735,2712 782,2712 828,2713 875,2714 921,2714 968,2714 1015,2714 1061,2714 1108,2712 1154,2712 1201,2709 1247,2708 1294,2705 1340,2702 1387,2699 1434,2694"/>
                <TextEquiv>
                    <Unicode>Es glaube gar nicht, daß der Vatter darvon einiche</Unicode>
                </TextEquiv>
            </TextLine>
            <TextLine id="r1l36" custom="readingOrder {index:35;}">
                <Coords points="484,2820 1035,2825 1105,2798 1165,2831 1461,2777 1447,2716 1198,2750 958,2723 484,2749"/>
                <Baseline points="492,2792 540,2792 588,2792 636,2792 684,2792 732,2793 780,2795 828,2795 876,2796 924,2797 973,2798 1021,2798 1069,2798 1117,2796 1165,2796 1213,2794 1261,2791 1309,2788 1357,2783 1405,2777 1454,2771"/>
                <TextEquiv>
                    <Unicode>Wißenschaft gehabt, zumahl die muter, diesen</Unicode>
                </TextEquiv>
            </TextLine>
            <TextLine id="r1l37" custom="readingOrder {index:36;}">
                <Coords points="470,2892 1258,2918 1462,2890 1461,2817 1363,2794 1186,2853 1105,2813 469,2834"/>
                <Baseline points="476,2870 524,2870 573,2870 622,2871 671,2871 720,2873 769,2873 818,2874 867,2874 916,2876 965,2876 1013,2876 1062,2874 1111,2873 1160,2872 1209,2870 1258,2867 1307,2863 1356,2859 1405,2854 1454,2849"/>
                <TextEquiv>
                    <Unicode>diebstahl allezeit vor ihm verborgen gehalten.</Unicode>
                </TextEquiv>
            </TextLine>
            <TextLine id="r1l38" custom="readingOrder {index:37;}">
                <Coords points="1272,3018 1300,3004 1322,3016 1348,2998 1364,3011 1381,3004 1402,3015 1424,2988 1472,2955 1486,2956 1477,2903 1449,2907 1437,2918 1403,2917 1377,2944 1361,2933 1321,2932 1305,2922 1259,2935"/>
                <Baseline points="1274,2981 1299,2978 1325,2974 1350,2970 1376,2966 1401,2962 1427,2957 1452,2954 1478,2951"/>
                <TextEquiv>
                    <Unicode>Gnß abgebet</Unicode>
                </TextEquiv>
            </TextLine>
            <TextLine id="r1l39" custom="readingOrder {index:38;}">
                <Coords points="325,3027 345,3019 357,3007 374,3013 399,2987 408,2991 416,2985 427,2990 437,2988 434,2917 402,2917 373,2905 364,2916 348,2913 336,2926 320,2923"/>
                <Baseline points="330,2985 363,2985 396,2982 429,2982"/>
                <TextEquiv>
                    <Unicode>Irr</Unicode>
                </TextEquiv>
            </TextLine>
            <TextLine id="r1l40" custom="readingOrder {index:39;}">
                <Coords points="503,2990 696,2993 846,3038 1247,3016 1248,2940 684,2955 504,2923"/>
                <Baseline points="510,2981 546,2983 583,2984 619,2986 656,2987 692,2988 729,2990 765,2990 802,2990 838,2991 875,2991 912,2991 948,2991 985,2991 1021,2991 1058,2991 1094,2990 1131,2990 1167,2990 1204,2988 1241,2988"/>
                <TextEquiv>
                    <Unicode>Ob es keine Strumpf an der Metzger¬</Unicode>
                </TextEquiv>
            </TextLine>
            <TextLine id="r1l41" custom="readingOrder {index:40;}">
                <Coords points="326,3089 339,3091 346,3097 367,3099 380,3092 388,3101 394,3097 403,3098 409,3028 380,3013 340,3037 331,3036"/>
                <Baseline points="333,3083 364,3086 396,3089"/>
                <TextEquiv>
                    <Unicode>d.</Unicode>
                </TextEquiv>
            </TextLine>
            <TextLine id="r1l42" custom="readingOrder {index:41;}">
                <Coords points="491,3109 1309,3124 1439,3096 1439,3025 1252,3043 1183,3012 916,3081 878,3045 592,3071 491,3032"/>
                <Baseline points="498,3087 544,3089 591,3090 637,3092 684,3093 731,3095 777,3096 824,3098 871,3099 917,3101 964,3101 1011,3101 1057,3101 1104,3101 1151,3099 1197,3098 1244,3095 1291,3092 1337,3089 1384,3084 1431,3080"/>
                <TextEquiv>
                    <Unicode>Nein. Die muter habe ihm nur ein fürtuch</Unicode>
                </TextEquiv>
            </TextLine>
            <TextLine id="r1l43" custom="readingOrder {index:42;}">
                <Coords points="484,3195 1065,3188 1261,3219 1471,3162 1471,3103 1096,3161 811,3112 484,3121"/>
                <Baseline points="492,3159 540,3159 589,3161 637,3162 686,3165 735,3167 783,3168 832,3171 880,3173 929,3176 978,3176 1026,3177 1075,3177 1123,3177 1172,3176 1221,3174 1269,3171 1318,3167 1366,3161 1415,3153 1464,3144"/>
                <TextEquiv>
                    <Unicode>voll gegeben, damit es heimgegangen, und etwan</Unicode>
                </TextEquiv>
            </TextLine>
            <TextLine id="r1l44" custom="readingOrder {index:43;}">
                <Coords points="484,3262 1309,3283 1455,3240 1455,3199 1351,3181 1261,3218 1059,3220 974,3194 877,3231 665,3189 484,3216"/>
                <Baseline points="491,3236 538,3237 586,3239 634,3241 682,3243 730,3245 778,3246 825,3248 873,3249 921,3249 969,3251 1017,3251 1065,3251 1113,3249 1160,3248 1208,3245 1256,3242 1304,3238 1352,3232 1400,3226 1448,3218"/>
                <TextEquiv>
                    <Unicode>eine halbe Stund hernach seye sie auch heim gekommen,</Unicode>
                </TextEquiv>
            </TextLine>
            <TextLine id="r1l45" custom="readingOrder {index:44;}">
                <Coords points="477,3338 576,3366 636,3321 752,3364 1009,3333 1148,3381 1253,3327 1441,3306 1440,3261 1178,3293 732,3269 688,3296 635,3258 477,3287"/>
                <Baseline points="485,3320 532,3321 579,3321 627,3323 674,3324 722,3326 769,3326 816,3327 864,3327 911,3329 959,3329 1006,3329 1053,3327 1101,3326 1148,3324 1196,3321 1243,3317 1290,3312 1338,3307 1385,3301 1433,3293"/>
                <TextEquiv>
                    <Unicode>sagend. Sie habe noch dergleichen Waar in ein</Unicode>
                </TextEquiv>
            </TextLine>
            <TextLine id="r1l46" custom="readingOrder {index:45;}">
                <Coords points="455,3432 1123,3448 1472,3395 1469,3313 1409,3300 1092,3393 988,3334 453,3369"/>
                <Baseline points="461,3410 511,3410 561,3410 611,3410 661,3411 711,3412 761,3413 811,3414 861,3414 911,3414 962,3414 1012,3413 1062,3411 1112,3410 1162,3407 1212,3403 1262,3397 1312,3392 1362,3385 1412,3376 1463,3365"/>
                <TextEquiv>
                    <Unicode>aß gethan, es solle sie holen, weilen es aber nicht</Unicode>
                </TextEquiv>
            </TextLine>
            <TextLine id="r1l47" custom="readingOrder {index:46;}">
                <Coords points="479,3527 559,3492 760,3540 853,3499 1343,3510 1498,3432 1497,3381 1149,3469 1054,3433 477,3463"/>
                <Baseline points="485,3485 535,3485 585,3486 635,3488 686,3489 736,3491 786,3492 837,3493 887,3494 937,3494 988,3494 1038,3494 1088,3492 1138,3489 1189,3486 1239,3482 1289,3476 1340,3469 1390,3460 1440,3449 1491,3437"/>
                <TextEquiv>
                    <Unicode>gehen wollen, so seyen diese Sachen in dem daß gebornen</Unicode>
                </TextEquiv>
            </TextLine>
            <TextEquiv>
                <Unicode>482.
Pr. Ober den nicht der Barbara Schweider de
färbers Tochter an der Matten vor 3
Wochen eine Haube verkauft.
2. Ja, und seye wahr, habe sich nicht daran
bestimmet, es habe solche von der muter gehalten.
Welche Beschaffenheit es habe mit einem
tr
Baadtein, so er entlandet.
die Muter habe es genommen, seye ein
2.
Grad Martel, und 1. Baad Heind gebehten,
Ob sie damahls nicht auch ein zimmerend
ze¬
Steller weggenommen.
di
lin ander mahl habe die Muter ein steller
und ein Zwähelin auch aus gleichem dans
beygetragen.
Fr.
Ob er versicheren dörffe, daß es über den
Diebstahl der Wösch die Wahrheit gesagt,
und es mithin kein Antheil daran habe,
23.
Ja, das dörffte und betheüren
3 sige allerdings unglaublich, daß seine Muter
.
die Paß und Kister im Morengang selbst, und
ohne Hülf eröfnet, solle also nichts verhalten,
sondern aufrichtig bekennen, ob der Stief Vatter
ihr hierbey nicht geholffen.
b
.
Stett.
Es glaube gar nicht, daß der Vatter darvon einiche
Wißenschaft gehabt, zumahl die muter, diesen
diebstahl allezeit vor ihm verborgen gehalten.
Gnß abgebet
Irr
Ob es keine Strumpf an der Metzger¬
d.
Nein. Die muter habe ihm nur ein fürtuch
voll gegeben, damit es heimgegangen, und etwan
eine halbe Stund hernach seye sie auch heim gekommen,
sagend. Sie habe noch dergleichen Waar in ein
aß gethan, es solle sie holen, weilen es aber nicht
gehen wollen, so seyen diese Sachen in dem daß gebornen</Unicode>
            </TextEquiv>
        </TextRegion>
        <TextRegion orientation="0.0" id="r2" custom="readingOrder {index:1;}">
            <Coords points="1547,2803 1547,2971 1625,2971 1625,2803"/>
            <TextLine id="r2l1" custom="readingOrder {index:0;}">
                <Coords points="1543,2935 1569,2929 1577,2934 1581,2930 1595,2933 1610,2914 1615,2916 1621,2910 1633,2908 1618,2839 1610,2841 1601,2851 1586,2854 1577,2851 1571,2859 1564,2860 1555,2873 1545,2870 1539,2878 1531,2880"/>
                <Baseline points="1547,2921 1573,2911 1599,2906 1625,2903"/>
                <TextEquiv>
                    <Unicode>Fr.</Unicode>
                </TextEquiv>
            </TextLine>
            <TextEquiv>
                <Unicode>Fr.</Unicode>
            </TextEquiv>
        </TextRegion>
        <TextRegion orientation="0.0" id="r3" custom="readingOrder {index:2;}">
            <Coords points="1569,339 1569,3489 2771,3489 2771,339"/>
            <TextLine id="r3l1" custom="readingOrder {index:0;}">
                <Coords points="2636,400 2655,403 2659,398 2685,410 2717,409 2722,404 2744,410 2753,403 2763,406 2779,401 2779,350 2764,352 2740,336 2699,336 2687,328 2667,328 2656,338 2636,331"/>
                <Baseline points="2643,384 2668,386 2694,384 2719,383 2745,383 2771,389"/>
                <TextEquiv>
                    <Unicode>483.</Unicode>
                </TextEquiv>
            </TextLine>
            <TextLine id="r3l2" custom="readingOrder {index:1;}">
                <Coords points="1696,586 1907,538 1954,568 2096,535 2147,564 2384,528 2467,564 2707,544 2705,455 2396,491 2316,456 2088,489 1948,460 1694,506"/>
                <Baseline points="1703,563 1752,555 1802,548 1852,543 1902,538 1952,534 2001,532 2051,530 2101,530 2151,528 2201,528 2250,528 2300,528 2350,528 2400,528 2450,528 2499,528 2549,528 2599,527 2649,525 2699,524"/>
                <TextEquiv>
                    <Unicode>Ober dann nur einmahl ein furtuch voll gehalt,</Unicode>
                </TextEquiv>
            </TextLine>
            <TextLine id="r3l3" custom="readingOrder {index:2;}">
                <Coords points="1573,621 1583,618 1603,601 1619,605 1633,589 1668,588 1641,509 1628,512 1625,517 1612,516 1610,522 1600,521 1585,549 1571,552 1554,565"/>
                <Baseline points="1575,603 1602,596 1629,585 1656,576"/>
                <TextEquiv>
                    <Unicode>S.</Unicode>
                </TextEquiv>
            </TextLine>
            <TextLine id="r3l4" custom="readingOrder {index:3;}">
                <Coords points="1701,655 1763,657 1801,633 1847,647 1875,632 2040,640 2075,624 2068,534 2014,572 1912,549 1831,590 1769,564 1696,588"/>
                <Baseline points="1707,633 1732,628 1758,624 1783,620 1809,618 1835,615 1860,612 1886,611 1912,609 1937,607 1963,606 1989,604 2014,603 2040,602 2066,600"/>
                <TextEquiv>
                    <Unicode>unnd heimgetragen.</Unicode>
                </TextEquiv>
            </TextLine>
            <TextLine id="r3l5" custom="readingOrder {index:4;}">
                <Coords points="1675,764 1900,719 2034,730 2075,700 2525,740 2628,716 2628,679 2561,649 2504,675 2457,647 1911,633 1675,677"/>
                <Baseline points="1683,732 1729,726 1776,719 1823,713 1870,708 1917,705 1964,704 2011,702 2058,701 2105,701 2152,701 2198,702 2245,704 2292,704 2339,706 2386,707 2433,709 2480,710 2527,711 2574,711 2621,713"/>
                <TextEquiv>
                    <Unicode>da, und seyn darauf alsobald zu Rath gegangen.</Unicode>
                </TextEquiv>
            </TextLine>
            <TextLine id="r3l6" custom="readingOrder {index:5;}">
                <Coords points="1569,774 1619,771 1645,750 1654,753 1675,744 1664,684 1638,695 1621,695 1604,706 1599,703 1594,709 1577,713 1573,720 1559,717"/>
                <Baseline points="1575,768 1606,761 1637,756 1668,750"/>
                <TextEquiv>
                    <Unicode>4.</Unicode>
                </TextEquiv>
            </TextLine>
            <TextLine id="r3l7" custom="readingOrder {index:6;}">
                <Coords points="1573,894 1866,841 1923,872 2357,853 2480,900 2578,839 2755,832 2733,776 2201,711 1570,785"/>
                <Baseline points="1580,872 1638,856 1696,844 1755,833 1813,825 1871,819 1930,814 1988,810 2046,807 2105,806 2163,806 2221,807 2280,807 2338,809 2396,811 2455,813 2513,815 2571,816 2630,818 2688,818 2747,818"/>
                <TextEquiv>
                    <Unicode>Fr. Wo sie solchen Diebstahl anfänglich in dem Gand ver¬</Unicode>
                </TextEquiv>
            </TextLine>
            <TextLine id="r3l8" custom="readingOrder {index:7;}">
                <Coords points="1712,946 1738,944 1766,956 1802,951 1819,936 1849,949 1878,947 1868,849 1830,876 1816,871 1796,881 1757,864 1742,867 1729,857 1703,862"/>
                <Baseline points="1715,908 1740,905 1765,903 1790,900 1815,898 1840,895 1865,893"/>
                <TextEquiv>
                    <Unicode>borgen.</Unicode>
                </TextEquiv>
            </TextLine>
            <TextLine id="r3l9" custom="readingOrder {index:8;}">
                <Coords points="1676,1047 2097,994 2196,1036 2397,985 2754,999 2753,939 1674,952"/>
                <Baseline points="1682,1013 1735,1006 1788,1001 1841,998 1895,994 1948,992 2001,990 2054,987 2108,987 2161,986 2214,986 2267,984 2321,984 2374,984 2427,984 2480,984 2534,984 2587,983 2640,983 2693,981 2747,980"/>
                <TextEquiv>
                    <Unicode>Sie habe selber in der Nacht in der Ruche gehabt, und</Unicode>
                </TextEquiv>
            </TextLine>
            <TextLine id="r3l10" custom="readingOrder {index:9;}">
                <Coords points="1566,1045 1600,1041 1615,1048 1621,1040 1646,1041 1639,959 1624,961 1618,967 1607,964 1599,973 1584,969 1569,985 1561,986"/>
                <Baseline points="1572,1032 1605,1028 1638,1026"/>
                <TextEquiv>
                    <Unicode>A.</Unicode>
                </TextEquiv>
            </TextLine>
            <TextLine id="r3l11" custom="readingOrder {index:10;}">
                <Coords points="1689,1101 1913,1068 1947,1096 2773,1074 2772,1011 2498,990 2089,1040 2006,1007 1936,1047 1803,1009 1688,1047"/>
                <Baseline points="1695,1077 1748,1074 1802,1070 1855,1067 1909,1065 1962,1062 2016,1061 2069,1059 2123,1058 2176,1058 2230,1056 2284,1056 2337,1055 2391,1054 2444,1053 2498,1052 2551,1052 2605,1050 2658,1049 2712,1047 2766,1044"/>
                <TextEquiv>
                    <Unicode>am morgen frühe, eher als der stieff-batter von</Unicode>
                </TextEquiv>
            </TextLine>
            <TextLine id="r3l12" custom="readingOrder {index:11;}">
                <Coords points="1676,1184 1894,1146 2033,1172 2075,1131 2716,1145 2714,1085 2523,1062 2327,1066 2243,1105 2110,1079 2070,1107 1674,1105"/>
                <Baseline points="1682,1149 1733,1146 1784,1143 1835,1140 1887,1138 1938,1136 1989,1133 2041,1131 2092,1130 2143,1128 2195,1127 2246,1125 2297,1125 2348,1124 2400,1123 2451,1122 2502,1122 2554,1122 2605,1121 2656,1121 2708,1121"/>
                <TextEquiv>
                    <Unicode>der Hochwacht heimgekommen, habe die Muter solchen</Unicode>
                </TextEquiv>
            </TextLine>
            <TextLine id="r3l13" custom="readingOrder {index:12;}">
                <Coords points="1690,1248 1962,1255 2016,1216 2177,1211 2210,1238 2356,1212 2423,1250 2558,1219 2633,1251 2698,1226 2697,1153 2452,1131 2151,1172 1688,1171"/>
                <Baseline points="1697,1220 1746,1218 1796,1216 1845,1214 1895,1212 1945,1210 1994,1208 2044,1205 2094,1203 2143,1202 2193,1199 2243,1197 2292,1197 2342,1196 2392,1194 2441,1194 2491,1196 2541,1196 2590,1198 2640,1201 2690,1203"/>
                <TextEquiv>
                    <Unicode>auf dem estrich in ein Landträglin verwahret.</Unicode>
                </TextEquiv>
            </TextLine>
            <TextLine id="r3l14" custom="readingOrder {index:13;}">
                <Coords points="1693,1356 2740,1326 2729,1255 2501,1267 2289,1227 2090,1294 2058,1267 1692,1273"/>
                <Baseline points="1700,1337 1751,1335 1803,1332 1854,1330 1906,1328 1958,1326 2009,1325 2061,1323 2112,1322 2164,1322 2216,1320 2267,1320 2319,1319 2370,1319 2422,1319 2474,1319 2525,1319 2577,1319 2628,1319 2680,1319 2732,1319"/>
                <TextEquiv>
                    <Unicode>zu welcher zeit der stieff vatter des morgens</Unicode>
                </TextEquiv>
            </TextLine>
            <TextLine id="r3l15" custom="readingOrder {index:14;}">
                <Coords points="1583,1401 1591,1399 1594,1393 1604,1395 1621,1365 1629,1364 1641,1353 1656,1352 1639,1293 1621,1298 1609,1291 1601,1292 1575,1328 1564,1334"/>
                <Baseline points="1583,1373 1616,1358 1649,1355"/>
                <TextEquiv>
                    <Unicode>Ge</Unicode>
                </TextEquiv>
            </TextLine>
            <TextLine id="r3l16" custom="readingOrder {index:15;}">
                <Coords points="1678,1423 1760,1418 1799,1447 1874,1446 1920,1417 2168,1405 2190,1400 2188,1343 2134,1339 2088,1370 2024,1334 1981,1359 1861,1350 1813,1372 1787,1353 1743,1367 1706,1354 1676,1372"/>
                <Baseline points="1685,1410 1711,1409 1737,1409 1763,1407 1789,1406 1816,1406 1842,1404 1868,1403 1894,1402 1920,1401 1947,1400 1973,1400 1999,1398 2025,1398 2051,1397 2078,1396 2104,1395 2130,1395 2156,1394 2183,1394"/>
                <TextEquiv>
                    <Unicode>ab der Wacht gekommen?</Unicode>
                </TextEquiv>
            </TextLine>
            <TextLine id="r3l17" custom="readingOrder {index:16;}">
                <Coords points="1685,1569 1761,1529 1831,1562 1896,1536 2078,1540 2127,1562 2219,1545 2255,1535 2252,1421 2127,1414 1981,1442 1921,1417 1889,1443 1682,1460"/>
                <Baseline points="1691,1518 1718,1517 1746,1515 1774,1513 1802,1512 1829,1511 1857,1509 1885,1509 1913,1508 1940,1506 1968,1505 1996,1505 2024,1505 2051,1503 2079,1503 2107,1503 2135,1502 2162,1502 2190,1502 2218,1502 2246,1502"/>
                <TextEquiv>
                    <Unicode>ô bestime sich nicht wohl daran.</Unicode>
                </TextEquiv>
            </TextLine>
            <TextLine id="r3l18" custom="readingOrder {index:17;}">
                <Coords points="1579,1568 1618,1570 1627,1559 1651,1561 1646,1474 1636,1476 1625,1467 1596,1472 1588,1480 1575,1480"/>
                <Baseline points="1584,1527 1612,1527 1641,1524"/>
                <TextEquiv>
                    <Unicode>4.</Unicode>
                </TextEquiv>
            </TextLine>
            <TextLine id="r3l19" custom="readingOrder {index:18;}">
                <Coords points="1674,1653 2482,1637 2538,1683 2755,1643 2754,1565 2114,1554 1674,1594"/>
                <Baseline points="1682,1638 1735,1635 1788,1632 1841,1631 1895,1629 1948,1627 2001,1626 2054,1625 2108,1623 2161,1623 2214,1623 2267,1622 2321,1622 2374,1622 2427,1622 2480,1622 2534,1622 2587,1622 2640,1622 2693,1622 2747,1622"/>
                <TextEquiv>
                    <Unicode>Ob ihm nicht bekant, daß seine Muter auch durchsten</Unicode>
                </TextEquiv>
            </TextLine>
            <TextLine id="r3l20" custom="readingOrder {index:19;}">
                <Coords points="1582,1689 1607,1675 1631,1680 1643,1672 1670,1674 1654,1558 1643,1561 1632,1557 1616,1571 1596,1566 1586,1568 1580,1576 1566,1575"/>
                <Baseline points="1584,1653 1609,1654 1634,1649 1659,1644"/>
                <TextEquiv>
                    <Unicode>Gri</Unicode>
                </TextEquiv>
            </TextLine>
            <TextLine id="r3l21" custom="readingOrder {index:20;}">
                <Coords points="1693,1718 1794,1737 1835,1711 2134,1704 2326,1735 2433,1693 2432,1641 2168,1668 2055,1641 1896,1687 1765,1650 1692,1667"/>
                <Baseline points="1701,1712 1737,1710 1773,1709 1809,1708 1846,1707 1882,1706 1918,1706 1954,1704 1991,1704 2027,1703 2063,1703 2099,1701 2136,1701 2172,1700 2208,1700 2244,1700 2281,1698 2317,1698 2353,1697 2389,1697 2426,1697"/>
                <TextEquiv>
                    <Unicode>nit Ihne aus einem Laden gestohlen.</Unicode>
                </TextEquiv>
            </TextLine>
            <TextLine id="r3l22" custom="readingOrder {index:21;}">
                <Coords points="1561,1817 1577,1820 1585,1827 1598,1822 1609,1826 1639,1824 1647,1734 1631,1734 1593,1761 1581,1757 1567,1762"/>
                <Baseline points="1569,1811 1600,1814 1632,1817"/>
                <TextEquiv>
                    <Unicode>4.</Unicode>
                </TextEquiv>
            </TextLine>
            <TextLine id="r3l23" custom="readingOrder {index:22;}">
                <Coords points="1671,1845 1785,1864 2005,1820 2139,1860 2449,1860 2730,1828 2729,1742 2541,1708 2127,1798 1671,1771"/>
                <Baseline points="1679,1820 1731,1821 1783,1821 1835,1821 1887,1821 1940,1821 1992,1821 2044,1821 2096,1821 2148,1821 2201,1820 2253,1820 2305,1820 2357,1818 2409,1818 2462,1818 2514,1817 2566,1817 2618,1817 2670,1817 2723,1815"/>
                <TextEquiv>
                    <Unicode>Nein, solches mußte geschehen seyn, da es nicht bey.</Unicode>
                </TextEquiv>
            </TextLine>
            <TextLine id="r3l24" custom="readingOrder {index:23;}">
                <Coords points="1667,1920 1847,1909 1892,1935 1921,1916 1983,1933 2168,1906 2167,1854 2063,1843 1989,1874 1941,1834 1869,1833 1763,1881 1719,1851 1667,1879"/>
                <Baseline points="1674,1899 1699,1899 1725,1899 1750,1899 1776,1898 1801,1898 1827,1898 1853,1898 1878,1897 1904,1896 1929,1896 1955,1896 1980,1896 2006,1895 2032,1895 2057,1895 2083,1895 2108,1895 2134,1896 2160,1896"/>
                <TextEquiv>
                    <Unicode>seiner Muter gewesen.</Unicode>
                </TextEquiv>
            </TextLine>
            <TextLine id="r3l25" custom="readingOrder {index:24;}">
                <Coords points="1660,2011 2603,2015 2701,1995 2700,1923 1915,1966 1659,1943"/>
                <Baseline points="1667,2004 1718,2004 1769,2004 1821,2004 1872,2003 1923,2003 1975,2003 2026,2001 2077,2001 2129,2001 2180,2000 2231,2000 2283,1998 2334,1998 2385,1998 2437,1997 2488,1997 2539,1997 2591,1995 2642,1995 2694,1995"/>
                <TextEquiv>
                    <Unicode>Auf ernstlichen und kräftigen zuspruch versicherte es</Unicode>
                </TextEquiv>
            </TextLine>
            <TextLine id="r3l26" custom="readingOrder {index:25;}">
                <Coords points="1670,2123 2761,2104 2761,2009 2577,2050 1669,2022"/>
                <Baseline points="1676,2082 1729,2081 1783,2081 1837,2081 1891,2081 1945,2081 1999,2079 2053,2079 2107,2079 2161,2079 2215,2079 2268,2078 2322,2078 2376,2078 2430,2076 2484,2076 2538,2076 2592,2075 2646,2075 2700,2073 2754,2072"/>
                <TextEquiv>
                    <Unicode>dißmahl die reine Wahrheit gesagt zu haben, mit den</Unicode>
                </TextEquiv>
            </TextLine>
            <TextLine id="r3l27" custom="readingOrder {index:26;}">
                <Coords points="1678,2170 1740,2206 1876,2167 2155,2193 2220,2160 2757,2153 2700,2100 2618,2126 2567,2093 2381,2094 2278,2137 1678,2115"/>
                <Baseline points="1686,2160 1739,2161 1792,2162 1845,2162 1898,2161 1952,2160 2005,2160 2058,2159 2111,2157 2164,2156 2218,2154 2271,2153 2324,2153 2377,2151 2430,2150 2484,2150 2537,2150 2590,2150 2643,2150 2696,2150 2750,2151"/>
                <TextEquiv>
                    <Unicode>versprechen, dasjenige seiner Muter unter Augen</Unicode>
                </TextEquiv>
            </TextLine>
            <TextLine id="r3l28" custom="readingOrder {index:27;}">
                <Coords points="1664,2268 1710,2234 1970,2260 2297,2230 2512,2270 2511,2204 2423,2176 2303,2208 2121,2182 2062,2212 1966,2187 1910,2210 1861,2177 1759,2211 1663,2169"/>
                <Baseline points="1670,2234 1711,2234 1753,2234 1795,2234 1836,2234 1878,2234 1920,2234 1961,2232 2003,2232 2045,2232 2087,2232 2128,2231 2170,2231 2212,2230 2253,2229 2295,2229 2337,2228 2378,2228 2420,2226 2462,2226 2504,2225"/>
                <TextEquiv>
                    <Unicode>zu erhalten, beßen es Sie hier anklage.</Unicode>
                </TextEquiv>
            </TextLine>
            <TextLine id="r3l29" custom="readingOrder {index:28;}">
                <Coords points="1988,2630 2029,2641 2087,2610 2189,2641 2234,2625 2537,2631 2536,2533 2462,2518 2268,2537 2225,2501 2171,2511 2101,2478 1987,2523"/>
                <Baseline points="1995,2579 2021,2581 2048,2583 2075,2583 2101,2583 2128,2583 2155,2583 2181,2583 2208,2582 2235,2582 2262,2580 2288,2580 2315,2579 2342,2579 2368,2577 2395,2577 2422,2577 2448,2577 2475,2579 2502,2579 2529,2580"/>
                <TextEquiv>
                    <Unicode>H. Examen</Unicode>
                </TextEquiv>
            </TextLine>
            <TextLine id="r3l30" custom="readingOrder {index:29;} person {offset:4; length:24; continued:true;}">
                <Coords points="1663,2716 2234,2762 2681,2718 2484,2642 2032,2639 1968,2670 1863,2623 1663,2655"/>
                <Baseline points="1670,2709 1720,2714 1770,2718 1820,2721 1870,2723 1920,2724 1970,2726 2021,2727 2071,2727 2121,2727 2171,2727 2221,2727 2271,2726 2321,2726 2372,2724 2422,2723 2472,2721 2522,2720 2572,2718 2622,2717 2673,2715"/>
                <TextEquiv>
                    <Unicode>Mit Mariana Dufrene gebohrne</Unicode>
                </TextEquiv>
            </TextLine>
            <TextLine id="r3l31" custom="readingOrder {index:30;} person {offset:0; length:6; continued:true;}">
                <Coords points="1657,2809 1672,2815 1694,2807 1727,2820 1753,2807 1802,2832 1829,2823 1846,2827 1861,2817 1875,2823 1882,2746 1842,2754 1803,2745 1772,2762 1717,2725 1696,2734 1680,2717 1666,2718"/>
                <Baseline points="1667,2781 1692,2784 1717,2786 1742,2788 1768,2791 1793,2793 1818,2796 1843,2798 1869,2801"/>
                <TextEquiv>
                    <Unicode>Wenger.</Unicode>
                </TextEquiv>
            </TextLine>
            <TextLine id="r3l32" custom="readingOrder {index:31;}">
                <Coords points="1679,2921 2105,2954 2176,2922 2373,2955 2700,2927 2700,2881 2579,2881 2488,2835 2249,2887 2078,2850 1887,2869 1679,2808"/>
                <Baseline points="1686,2904 1736,2910 1786,2915 1837,2918 1887,2921 1937,2922 1988,2922 2038,2922 2088,2922 2139,2921 2189,2921 2239,2919 2290,2918 2340,2916 2390,2916 2441,2916 2491,2916 2541,2916 2592,2918 2642,2921 2693,2925"/>
                <TextEquiv>
                    <Unicode>Obschon durch ihr letzter Examen Sie über ihre</Unicode>
                </TextEquiv>
            </TextLine>
            <TextLine id="r3l33" custom="readingOrder {index:32;}">
                <Coords points="1672,2991 2125,3046 2263,3011 2539,3041 2734,3008 2734,2958 2544,2971 2468,2931 2297,2962 1891,2940 1830,2972 1728,2917 1672,2933"/>
                <Baseline points="1680,2978 1732,2984 1784,2989 1837,2993 1889,2996 1941,2998 1994,3000 2046,3000 2098,3000 2151,3000 2203,3000 2255,2999 2308,2998 2360,2996 2412,2996 2465,2994 2517,2993 2569,2993 2622,2991 2674,2991 2727,2993"/>
                <TextEquiv>
                    <Unicode>Verbrechen reuen und geruhrt zu seyn geschinnen,</Unicode>
                </TextEquiv>
            </TextLine>
            <TextLine id="r3l34" custom="readingOrder {index:33;}">
                <Coords points="1679,3108 1814,3075 2055,3124 2530,3072 2693,3100 2734,3091 2734,3014 2405,3045 2043,3019 1966,3051 1678,3022"/>
                <Baseline points="1685,3060 1737,3065 1789,3069 1841,3073 1893,3075 1945,3077 1997,3078 2049,3078 2101,3078 2153,3077 2206,3077 2258,3075 2310,3074 2362,3072 2414,3071 2466,3069 2518,3068 2570,3068 2622,3066 2674,3066 2727,3066"/>
                <TextEquiv>
                    <Unicode>so seye doch am Tag, daß Sie ihr Herz nicht völlig</Unicode>
                </TextEquiv>
            </TextLine>
            <TextLine id="r3l35" custom="readingOrder {index:34;}">
                <Coords points="1664,3168 1674,3169 1708,3147 1730,3147 1776,3165 1797,3155 1814,3162 1828,3157 1847,3168 1873,3161 1877,3115 1855,3101 1817,3113 1755,3100 1725,3113 1694,3111 1671,3094"/>
                <Baseline points="1673,3141 1700,3143 1728,3145 1755,3147 1783,3150 1810,3152 1838,3155 1866,3158"/>
                <TextEquiv>
                    <Unicode>geleeret.</Unicode>
                </TextEquiv>
            </TextLine>
            <TextLine id="r3l36" custom="readingOrder {index:35;}">
                <Coords points="2045,3209 2089,3214 2137,3179 2286,3206 2420,3145 2485,3177 2522,3157 2551,3178 2592,3146 2657,3171 2715,3150 2713,3094 2651,3088 2571,3115 2507,3087 2413,3116 2350,3103 2314,3126 2096,3098 2043,3131"/>
                <Baseline points="2051,3158 2083,3156 2116,3156 2149,3156 2182,3156 2215,3155 2248,3154 2280,3153 2313,3153 2346,3152 2379,3151 2412,3150 2445,3149 2478,3148 2510,3147 2543,3146 2576,3144 2609,3143 2642,3143 2675,3141 2708,3140"/>
                <TextEquiv>
                    <Unicode>Da nun eine hohe Obrigkeit die</Unicode>
                </TextEquiv>
            </TextLine>
            <TextLine id="r3l37" custom="readingOrder {index:36;}">
                <Coords points="1669,3243 2168,3239 2342,3287 2437,3229 2708,3248 2708,3189 2519,3157 2391,3206 2076,3217 1998,3178 1787,3208 1668,3178"/>
                <Baseline points="1676,3213 1727,3218 1778,3224 1829,3228 1880,3230 1932,3233 1983,3233 2034,3233 2085,3233 2136,3233 2188,3231 2239,3230 2290,3228 2341,3227 2392,3225 2444,3222 2495,3221 2546,3221 2597,3219 2648,3219 2700,3221"/>
                <TextEquiv>
                    <Unicode>keine Wahrheit von allem zu wißen verlange, wie</Unicode>
                </TextEquiv>
            </TextLine>
            <TextLine id="r3l38" custom="readingOrder {index:37;}">
                <Coords points="1661,3307 2070,3341 2471,3294 2739,3320 2738,3248 2703,3241 2436,3230 2366,3283 2265,3289 2120,3249 1998,3286 1884,3248 1661,3256"/>
                <Baseline points="1668,3290 1721,3297 1774,3303 1827,3306 1880,3309 1934,3311 1987,3311 2040,3311 2093,3311 2146,3309 2200,3307 2253,3304 2306,3302 2359,3300 2412,3298 2466,3296 2519,3294 2572,3294 2625,3294 2678,3296 2732,3297"/>
                <TextEquiv>
                    <Unicode>Sie ihre Diebs- Christe begangen, und ber ihr dabey</Unicode>
                </TextEquiv>
            </TextLine>
            <TextLine id="r3l39" custom="readingOrder {index:38;}">
                <Coords points="1677,3407 2537,3422 2618,3377 2749,3383 2749,3344 2586,3312 2473,3351 2406,3321 2346,3360 2252,3316 2028,3351 1675,3312"/>
                <Baseline points="1683,3371 1738,3378 1794,3383 1850,3386 1905,3389 1961,3390 2017,3390 2073,3389 2128,3387 2184,3386 2240,3384 2296,3381 2351,3378 2407,3377 2463,3375 2519,3374 2574,3374 2630,3374 2686,3375 2742,3378"/>
                <TextEquiv>
                    <Unicode>behülflich geweſen, ſo werde ſie ganz ernstlich errin¬</Unicode>
                </TextEquiv>
            </TextLine>
            <TextLine id="r3l40" custom="readingOrder {index:39;}">
                <Coords points="1667,3522 1961,3474 2449,3521 2653,3470 2653,3437 2361,3398 2120,3407 2074,3439 1998,3409 1666,3426"/>
                <Baseline points="1674,3449 1722,3455 1771,3459 1819,3463 1868,3465 1917,3468 1965,3468 2014,3470 2062,3470 2111,3470 2160,3468 2208,3467 2257,3465 2305,3464 2354,3462 2403,3461 2451,3459 2500,3458 2548,3458 2597,3456 2646,3456"/>
                <TextEquiv>
                    <Unicode>wert, in ihrer Gartnätigkeit nicht zu verharren,</Unicode>
                </TextEquiv>
            </TextLine>
            <TextEquiv>
                <Unicode>483.
Ober dann nur einmahl ein furtuch voll gehalt,
S.
unnd heimgetragen.
da, und seyn darauf alsobald zu Rath gegangen.
4.
Fr. Wo sie solchen Diebstahl anfänglich in dem Gand ver¬
borgen.
Sie habe selber in der Nacht in der Ruche gehabt, und
A.
am morgen frühe, eher als der stieff-batter von
der Hochwacht heimgekommen, habe die Muter solchen
auf dem estrich in ein Landträglin verwahret.
zu welcher zeit der stieff vatter des morgens
Ge
ab der Wacht gekommen?
ô bestime sich nicht wohl daran.
4.
Ob ihm nicht bekant, daß seine Muter auch durchsten
Gri
nit Ihne aus einem Laden gestohlen.
4.
Nein, solches mußte geschehen seyn, da es nicht bey.
seiner Muter gewesen.
Auf ernstlichen und kräftigen zuspruch versicherte es
dißmahl die reine Wahrheit gesagt zu haben, mit den
versprechen, dasjenige seiner Muter unter Augen
zu erhalten, beßen es Sie hier anklage.
H. Examen
Mit Mariana Dufrene gebohrne
Wenger.
Obschon durch ihr letzter Examen Sie über ihre
Verbrechen reuen und geruhrt zu seyn geschinnen,
so seye doch am Tag, daß Sie ihr Herz nicht völlig
geleeret.
Da nun eine hohe Obrigkeit die
keine Wahrheit von allem zu wißen verlange, wie
Sie ihre Diebs- Christe begangen, und ber ihr dabey
behülflich geweſen, ſo werde ſie ganz ernstlich errin¬
wert, in ihrer Gartnätigkeit nicht zu verharren,</Unicode>
            </TextEquiv>
        </TextRegion>
    </Page>
</PcGts>
