3024 4032
191 2910 324 3055 Ir
228 324 361 419 276.
213 435 373 570 Creati
192 634 377 761 Antb.
201 962 375 1110 Frag
173 1094 352 1226 Gutb
240 2248 301 2341 1
410 400 1360 597 Werden Freyburghauß bey dem
419 507 1114 643 Schopff zu boden gestoßen
407 641 1346 821 Er habe selben wohl zu Toden fallen
398 753 1358 922 gesetzen, biße aber nicht, ber ihne ge¬
394 820 621 948 stoßen
406 955 1401 1181 Ober Depl. auch Steinen geworffen
378 1090 1342 1277 Ja, das könne er nicht laugnen, weilen
383 1224 1303 1371 man ihnen Steinen nachgeworffen.
364 1288 1305 1447 So habe er auch darmit geantwortet.
366 1386 1249 1530 dieses seye die reine Wahrheit
371 1464 1297 1634 worauf Er beharre, bätte demnichtig
354 1547 1356 1714 um Verzeichung, für das so Er gefeh¬
359 1617 497 1727 slet.
350 1738 1359 1897 Actum den 24 Septembris 1762.
530 2108 968 2254 Examen.
337 2230 1298 2376 Mit Hans Geörg Killer, von
344 2324 1314 2458 Bebistorff und dem Amt Baden,
342 2417 1334 2574 reformierter Religion, 19. Jahren
335 2498 1247 2637 Alters, habe nach sein Vatter zu
342 2585 1285 2734 Hauß, arbeite seit einem halben Jahr
351 2672 1341 2813 bey der Frau Kupfer in der Indem
329 2759 638 2868 Fabrique.
359 2932 1251 3085 Es werde ihm bekant seyn, aus bad
365 3016 1262 3163 Grunden er behändiget, und hier
353 3098 1342 3244 gefänglich eingesetzet worden, seye dase
345 3181 1324 3340 vo ernstlich ermahnet, gantz aufrichtig
343 3268 1357 3416 zu bekennen, was ihm von diesem weidigen
981 3375 1272 3520 Handel.
1403 724 1578 858 Antb
2451 378 2617 511 374.
1589 445 2468 587 Handel in bißen, und wie weit er
1595 545 2593 692 selbst sich hierin auch vergriffen habe.
1601 695 2485 849 Er wolle alle Wahrheit bey seinem
1585 790 2597 932 besten Wißen offenbahren, und nichts
1593 864 2525 1005 verfählen, von dem was er gestehen,
1586 942 2121 1084 und ihm bekant seyn.
1587 1092 2592 1238 Vorgestern nach 7. Uhren deß Abendt
1582 1182 2580 1328 seye er mit seinen zweyen Camera¬
1584 1255 2543 1360 den Niclaus Lamberg und Christen
1577 1333 2538 1469 Aschemann zu H. von Tagels Keller
1567 1411 2593 1554 gegangen, eine halbe Maas zu triefen,
1577 1489 2541 1621 allda sie den Probst, welcher in der
1567 1576 2498 1703 Indicire Fabrique als Handlanger
1575 1639 2581 1790 diene, und einen Guggisperger Bei¬
1561 1735 2517 1897 iger angetroffen, dahin der Tisch¬
1576 1813 2448 1945 macher flutziger samt seinem
1551 1897 2566 2020 Weib und seiner Magd auch gekommen,
1558 1962 2551 2099 und haben eine halb Maad getrunken
1555 2052 2552 2168 diesem nach dann seyen vier Steinhauer
1554 2113 2475 2246 aud der Statt angelanget, welche
1560 2200 2597 2342 würklich trunken gewesen, selbige haben
1565 2256 2557 2410 auch eine halb Maas geforderet, in¬
1577 2334 2488 2471 deßen habe der Guggisterger zu
1559 2409 2578 2558 geigen angefangen, darauf der truker
1564 2484 2585 2631 Lamberg mit der Keller Magd Tochter
1563 2570 2589 2714 den ersten Tanz gethan, dem der Stein¬
1545 2650 2565 2794 hauer, so gestorben seye, gefolget, und
1554 2723 2562 2878 mit gleicher tochter auch eins getanzet,
1691 2812 2538 2916 Nachdemme die Steinhauer ihre
1537 2878 2504 3031 halbe getrunken und bezahlt, haben
1551 2962 2503 3070 vie weggehen wollen, der Keller¬
1555 3051 2536 3197 Magd Tochter aber habe ihnen un¬
1557 3124 2541 3272 bißend die Bezahlung für die halb
1550 3188 2577 3364 Maad noch ein mahl geforderet, daru
1554 3275 2590 3434 über sie empfindlich worden, und gesaget
2408 3368 2543 3472 sin etc.
2577 1684 2629 1811 15.
2600 2735 2654 2880 s
