3024 4032
329 361 504 468 436.
535 476 1456 608 gekauffet. Sonsten habe dieses Weil
529 571 1499 709 Ihre niemahlen etwas zu kauffen angebetten,
453 939 1410 1066 3. Frau Margaretha Dätlin, das
509 1030 1472 1155 Grotbeken Ehefrau, gebohrne Stoß sagt and
640 1113 1465 1237 Ies Schumacher Duriones Eheweil habe Ihr
514 1184 1426 1301 am lezten Constag zwey Blätzen von neuer grober
506 1264 1421 1366 Monseine zum Kauf angetragen, welche Sie ihr
497 1342 1291 1440 um 22 bz. 2. n. aberhandelt und bezahlt.
506 1388 1442 1503 Am Freytag auf den Abend seÿe Sie wieder ge¬
509 1481 1441 1595 kommen, und habe offentlich vor ihren Diensten in
510 1565 1406 1687 der Hoch Stuben ein Für tuch von Prodierter
484 1638 1453 1758 Mousseline ohne Pläzlin hervorgezogen, und selbes
491 1704 1414 1824 für 30 Rhl. geschäzt, welches Sie Depl. ihr un
485 1796 1476 1897 gleichen Preis bezahlt, da Sie am Sontag Morgens
1218 1854 1430 1947 Nachdem Sie
492 1860 1072 1964 das Pläzlin dazu gebracht:
482 1938 1399 2039 aber das Gelt für das Fürtuch empfangen,
472 2007 1348 2122 habe Sie ein paar zerscheidene Prodierte
485 2103 1428 2207 Engageantes hervorgenommen, und ihr solche
467 2183 1430 2284 um 35. b. angetragen, darfür Sie, ohne den
467 2253 1239 2370 Werth zu kennen, et 22. b. bezahlt.
472 2349 1420 2448 Als Sie Depl. diese Engageantes gleichwie
475 2413 1435 2523 das übrige auch ihrem Mann gezeiget, habe der¬
459 2507 1425 2608 selbe alsobald sein Mißfallen darüber be¬
472 2581 1425 2705 zeüget, und seye ihm verdächtig vorgekommen,
462 2671 1410 2788 sagend. Es seye vor etwas Zeit eine gantze
466 2743 1406 2845 Wösch gestohlen worden, und Er wolle, daß Sie
465 2823 1395 2951 deßhalb nachfrag halte, Nachmittags seyen
466 2889 1407 3016 sie mit einander zu herren küpffer dem Pfister
448 2954 1450 3086 gegangen, da sie dann vernommen, daß diese Wösch
461 3073 1390 3180 der Frau haubtmannen von Wattenwyl von
454 3123 1384 3250 Rend entwendet worden. Zu welcher Sie sich
452 3234 1359 3338 gestern Morgens mit bemelten Monsseline
443 3306 1350 3428 Pläzen, fürtuch und Engageantes begeben.
436 3361 1443 3522 hie auf Vorbeitung deßelben so gleich alles für das
1309 3465 1405 3547 ichrich
2522 409 2694 500 437
2506 505 2621 610 Die
1678 497 2361 633 ihrige erkennt, und auch behalten.
1669 591 2703 691 Dufresne habe ihr noch von einer seidenen Robe
1678 667 2698 780 geredet, weilen Sie aber keine dergleichen Robes
1688 747 2652 839 trage, so habe Sie solche nicht zu sehen begehrt
1910 830 2718 921 Sie könne übrigens versicheren, daß Sie dieses
1671 902 2712 993 Weib zuvor nur nicht gekennt, und noch weniger
1686 972 2704 1083 ihr etwas mehreres abgekauft habe. Actum den 13ten
1688 1065 2033 1167 Augusti 1765.
1960 1203 2454 1311 Derzeichnuß.
1659 1288 2664 1401 Der Tÿroller Strümpfen und Kappen, so den
1678 1372 2646 1473 12ten Augusti in der Schumacher Dufresnes
1674 1448 2302 1558 Logement gefunden worden.
1599 1516 2511 1640 93. spaar Mannen, und Weiber Strümpf.
1617 1582 2701 1705 28. Sparr Kinder strumpf von verschiedener größe
1617 1670 2658 1790 1) Rappen von verschiedener Qualitat und Größe
1961 1869 2276 2008 Anzeig
1691 2013 2661 2171 Wegen beschehenen Diebstahls in dem Gang
1964 2108 2619 2224 Prr Gestellschaft zu Möhren.
1979 2187 2007 2218 .
1846 2137 2098 2265 60.
1593 2265 2612 2423 R. Helena Burblenerin, Joseph Hafners
2587 2354 2697 2433 klagt.
1684 2359 2572 2468 Ehefrau von Schwaz aus dem Tÿroll
1868 2428 2676 2532 Sie habe diese nun verstrichene Oster
1689 2495 2688 2602 Meß gewohnter maßen Baumwollene Strümpf und
1690 2594 2619 2679 Kappen auf dem Keller - Bank unter den
1680 2636 2689 2761 Mören feil gehalten, und ihre Waar alle Abend in
1701 2724 2646 2833 Päßer in dem sonst verschloßenen Möhren Gang
2540 2798 2568 2844 .
1695 2803 2678 2901 verbahret. Am Sontag als den 28 Aprill
1713 2871 2637 2995 seye ihr nächtlicher weil zwey Fäßer eröffnet.
1693 2951 2587 3060 und daraus eine starke Anzahl von beißen,
1691 3028 2621 3157 großen und kleinen gebürstelten und glacken
1698 3111 2676 3225 Strumpf entwendet worden, wüße aber gegenwär¬
2228 3165 2646 3276 Item bey 250. Stuken
1690 3207 2070 3310 etig nicht, wie viel
1694 3245 2647 3363 von verschiedener Gattung weißer Kappen, davon
1681 3326 2605 3463 Sie bey 200 Stuken ziemlich beschmuzet in
2499 3417 2623 3492 inem
