3024 4032
515 213 1521 443 Und zwar habe er vor dreyen Jahren
517 317 1515 516 zu der Zeit, da man solche durch daher
521 408 1523 607 Stuck eingefraget, gelegenheit gehalt
517 483 1485 655 darvon bey P. 20. zu entwenden.
510 572 1499 763 welche er bey dem Wirth zu Reichen,
490 665 1522 853 bach gegen Ducaten und Silber gele¬
503 760 855 885 vertrüschet.
506 952 1445 1100 Ob er nicht mehr als etwann 20. 2
484 1015 1477 1195 von diesen alten Funf däzleren
480 1149 906 1228 genommen
513 1280 1464 1426 Er habe gleichen Tags als er zu
486 1355 1496 1533 Reichenbach obige Sum außgelecht¬
452 1470 1465 1621 elet, auch zuvor 3. oder 4. Stuck¬
466 1576 1397 1718 bey der Papeyr - Mühli an
452 1683 1463 1815 bezahlung gelaßen, und sonsten
455 1786 1499 1909 versichere er, daß er sich an diesem
461 1863 1501 2021 Gelt forten nicht weiter vergriffen,
278 2038 398 2141 Gnat
445 2012 1430 2194 wie er diesen diebstahl verübet.
275 2199 418 2299 Auto
454 2191 1451 2350 Er habe in der Silber Streibi, da¬
442 2297 1425 2414 selbst man diese 5. b. Stuck ge¬
413 2391 1448 2513 eschrötet, solche Sum nach und nach¬
434 2458 1452 2597 entwenden und einstehen können.
416 2562 1390 2703 und zwar zur Zeit, da der H.
422 2678 1348 2815 Müller beyseits gegangen,
256 2822 400 2930 Jurg
425 2810 1435 2964 Er werde sich noch wohl in fernerem
430 2911 1458 3062 Untreu erzeiget haben, solle also
422 3010 1398 3140 sich nicht scheuen, seine diebstähl
412 3085 1325 3232 und Sunden zu offenbahren?
233 3222 418 3337 Antw
442 3190 1452 3378 Damit er eine völlige Bekantnuß
403 3316 1395 3450 seines verbrechens von sich stellen
384 3419 1404 3557 so müße er noch angeben, daß er
324 80 473 223 42
319 913 437 1060 Frag
317 1274 490 1365 Antw
1607 887 1736 1028 b
1617 1386 1762 1478 Autl.
1619 1695 1732 1832 be
1606 1840 1731 1933 Antw
1599 2054 1705 2193 dung
1579 2466 1718 2572 Amts
1597 2687 1707 2831 dung
1583 3018 1716 3122 Acto
1571 3168 1701 3274 Bar
2718 289 2851 414 13
1926 424 1993 476 Ien
1787 412 2805 554 der 5 oder 3ten Listerungen vom 10.
1790 491 2782 609 Bäzleren jedes mahl 3 oder 4. Stuck
1786 564 2833 691 eingestecket, und von den ersten 5. Jahren
1788 643 2815 777 Stücken, so lauff haben, auch bey etwelche
1781 728 2811 873 Eiferungen einiche wenige entwendet.
1775 903 2812 1031 Es walte ein starcker verdacht, daß er sich
1788 993 2818 1103 auch an den ersteren 10 ein solaüffig
1763 1054 2806 1198 seyen, in untreu werde vergriffen
1769 1156 2812 1287 haben, solle auch hierinn nichts ver¬
1746 1255 1969 1374 thalen.
1787 1392 2816 1520 Er bezeuge, daß er von diesen Stucken
1766 1471 2777 1607 keine entwendet, sonsten er es auch
1754 1587 2234 1693 bekennen wolte.
1776 1673 2812 1855 wo er mit diesem Gelt hingekommen
1761 1833 2797 1991 Er habe selbes verbrauchet und auß¬
1732 1941 2005 2039 gegeben.
1753 2029 2755 2223 Warum er dieser diebstählen erst
1732 2153 2738 2297 jezt bekantlich seye, da doch er zum
1733 2231 2766 2376 öffteren so gütlich ermahnt worden.
1716 2319 2674 2458 sein hertz vollkommen zu lähren.
1734 2475 2766 2619 Ach er habe geglaubt, es seye nur zu¬
1724 2573 2402 2664 viel an dem anderen
1754 2703 2808 2863 ob er nicht auch einem gewißen Pfister
1716 2794 2789 2946 Schupbach oder Gruber auf der Stüchtern
1717 2899 2764 3046 von den letzten funf däzleren gegeben.
1737 3026 2772 3196 Nein. er keine diese Leuth nur nicht
1738 3174 2739 3351 2b Ihme zu seiner Untreü jemand
1716 3291 2742 3440 behülflich gewesen, oder von seinen
1691 3381 2749 3527 Speit- arbeiteren dar von wißenschafft
1675 3470 2600 3613 gehabt, oder Ihne darzu verführet:
