3024 4032
360 335 527 433 458.
396 420 538 518 Antb.
568 401 1506 580 Wann die Kuche offen, so seye nichts mehr be¬
561 504 1518 649 schloßen. Der estrich aber seye mit eine
570 576 1094 669 Malet Schloß verbahret.
587 648 1458 812 Ob Er den Schlußel zu dem Malet Schloß
382 626 538 793 Se
574 743 750 845 gehabt.
411 815 505 945 .
565 809 1504 982 Ersige allzeit auf dem Kuche dank gelegen.
564 940 1318 1085 Was Er auf dem estrich verbahret.
434 967 543 1083 Pei¬
567 1080 1466 1194 das Holtz, dießmal aber haben sie keiner,
424 1085 507 1161 A.
568 1142 1454 1269 darauf befinden sich aber noch alte Fenster
573 1221 1447 1313 und ein beschloßenes Dank Tröglin, so
568 1286 1460 1385 dem haud Herr zugehöre, wiße nicht und
571 1361 1223 1466 in dem Dank Tröglin seye.
568 1475 1252 1589 Ob Er lange Zeit nicht auf den
426 1484 525 1597 In
1253 1507 1443 1614 Estreich
552 1573 778 1676 gewesen.
400 1654 490 1748 .
548 1643 1427 1785 Er glaube wohl seit 3 ten Monaten nicht.
371 1774 510 1883 Fr.
556 1754 1438 1898 Ersage, Er habe nichts auf dem Estrich,
550 1889 1500 1980 warum derselbe dann so sorgfältig beschloßen
544 1941 747 2027 worden.
360 2030 455 2132 d.
541 2056 1447 2160 dieses seye darum geschehen, damit des
532 2116 1477 2241 Herrn Haubtman Ernst Gehalt, dahin man
1406 2198 1456 2266 .
545 2192 1405 2302 durch diesen Estrich gehen müße, desto
524 2268 1039 2390 beßer verbahret seyn.
528 2370 1482 2484 Worum der Hl. Haubtman Ernst das Dank¬
363 2357 483 2479 I.
526 2437 1460 2546 tröglin, wann es das seinige seye, nicht in
523 2523 1236 2627 sein eigen Gehalt verwahret.
364 2602 465 2699 2.
524 2589 1500 2740 das biße er nicht, er habe solches alda gefinden
519 2722 1417 2850 Man verhähle ihm nicht, daß gust dieses
347 2751 464 2851 Fr.
538 2808 1440 2916 Dank Tröglin voll vor dergleichen Tyroller
516 2882 1499 3012 Strümpfen und Kappen gefunden worden, welches
505 2953 1478 3108 zu vermuhten mache, daß er davon Wißenschaft
507 3065 672 3159 gehabt.
357 3168 464 3253 A.
518 3153 1450 3286 Ohngeacht deßen alleßen, bezeuge Er auf das
516 3257 1326 3374 trüste, daß er davon nichts gebüßt.
330 3325 1494 3497 Fr. Er seyen doch so viele schwarze Strumpf Rochenden
1599 687 1678 790 A.
1592 886 1709 993 Se
1598 1052 1680 1136 A.
1617 1202 1710 1319 Dr.
1611 1505 1689 1582 A.
1585 1692 1687 1789 Er
1587 1959 1685 2097 1.
1599 2115 1691 2224 I
1609 2409 1672 2491 2
1611 2588 1693 2673 Ie
1609 2673 1687 2750 4.
1608 2837 1696 2957 Fr
1606 2945 1693 3040 G
1586 3166 1687 3296 S.
1603 3291 1695 3370 A
2564 486 2692 572 159.
1721 523 2706 668 die dem Ansehen nach von einem Mann mit gebicht¬
1735 610 2331 745 ten Schuhen getragen worden?
1724 707 2697 847 er versichere, daß er nur 2 paar dergleichen strümpf
1732 785 2410 907 habe, und auch mehr nicht getragen.
2190 854 2231 913 6
1741 892 2668 1017 Ob Er in seinem Logement nicht noch andere Sachen
1718 962 2509 1076 gebahret, die ihm verdächtig vorgekommen.
1729 1030 2649 1142 er habe das Bank träglin in der stuben durch suchet
1717 1127 2566 1228 habe aber nur alte Hudlen darin gefunden.
1727 1193 2622 1297 Ob Er nicht vor ohngefehrn funf Monaten vieles
1736 1286 2602 1381 keines Seiffen Zeug, als Vandoneo, Rabat,
1733 1359 2668 1451 halz tüchere hauten Engageantes, fürtücher etc.
1714 1427 2117 1530 zu Hauß gewahret.
1719 1495 2608 1613 Habe dergleichen nichts gestehen, seye being zu
1724 1572 2374 1662 Hauß, und arbeite auf der Störr¬
1729 1679 2677 1787 Er solle sich doch bestimmen, daß zu der nemlichen Zeit,
1734 1756 2662 1849 da ein zimlicher Ziebstahl von Seiffenzeug be¬
1733 1819 2698 1921 gangen worden, man sein Weib durch einen Weibel
1732 1892 2661 1988 darüber befragen laßen, und das Haus visitiert.
1718 1967 2110 2111 Er buße nichts davon.
1722 2091 2664 2184 er werde ja vernommen haben, daß der frau haubt¬
1724 2182 2671 2273 mannen von Wattenwyl von Neid eine ganze reine
1720 2227 2677 2344 Wösch entwendet worden, und daß Er und seine Leut
1722 2315 2257 2421 deßen im Verdacht gebüsen.
1728 2405 2631 2500 er habe wohl vom diebstahl reden gehört, aber vom
1737 2473 2143 2571 verdacht biße er nichts.
1735 2529 2506 2681 Wormit sein Weil ihr Leben durchbringen
1727 2655 2632 2769 Sie nenne zu Baschen in das Haus, und dann gehe sie
1723 2717 2243 2842 auch auf Stören glätten.
1725 2790 2357 2951 Ob sie die Haushaltung verstehen.
1721 2919 2624 3028 Ja. Er thun ihr seinen Verdienst einhändigen, und
1729 2983 2689 3101 darneben habe er sich der Haushaltung nicht beküm¬
1724 3073 1858 3157 werk
1714 3106 2693 3262 Ob sein weib nicht zu zeiten zuerlich gelt gehabt.
1719 3237 2695 3364 Nem, im Gethentheil seye sie öfters so gelt los gebe,
1718 3323 2647 3438 esen, daß sie noch am sontag Morgens bey seinem
1707 3397 2280 3509 Meister Gelt hohen müßen.
