3024 4032
216 252 364 385 268.
414 330 1128 476 hie Viertelin getrunken.
1276 407 1368 522 die
421 428 1354 611 Geiger Möserli, so gleicher maßen
417 511 1341 670 zugegen wäre, habe bald auf ihr An¬
416 585 1309 752 kommen, die Geigen zur Hand ge¬
408 666 1358 837 nommen, und zu Geigen angefangen
409 757 1322 904 da dann ein Indiene truker mit der
416 839 1320 989 Kelber Magd tochter getauchet, nach
413 917 1304 1072 diesem habe der Burgen auch mit ihr
407 994 1356 1147 der Tochter ein Tanz gethan, und diesem
384 1079 1289 1211 habe wieder ein Indiene Truker un
400 1152 1298 1298 Sachen gefolget, und wie darauf der
389 1223 1284 1410 Burgen mit der Tochter noch ein Tan
379 1302 1344 1494 thun wollen, selbige ich ihme aber ausge¬
376 1384 1347 1573 schlagen seye er auf die Seiten gegangen
382 1469 1268 1628 sagend, das mache nit, er seye wohl so
357 1540 1292 1691 hübschals es hingegen aber habe die
373 1606 1272 1744 tochter mit einem Indiene truker
371 1688 1255 1841 wiedermahl gefanget, und da dieser
355 1751 1290 1917 ttant geendet wäre, habe die Keller¬
364 1843 1314 2017 Magd gesagt, sie wolle Jugen konn
349 1917 1329 2094 machen, Worauf er Depl. verdeütet,
355 1994 1300 2144 so bald sie die halbe getrueren, werden
330 2080 1302 2231 sie beygehen. Als der Wein ausge¬
325 2157 1303 2335 etrunken wäre, seye der Freyburg
323 2255 1271 2394 hauß hinauß gegangen, um C. v.
327 2325 1252 2482 uad Waßer zu laßen; Wie er
319 2407 1287 2546 wieder in den Schorff kommen wollen,
320 2498 1259 2640 sein Sächlin Salt zu hohlen, so Er da
316 2559 1200 2726 ligen laßen, habe Er unter der
330 2628 1300 2769 thur von hinden einen Streich an den
311 2713 1292 2876 hinderen Theil daß Kopffs bekommen,
307 2790 1278 2946 darvon er zu boden gefallen, seye aber
306 2868 1263 3013 alsobald wider aufgestanden, und habe
319 2935 1265 3126 wider den Thäter beste Wort ausge¬
293 3006 1205 3180 stoßen, verdeütend, das seye auf
316 3097 1221 3269 eine mörderische Meiste gehandlet,
313 3162 1237 3327 der verstorbene habe auch darüber
878 3287 1222 3425 geschwohren.
2486 266 2625 367 269.
2082 346 2483 484 Auf dieses hin
1553 377 1933 520 detschbahren.
1583 447 2581 585 seyen sie vier Cammeraden wegg- und
1574 528 2541 672 die König Straaß hinab gegangen, die
1563 612 2453 734 Indiene truker aber haben ihnen
1564 691 2562 830 Steinen nachgeborsten, so daß sie sich
1576 768 2542 936 auch in die gegenwehr gestellet, und
1559 863 2578 1027 ihnen mit steinen geantwortet, dennoch
1564 945 2468 1081 versichere Er, daß er nur einen
1568 1015 2578 1158 einzigen Stein geworffen. Als sie sich
1562 1104 2494 1243 ungefardt bey der Großen Neuen
1540 1178 2619 1322 Porten befunden, seye einer herunter
1557 1259 2508 1413 gelauffen, und habe dem von König
1563 1325 2589 1492 einen Streich versetzet, darvon Er nider¬
1552 1419 2509 1572 gefallen. Der gleiche habe darauf
1544 1498 2541 1644 ihne Depl. auch angegriffen, und drey
1545 1569 2574 1714 Streiten auf den Kopf der letzte aber
1543 1647 2548 1774 auf das linke Aug gegeben, darvon er
2305 1713 2589 1855 gg deßen
1538 1732 2194 1879 das zeichen mit sich trage.
1543 1796 2611 1954 seye der von Koniz wider aufgestanden
1544 1871 2453 2020 habe seine Kappen gesuchet, der
1554 1946 2586 2087 Pläter aber habe sich wieder gegen H.
1536 2043 2359 2165 von Tätels hauß zugemachet.
1524 2112 2553 2232 Weilen Er Depl. den Burg, da herum
1545 2183 2531 2334 nicht gesetzen, habe er selbigen gesuchet.
1537 2268 2487 2400 und auf der Straaß obenher dieser
1538 2348 2478 2482 Porten am Toden ligend gefunden,
1534 2433 2500 2560 habe solchen aufheben wollen, er habe
1536 2518 2469 2633 aber gebetten ihn ligen zu laßen,
1541 2587 2503 2714 sagend, Mein Gott es ist mir ein
2128 2662 2567 2775 der Freyburg¬
1536 2673 1943 2788 Streich worden.
1533 2734 2581 2868 hauß und Er Depl. haben den Burg
1547 2810 2442 2940 dennoch aufgerichtet, und unter den
1541 2881 2516 3022 Armen führend nach Hause gebracht, da
1541 2967 2543 3089 Frunterbend zu öfteren Mahlen ein¬
1545 3051 2511 3177 sinken wollen, den von König aber
1537 3126 2529 3264 haben sie auf der Straaß verlaßen.
1643 3195 2496 3326 da sie mit diesem unglüklichen
1542 3279 2544 3419 Menschen zu Hauß angekommen, haben
2344 3361 2494 3497 sing.
