3024 4032
365 417 546 543 590.
521 531 1540 718 Weibel Schori zu Steinis bey etwan
540 647 1560 793 zwey gute Stund weit von dem G
545 729 1532 899 da der Todten Corper gelegen, abge¬
535 793 1413 925 rsendet, um gedeuten Jacob
538 876 1520 1019 Wäber, welcher daselbst in dien¬
544 943 1520 1081 isten anzuhalten und abzuhohlen.
550 1004 1500 1144 Unterwegs im Vorbeygehen vor
551 1089 1452 1232 dem Wihrts Haus zu Allidbyl.
544 1176 1540 1330 haben sie daselbst den Weibel Schor
549 1251 1520 1394 angetroffen, welchem sie gesaget,
532 1332 1539 1470 seines Knechts des Jacob Wäbers
537 1426 1455 1521 Verlobte, habe man ermordet
550 1494 1486 1634 gefunden, und sie kommend ihme
557 1575 1504 1706 solches zu büßen zu thun. Das
532 1653 1495 1783 Weibel sagte ihnen, sein Knecht
544 1732 1505 1869 seye gestern morgens von Hause
538 1818 1477 1957 weggegangen, und sein Mentschli
544 1896 1411 2038 habe eine Zeit lang auf ihne
539 1972 1492 2107 gewartet, wüße auch nicht, ob Er
556 2040 1500 2151 werde bey Haus seyn. Darauf
556 2128 1455 2261 der Weibel mit ihnen gegen
540 2211 1466 2337 sein Haus gegangen allwosie
544 2290 1530 2369 noch ein Benig vor Tag angekommen
544 2357 1527 2485 da haben sie von des Weibels Gru¬
527 2433 1482 2550 vernommen, daß der Knecht zwar
540 2508 1495 2641 im Hause übernachtet, aber schon
538 2579 1493 2724 allbereits, doch eben blos aus dem
527 2658 1488 2804 Hause fortgegangen, Sie seyen
536 2730 1425 2866 nun mit samt der Tochter des
543 2812 1454 2955 Hauses ihme nach gegangen, die
552 2895 1405 3027 Tochter habe ihme geruffen,
548 2966 1486 3102 darauf er still gestanden und
944 3056 991 3102 zu
539 3039 1504 3197 also seyen sie ihme angekommen,
517 3128 1493 3246 haben ihme eröffnet, beßtwegen
532 3187 1497 3337 sie da seyen, und ihne hierauf mit
536 3259 1508 3417 sich zu dem todten Corper gesucht
539 3345 1525 3494 iret, deßen er sich auch nicht gebraget,
1616 2455 1699 2560 5.
2666 416 2821 539 391.
1746 604 2780 769 Und habe er begehrt, bevorderst noch
1772 682 2807 853 andere Hosen anzuziehen, welches sie
1755 779 2768 931 ihme verwilliget. Seye auch gantz
1761 878 2796 1019 freywillig mit ihnen gegangen, und
1764 921 2739 1078 dasie angekommen, und ihme der
1764 1010 2779 1143 Todten Cörper gewiesen worden,
1743 1078 2790 1217 habe er nicht wiedersprochen, daß
1747 1160 2745 1301 diß Mentsch seine Hochzeiterm
2193 1249 2703 1337 Alldorten man
1751 1264 2013 1362 gewesen.
2087 1289 2125 1338 1
1751 1308 2736 1449 hernach den Kerli bewachet, biß
1756 1390 2778 1513 daß Meine gnädigen Herren Groß Weibel und
1751 1464 2805 1611 Gricht Schreiber selbst auf dem
1751 1544 2820 1681 Ort angelanget, und die ferne¬
1737 1629 2736 1765 iren Anstalten verordnet.
1882 1708 2748 1845 Im übrigen habe Er Depl.
1735 1788 2613 1890 keine Acht gehabt auf die
1732 1859 2732 1978 Gemnechts Gestalt des Kerles,
1731 1937 2799 2062 und wüßte weiters nichts beyzu¬
1735 2024 2021 2156 pfuegen.
1774 2150 2711 2307 Abgelesen und bestäthiget.
1738 2456 2803 2630 Christen Witschi von Herren,
1710 2560 2085 2688 nschwanden.
1702 2702 2034 2802 Sagt aus¬
2270 2723 2802 2854 Er seye Montags
1729 2784 2786 2947 den 26ten Dec. Abends nach 8.
1718 2856 2694 3007 Uhren, durch Peter Lobstiger
1717 2952 2789 3080 und Christen Witschi im Graben
1726 3023 2808 3175 bey Haus abgeholt worden, mit der
1705 3093 2698 3242 Nachricht, daß man ein todtes
1713 3171 2750 3318 Mensch gefunden, darauf Er mit
1712 3258 2725 3405 ihnen an das Ort von der Todten
1720 3321 2685 3471 Cörper gelegen und bereits von
1709 3398 2812 3602 verschiedenen Männeren bewachet wäre,
2468 3536 2657 3672 s. 5.
