4032 3024
1473 439 2025 554 gsellen hinden gelaßen und
1486 507 2001 617 p 12 f gan küffenacht
1429 565 2020 670 heim in sins vaters fälligen
1441 624 2033 738 hus ganngen, wie er aber dn
1432 675 2026 775 Floussigen synere zwen mit
1464 728 2026 827 gsollen auch amn sällbigen
1459 781 2027 869 tng dar konenn ✳ da dann
1436 841 2008 936 Den ein genwrnpf Boschi
1438 888 2015 979 Iren sibnnen oder achten
1446 951 2000 1035 predigen wollen, die er
1465 1004 2021 1100 alsr nit bekhennt, dann
1460 1059 1879 1155 allein den wäber
1466 1152 2022 1304 Otten so sige er funst zun
1477 1242 2019 1353 Fheinei Brodin meer sti
1462 1301 2044 1408 unnd wüße sinst von keinen
1462 1349 1707 1438 weier nüt
1454 1444 2028 1585 hat auch bekhennt, wie das sy
1432 1545 2046 1629 alte die Jhenigen, So guts wilen
1443 1600 2048 1685 it innen wöllen, im ire bruder
1451 1643 2002 1740 hafft vff nemen vnnd mit
1423 1712 1770 1801 innen furennt
1466 1835 2036 1960 hat ouch antzeieft wie das got
1440 1917 2041 2026 Die syd zu schweren verpor
1456 1985 2018 2077 unnd ob mann zue glichen wol
1437 2041 2023 2133 mit dem eydt verwyßen
1481 2095 2018 2180 ote sowet er denoch
1487 2148 2008 2255 hein eydt nit schweren
1466 2253 2035 2383 Item so hat erouey zauffet
1480 2345 2016 2447 gaßen, Ede Allhie syg
1473 2394 2052 2508 it ehin  hristenliche lundes
1442 2455 2033 2570 Ein Wällfliche ober bheit
2054 454 2727 575 Denno so hat er auch greth die
2091 530 2714 619 inn allten tostamennt unnd
2102 591 2693 681 die allt vätter sigennt nit
2077 646 2435 754 Christen gsin
2099 787 2720 903 Immnach zeigt er auch Hanns
2055 876 2763 963 Fieners halbenglicher gstalt an
2089 924 2731 1027 wie sin erster gsell, daß er und
2108 979 2763 1081 in frouw jetzem für gsin, innen
2090 1041 2755 1143 Ein Grieff jann Püffenrnacht
2074 1097 2727 1189 bracht, den sy synnem bruder
2100 1152 2728 1248 über anntwurten söllen unnd
2075 1203 2705 1308 wie sy Frynner von sinem
2077 1263 2699 1368 Bruder ein grieff zu bracht
2074 1333 2693 1428 von etlicher nuwenzytung
2093 1390 2747 1484 unnd der Lurggen Widerlag
2092 1446 2710 1551 seige er Innen zu eßen vnnd
2119 1515 2719 1614 zu trincken gäben, aber sich
2101 1572 2696 1670 In dheinerley gstalt mit
2110 1634 2745 1720 innen herer Zert vereinnet
2084 1689 2479 1783 noch ingelassenn
2131 1870 2718 1977 ist erstlich fär unnd nach
2114 1943 2767 2041 wärtz mit dem kleinen stein
2168 2001 2551 2087 zogenn wordenn,
