3024 4032
503 722 1407 948 Dannothing habe ergfommen, darb
530 837 1397 982 Galsutger ainhhpnieh ein sttell
560 900 1400 1030 einzone zwey hindergschw sampt n
549 948 1400 1082 ysenenstrickenn, dey halffereng mit
508 1008 1400 1130 zweyenn ysenen züglen, vonn solchem
534 1058 1400 1192 habe er synem meister RudolffHoffen
551 1118 1404 1273 verkoufft einen sattel mit der halffen
545 1186 1404 1315 von und zweyen ysinstricken umb ein
540 1245 1380 1369 ronen, das er noch schuldig, edtem
546 1313 1391 1442 verkoufft setter Hofman zu Rötzhofen
533 1363 1395 1469 ein hindelgschir umb ein cronen unnd
534 1427 1390 1530 noch nit bezalt. Deßglychenn Rohli
539 1493 1406 1609 vffem Sehpperg, ein komet, eine
537 1554 1382 1660 hindergschw ein zonm und zwenn
545 1599 1392 1710 strick verkoufft umb 25 batzen
549 1681 1396 1789 söhlices er von imme empfangen unnd
559 1759 792 1834 erbrucht.
542 1900 1386 1996 Sytters habe er ouch genomenn vlen
551 1963 1386 2054 rich Bigler zu Kräpsiegen Einbag
488 2011 1385 2114 Bönnstrick sampt den pfurren eine
541 2068 1379 2172 graßreien und ein glachen aben
527 2132 1395 2218 nein kommet, zwen oring ein zonn
532 2180 1380 2265 zwo rectenen ab einem vorzug un
527 2235 1385 2342 sölliches Rudolff Hoffman ouch verkaufft
523 2303 1379 2375 umb ein kronen und aber nit bezalt
520 2360 1376 2464 Denen er sölches verkoufft, habe er anheigt
517 2429 1367 2510 er daselbig von synem vatten ererbt
508 2482 1235 2586 hiemit dieselben endtschuldiget
487 2610 1377 2734 st Eestlirg ledig, Dmach mit dem klynstl
498 2694 1085 2795 Steyn uffzogenn dorb
430 2756 1347 2868 diß alles alls vorstadt hat er wëittwuchen
493 2826 1311 2924 Denn 19tn augusti zu Marzilli ann der
487 2875 1283 2968 Warter widerumb erhalten unnd bestädtet
502 2940 1149 3032 unnd nach sovill wyters zunnzeigt
467 2992 1302 3103 Das inne synn khugfrauw by dero erzwy
496 3056 1290 3141 kindt erzüget zu Schwartzennburg vruffen
489 3107 1296 3200 laßsenn, wegenn er zwey unnehliche snder
482 3137 1322 3255 ußerthalb der ehe bekommen, vnnd daselbst
454 3222 876 3323 hinwig gezogen sye
465 3263 1281 3376 Item habe er zuuorenzognen Uelli jungi zu
1242 3326 1290 3403 3
470 3348 1242 3430 Bütschell ohne die kalbeten noch pfunff
498 3359 1332 3501 schaff genommen unnd sölliche zu Erbegverkoft
414 3457 1317 3585 Ist erstlich etig zum 2 mall nift dem Klyeste
462 3512 1334 3629 unnd dennach mit den zweien kleynst₎n uffzott
442 3549 1295 3689 unnd ime der diedte steynsonch hinzugebunden
452 3643 640 3741 worden. E
2358 770 2419 832 66
1602 904 2373 1039 Ebech smnner
1501 1007 2477 1133 Vonn Ridomb welliche allher im obernn
1552 1072 2427 1159 apitall kindts gelegen unnd fürgebenn, das
1574 1106 2511 1203 selbiges eines kursenner gsellenn so höinderg gezogen
1562 1156 2423 1255 und iroo die ehe verheib habe. Ist mit dem
1546 1211 2481 1313 ydt vonn es tatt unnd landt verwisen wordenn
1544 1274 2147 1394 Atum 151 Auguti 1607
1586 1437 2394 1565 Beeh d
1578 1586 2464 1719 vonn Besgertz am Bodtnns ein kurtz
1553 1668 2387 1762 Gyger unnd Tryffenmacher so nun ein gute
1557 1724 2406 1821 zyth im landtumbher zogen unnd letstlichn
1569 1780 2406 1872 sich allhie unngepürlich verhalten. Ist auch
1559 1826 2400 1939 mit dem Ehrgdt us dem landt vnnd In synn
1560 1888 2218 2000 brynet zezurgen genbigen worden,
1676 2076 2428 2225 Andei wunters
1484 2180 2436 2325 Dem wäber kräch vonn männnigenn
1530 2272 2434 2375 pürdtig welliher dnn Trunckner sys uff
1511 2325 2433 2437 der gsellsnhafft zu wäberenn ein eilbermen
1543 2379 2443 2498 Bächer endtragen des innen aber sheider wordem,
1553 2443 2437 2553 unnd zum vorenn ouch eines bächers wegenn
1553 2502 2421 2607 verdacht gewesen, ist mit dem eydt vom
1540 2558 2292 2671 sstatt unnd landtverder worden e.
2144 2630 2204 2693 a
