3024 4032
377 2039 511 2104 in den
398 2090 504 2168 Iusel
717 722 1486 936 dm e3o
549 889 1480 1110 Denngch Ruthonns Rondig
613 987 1460 1144 Ein Hylenhauwer von Brenoble, wel
618 1048 1478 1229 hieuor, wenigtagen von Genff gfen
577 1121 1470 1292 klich alhar gebracht worden, der
564 1184 1479 1337 Daber daselbst, den ouch ahhie endthl
582 1249 1457 1374 gfangnen wt phimme peset, sint
571 1311 1475 1455 ein genampt afpusiert und verleytet
590 1374 1459 1489 sals sölte es die jhenige stygleiterenn
593 1438 1463 1560 welliche letstlich hieder bstygung der
545 1487 1475 1614 benffbrucht worden, geformiert und
623 1565 1456 1665 angeben haben, wie such sunst mit
593 1623 1465 1730 anderen argwönigen sachen umbgangen
630 1689 1456 1793 yn nach viber gnaden ansechen und
614 1756 1464 1842 kelch durch die eherennesten fürn
616 1800 1470 1878 men Wysen herren Erantz guder und
612 1864 1479 1957 Volffgang michel bridt des bhals Gö
488 1923 1470 2039 Tribolet und Hans Rudolff Gtyger
572 1995 1467 2068 Großweibels der bürgeren uber dm
601 2046 1461 2150 mitgeschicktem bericht. verhät und si
605 2111 1469 2210 demnach gegen einanderen confrontio
584 2168 1466 2252 und vernommen worden hat derselbis
593 2224 1466 2302 Anthomd Bondins, alle die pfenigen toch
542 2283 1457 2355 sul, so er zu geuff erhaltten und beken
568 2342 1454 2430 von einem an den anderen bestättet unnd
587 2404 1465 2503 sich offeriert by densehben in allwegen
1230 2459 1464 2538 Vnd nacht
591 2455 1225 2553 und gentzlich zeuerblyben
571 2507 1460 2612 er besten theil der selben, henne Mer Wirre
521 2560 1450 2685 In gägenwürtigkeit und underbgen
559 2635 1464 2741 synen repetiert und ihmme namlichen
490 2685 1462 2815 fürghaltenn Wie das er letstlichen zu
483 2770 1450 2862 Bätterlingen durch ihnne sye dahin bereh
560 2804 1461 2910 worden mit hum gan murten z zenhe
507 2848 1452 2981 Von Dießbach und dadanen, alher in ie
526 2911 1454 3033 tatt dern zegendt, dan e hme dosel
556 2965 1446 3085 ein sonderbar modehl zu dem buw zu Pffer
542 3032 1452 3167 enstlich gemachen bewolchen, wehlichessin
513 3073 1447 3214 Anen mhar gebracht, als sy nun by vierthat
540 3118 1453 3272 tagen, alhis verhart, habe er mr Bül
543 3183 1441 3338 imme verners anghalten, Diewyl de
2376 722 2458 783 54.
1547 777 2524 907 Vonn Gösi ime mermalen zugeschriben.
1612 858 2511 968 unndempotten, das er sich zu imme unnd
1618 902 2510 1014 inei schwecher gan  Gastdan Willer
1588 954 2526 1064 verfugen söllte, fune daselbst einr Modell
1589 1012 2522 1123 zt einer vahlbruggen abzuzeichnen, dan
1587 1074 2517 1193 imme syn schloßberoubet worden sye unnd
1539 1138 2503 1253 wölle er ine endtzwüschen sölleh er beiß
1515 1198 2522 1296 Tost gey halten, daruf sy zu Borhick an-
1566 1245 2527 1372 kounen und habe imme m Gittll der selbeg
1564 1302 2529 1413 Feryherr zur Brieff an synen schwecher
1600 1365 2532 1459 den von Wagtenwyl geben, liezwüschen
1605 1420 2527 1531 der Straß habe er zire vermeldet, wie
1540 1469 2532 1585 as der fryher von Borsick nit zum besi
1591 1538 2510 1647 noch getriwsten gemenet, jedich die ursach
1594 1607 2511 1701 deselben nit vermeldet zu Chahtran vr
1582 1661 2500 1756 dam we er m shield gar woll empfangen
1580 1719 2496 1822 worden stags ob des herrn margnis und
1497 1780 2507 1881 synes sohns des Fryherrnn Tischgehesen
1618 1844 2504 1927 ynen bondinder habe man aber gar wenig
1586 1896 2512 1996 geachtet, mondes zuuor hreih verreysenn
1583 1959 2512 2032 habe er mr sie nüt vermeltem von
1510 2011 2501 2123 attenwyl über einstund fang heim
1603 2067 2508 2160 siche reden gehalten und ob erglych
1549 2122 2481 2224 woll shmeeltr lach gfragt, was sy mit
1601 2177 2503 2291 mandek vlacht heter eme doch
1595 2249 2521 2346 söltes es nit ffenbaren wehlen, under an
1568 2302 2486 2390 beren reden aber, imme fürbracht unnd
1571 2363 2520 2467 anzeigt, wie das die att sruff gegen
1551 2422 2520 2518 del See zum Schwechisten, vnd welteer
1583 2481 2509 2559 durch sonderbare künst und mittel die phall
1592 2539 2526 2628 daran die Kettinen Ien waßer angespanen
1589 2585 2509 2705 lichtlich uszüchen können, das mngnn sy nit
1498 2602 1593 2703 E
1588 2648 2488 2729 bald müßte gwar werdenn, hieneben
1565 2704 2544 2811 freonel ustruckenlich eröffnet und anzeigt
1511 2767 2532 2870 das er das modehl un forme der zugenst
1500 2830 2520 2935 gebrüebten stygleiteten, in des fryherrnn
1572 2884 2526 2997 von corsiers schloß zugerüst und gemacht
1525 2938 2532 3055 Wie erdan daselbig dn p liester zu Dundid
1601 2994 2530 3124 lycher mahen sol bekent und eroffnet haben
1512 3096 2546 3208 Gmotlin habe er von dem von Wättelwyl
1504 3172 2517 3290 selbs persönlich ghört, als er imme mr pittro
2564 1967 2592 2008 en
