3024 4032
333 697 1195 877 Seine im Kestennholtz Sollethurner gepietz¬
353 761 1205 957 us eines laundtmansstuben ein parhosen s
367 836 855 919 einem huttenntzuekt
343 890 1202 1042 Verners habe er zu Eggerkingen, auch sollathun
346 959 1203 1081 ner gepietts mit hilffsynes gsellen, ein par
361 981 1168 1126 wilth hasen ein wyberrock ein galler
372 1047 1174 1175 samptetlichen wybertuchlinen gestolenn
330 1088 1190 1229 daselbig sye ihnen aber zu Bonungen wider
327 1147 784 1246 abgetagt worden.
370 1215 1190 1355 ythers zu Liechstal ein buschen federen.
360 1279 1131 1404 unnd ein stücklischurlitz eint
346 1333 618 1419 främbdeth
308 1394 1153 1537 denne zu Basell habent sy zwey parmesser
372 1466 1178 1584 ampt einem sturk grenem schürlitz genomen
347 1517 1153 1647 vellichen schürlitzer zu syntem theyl synem
347 1572 740 1662 gsellen gschrnckt.
342 1660 1138 1768 unnd als sy zu Zurzach am marit, auch sich
336 1725 1128 1816 finden lasten, habe daselbst mit hilfft
374 1781 1161 1871 gnevgsellen funff hoche hügsein vber
357 1840 1164 1929 gult huttzeichen Item zunff meßer den
342 1889 1152 1981 Kremeren entzuekt. Denne habent gue
348 1946 1143 2022 onsorrten, daselbst auch ein manttell
359 2002 1143 2076 ein whers unnd ein beschlagne bsteff
351 2051 1146 2149 meßer. (Die sy hernach umb dry silbert
298 2107 1170 2187 fronen verkaufft entragen. Von wellichen
352 2163 1115 2259 eyen stucken, sye ime aber mitzit
330 2230 521 2302 Beleden
247 2270 1175 2375 Denne haber unvher Furzach einem wrästt
310 2347 1154 2453 us den Tschoppen funff frützer entframbdt
263 2419 1155 2525 Item in einem darff by Furzach ein hochen
348 2489 905 2584 nnd ein eynlachen gestolen
286 2522 1154 2656 Item by wilistmu uff einem haff dry ist
278 2604 1134 2718 Weggen, die er hernach verkaufft und darzu
298 2680 765 2760 veis, erntzen genamen
1090 2748 1138 2798 pot
258 2725 1077 2859 zu Heerzogen ouchsee ussemer stulen.
286 2798 1128 2913 Rtodt sydin hasenbender 1 wyker hein
298 2866 794 2952 und 1 tuchli entzuckt
252 2916 1152 3044 Deme zu Ober buchsten par wyber stsel
315 3007 1068 3109 und zu Nider Buchsi, hachenzugt,
300 3068 920 3174 Stiffelfähl vermitheiwish.
1330 762 2169 885 Verniers habees zu Coffingen hochenhett
1351 814 2131 899 vnnd Reuerenter zemelden). i par schu
1337 832 2219 951 entzuckt unnd habe daselbst auch syner gsezen
1349 907 2153 1000 einer einmannelt unnd daazu vpm ellen
1335 948 2159 1054 Sappeldaffeth gestolen vom manttell, Ime
1336 1004 2141 1090 mitzit von dem daffeth aber zu zweyenn
1306 1077 1841 1171 Hosemnbenderen worden
1336 1117 2180 1228 sglychen uff einem pfinpstmärith mit hilff
1346 1177 2263 1277 eines synes gsellen etliche stuck dafeth gestolen,
1349 1229 2222 1312 solche unnder ein beth verborgen. Die syent inen
1340 1285 2228 1381 Aber hernach widerumb abgetagt worden,
1318 1338 2243 1457 senne unuhers Toffingen, zwey mans hembder
1340 1413 1518 1480 ewütscht.
1325 1444 2175 1538 annathin zu Langenthal habe es zwei
1334 1515 2233 1605 hutt, da er des ein umb ein frutz dick pfening
1328 1569 2242 1660 nnd den annderen umb fünff batzen verkaufft
1274 1628 2228 1710 Item ein Rappierli vnnd etlichen schwartzen
1350 1665 2184 1776 churlitz, welchen synegsellen behaltten.
1349 1741 2258 1820 und unühers davon einem wäscher us synem
1223 1795 2112 1874 Sschoppen. 3 batzen helffen Verunthrüwen
1281 1841 1353 1939 des
1357 1843 2136 1953 glychen by Langenthal 1 parstiffell
1334 1923 2164 2024 aes zu Bommpen Vmb ein Erüth Dicken
1308 1965 1796 2049 verkauff genommen.
1318 2026 2183 2123 zu Thunstewren mit gunst zemelden par
1324 2089 2179 2190 schu, so er umbfunff batzen. Deßglychen ein
1307 2149 2209 2257 parstiffel, so er umb v batzen zu Bommcen
1316 2197 2220 2315 Verkaufft, vnnd ein altt gar zwilchin hasen
1309 2244 1497 2335 genommen
1310 2297 2246 2410 vythers habent sy zu Riedtwyl einer trnucknen
1313 2362 2231 2476 mans person an einem hochzyth als er geschlaffen
1274 2409 2207 2530 frnffgulden, vnnd sechsbatzen uß dem busen.
1311 2476 1557 2544 genommen
1290 2529 2206 2646 Denne so hab es zu Burgdorff uß einem fre
1298 2592 2231 2707 mer laden etliche ydin schnür ein hahen hut
1295 2646 2200 2759 die glych auch silen frützer ingellt gestolen,
1285 2713 2204 2812 deßglychen zu Burgdarff ein riighefftli, so er
1286 2778 2194 2877 umb funff batzen verkaufft und ein wyler
1283 2828 2233 2952 guth, der imme aber widerumb abgezagt
1292 2879 1721 2962 Wahrden gestohlen.
1259 2928 2138 3050 Item Unnzeer Burgdarff uff einem hoff
1295 3005 2211 3092 in schlechten manntell, soer umb bz verkoufft
1252 3047 2189 3155 demse wüllin parhosen. welches er an synen
1229 3081 2130 3201 yb verschlissen. Vnd vff einem Anderen hofff
1274 3165 2181 3263 einsack, daruß er ein brathsack gemacht unnd
1275 3224 1794 3315 Uschen auch enntragen.
2205 733 2231 777 2
