3024 4032
587 743 1047 985 Aiis
255 1007 1182 1135 Uff hisvorgedachtenn sambstag den
378 1085 1164 1172 sibes dißs parb, nach dem Ulli Frantz
338 1121 1165 1213 wellicher vonn Arbarg Alhar gebracht
363 1172 1177 1272 unnd zu Marzilli über sine attiekell befann
348 1229 1186 1329 unnd vermers geexammnert wordenn, derselben
324 1276 1180 1363 zeigt ann, wie das synn stieffmuter ein
366 1317 1171 1409 ursach das er sies vonn Heymat gelaßenn, dan
347 1368 1156 1463 Wyll er vnnder sings Vadters Sechs Enndenn
333 1424 1174 1521 Das groste unnd olteste gewagenn, hab sy hnn
356 1473 1177 1586 gehaget.  Daruff snner darung nachge
330 1527 1159 1640 vmb vnnehr Sollothurnn Ehin Korber lunge
336 1581 1180 1682 troffenn sye er ime ein syth behilfflich synen
317 1638 1179 1733 Alls er aber Ancts Erernstorff im Holtz zwen
357 1693 1162 1788 Böse Bubenn der erste Hannns, vnnd der Aunder
341 1750 1157 1841 Dannel genempt, die miteynanderen gespilt
366 1797 1170 1872 befundenn, Habe er sich durch dieselbenn berden
369 1855 1173 1914 lagenn, das er vff der nacht mit Inen Inn
373 1905 1156 1981 sin dorff daselbst gangen allda sy erstlich
341 1949 1167 2031 Inn eyn spycher gebrochenn, darub ein leyb
350 2016 1149 2092 broth endtragen unnd darzu etliche milch
371 2059 606 2131 gethrenfenn,
329 2120 1184 2219 Deme daselbst inn zwenn annder spyche
359 2191 1157 2264 nächtlicher vyll gebrocheen aber darin nützit
359 2239 546 2310 befunden.
332 2311 1173 2406 Demnachselbiger nacht Uoss einem spischer
353 2367 1022 2451 jeder ein hombd verunnthribet.
364 2468 1151 2575 soffem Länngennbärg ußs eynem spycher
355 2535 1157 2622 em stuckwyeins tuch genommen davon
354 2590 881 2675 Iene aber nitit worden sy
333 2655 1137 2759 Aefsglychenn zu Balm ein Hoembd unnd
263 2731 1137 2820 einlachem gestollen, das hembli umb fund
302 2778 1117 2865 Vnnd das Einlach umb 5 lah verkoufft.
327 2862 1143 2961 Atglychenn zu Balm ußs Ehinem Spycher
260 2940 319 2995 4
371 2936 1140 3009 lynins tuch endtzuckt davonn ime aber
365 2985 690 3058 nützit wordenn hye
328 3033 1156 3152 Item zu Krouchtell mit koulff siner gselen
349 3102 1130 3205 ug einem spycher 1 Linlach sahmpt
349 3157 1143 3238 etlichen hembderen endtfrömbdet vom
352 3211 1133 3299 pellichem ime ein linlar₎ s er umb sachs
345 3243 1140 3347 unnd ei bembdt das er umb Rirff betz
351 3325 809 3422 verkaufft worden sye.
2046 612 2109 682 23
1284 695 2173 891 o Burgdorff einem Mägerschmidt Ehin mager
1240 776 1926 945 eines bitzenns wärt ehndtzuckt
1303 826 2097 1002 eine zu Megen ehin wehr verventhrinbet
1257 894 2090 1068 daselbig aber nachwertz widerumb verlornn,
1277 950 2190 1131 Item zur landerem mit hilf seiner gsellenn uß
1314 1011 2245 1167 einem schumacher laden 18 par schu endtfraubte
1279 1069 2210 1226 davonn ime ein par allein ervolgt, das er hernach
1271 1160 1617 1282 dirctz verkonft
1316 1240 2180 1380 etstlichenn zu feysterheimen alls er by dem
1249 1297 2169 1418 Dehinrtshug mit einer obeen uselbschafft gethruncken.
1287 1351 2214 1467 darob sy benachtet, habindt sy darnach daselbst
1285 1403 2179 1516 tum spycher gröffnet uf wellichem gedachte
1311 1451 2205 1555 sine gsellen etliche bleyder unnd by 4l jun gelt
1310 1520 2244 1615 verbenthrünket unnd ime damit er solches verschwegen
1300 1568 2157 1668 haltehin gäll Wambstell vonn lader hürtzlitz
1287 1650 1464 1732 zugstelt
1286 1703 2149 1809 unnd wiewoll er hievor Anngeben wie das er
1292 1771 2206 1842 dem sych schuid von 100 unß Heini Etman zu
1289 1837 2189 1906 rodtellfingen alls er by ime gedienet 4 l gestollen
1300 1865 2241 1959 habe er doch solches inn alfsechn bethrbiceter marter
1215 1895 2199 2004 nd damit er dero ledig weße bekendt, disere beyde
1301 1972 2225 2053 Artiekell allß widtruff unnd erhalten, das ann
1283 2021 2164 2113 demselben nützit syc, wie dann v g syim
1274 2075 2174 2165 unnschuldt durch erfharung beschymlich gemacht
1272 2141 1461 2205 worden.
1285 2190 2160 2295 Denne siendt obvrzeigte diebställ all sidt der
1293 2261 2200 2344 Meyern Frliby verlytt worden zuuor habe er
1310 2307 1880 2398 ünzit straffwürdigs gegangen..
1303 2389 2168 2486 Ist Etstlich Kär, zum Anderen mall mit dem
1297 2446 2212 2556 leyesten unnd zum diiten mall mit dem entlesten
1310 2494 1731 2580 steyn uffzogen worden.
1307 2553 1903 2666 Wiet thringenlich umb gnadt.
1295 2642 2185 2744 hyters hat ermelter Ulli Franz Mitwucherin
1288 2705 1753 2781 Denn 23te octobrs uff h
1793 2720 2242 2789 Beeren Holzers befragen
1278 2743 2189 2831 unnd denn bercht so minen su hn von den gfargnenn
1278 2778 2225 2870 zu Bergdorffhar anngelangt inn der gfanngenschafft
1301 2835 2216 2905 vermeldet, dee das er noch heber hievorbekandte diebställ
1308 2881 2245 2958 erstlichn zu Nidauw uon Eiei schiff nächtlicher wyll
1320 2917 2228 3006 mit Hilffsiner gsellenn etliches techen endtfrombdet habe.
1319 2969 2223 3046 velliches Iennen alber widerumb Aberhagt worden, vss
1304 3012 2212 3067 gnommen ein stuck lymin tuc₎ davon ime zu synem
1319 3054 2214 3120 wyll sy 22 sellen worden, das er hernach einer honsth
1313 3090 2211 3154 rouwenn onngfarlich umb ein cronen verkoufft und
1304 3148 1615 3222 as gelt vethann
1309 3170 2209 3286 denne Ann der Zinstrag verholffenn ein Huth
1336 3256 1503 3320 t�llen
