3024 4032
1109 682 1300 761 e
488 741 1284 842 aungenth widergaben, Vnnd sich domalenn
477 803 1335 896 Bagenn gott verlopt, solche sachenn nit
500 854 1395 946 mer furzenemen, habe, ouch domals niemand
516 913 1334 990 nit egsachen, enne so sye er hienor
509 965 1383 1055 3 Jaren durch mittell eines Pampartters
496 1011 1358 1102 dem er mit Reüerents zemelden, Vych dahin
531 1072 1374 1151 lrybenhelffen wol ihm furreisen zu Rom¬
519 1136 1362 1228 aber nit in it Henns bärg alls er be
508 1195 1396 1290 klagt, osin uff wellicher beißersich nit an¬
522 1255 1221 1362 derst denn erlich verhaltten habe,
515 1364 1407 1459 ittets was die kuust das eines wüse, wan
523 1434 1395 1516 nit ein jungfrauw uneder nit annlange
527 1488 1401 1591 habe es sölliches wann zuber demalten schnyder
537 1546 1375 1651 zu Thinschimptliches wyß gehörtt, wann
521 1602 1316 1705 einen neuge Gach, vnnd denselben Inn
473 1672 1410 1767 Branttenwyn guge, sollichen derich eineren
494 1722 1377 1831 zuschmeken waben, sye sy beflegkt, erfare
524 1796 1367 1894 ers, Wie Inn dem schryben vermeldett
1177 1861 1270 1937 11
527 1866 1001 1948 deittor dee eg
445 1949 1377 2094 Desglychen, das er mit synen kunsten kenne
503 2039 1386 2143 znwägen brangen, wan ein herr übel mit
533 2108 1419 2192 ime zufriden, allso das er inne umbringen
535 2163 1438 2254 veldte es verschaffen, das er ime die handt
511 2220 1423 2326 gietten müße, sye nihuerstanden wohrden.
517 2275 1451 2396 dan inne der jenigsodiß bezüget veranlaßet
440 2347 1392 2478 ie ermit dem Junckheren von dies bau
527 2421 1402 2524 nachen kemen könne, habe es ime ebkant
524 2478 1450 2565 vnvoretab er eblychwol zun zytten wider
476 2551 1439 2666 inne erzürndt, so sye es dach elych widrumb
512 2609 1403 2708 begnnewet, wuße allso von solchen bunsten
1044 2688 1236 2773 acsio ht
536 2689 638 2786 th
761 2746 1002 2821 tet
504 2790 1461 2897 annothin, aber syner hußfronigen Elggern
529 2859 1433 2955 villicht durch Zoubtrg dahin bewegt, das
534 2918 1416 3033 sih imme bewilligt worden, dahar sy
513 2988 1416 3093 dan uff die schidigung gethrungen be¬
514 3040 1438 3182 zugethen hoschlich unnd vestengklich, ohens
508 3118 1462 3258 wags nit beschechen syn sonnders mit villen.
1540 666 2459 833 Vmbstenden Vnnöthlich allhie furzemeldenn
1592 704 2492 872 siy die ellteren habemnt ime vill mer ursach
1553 766 2444 915 unnd anlas darzu gegäbenn unnd wol
1578 816 2517 980 vonn synen künsten gewüht, dan er einmal
1596 872 2536 1030 abotlogenn, daruff sy widerumb aunge-
1563 939 2500 1103 saltten unnd u iihne dieselbgern unnd
1598 970 2548 1146 guttswillens in der er gespaben vergstallt
2115 1052 2457 1150 Darzu ge
1601 1096 2112 1207 das er sy dheinswegs.
1611 1114 2522 1302 zwunge noch inen für das erstmall
1603 1175 2471 1327 darumb nachgangen habe allso harnin
1520 1267 2299 1441 weder kunst noch trug gebrucht
1602 1348 2495 1479 unnd alls imme fürghallten wolrdenn
1622 1407 2525 1534 das er schon hienoch ouch gefengklich ynzogen
1622 1462 2552 1610 unnd enthallten wohrden, hat er vermeldet
1583 1530 2510 1665 das ers der Ursach geschechen, das er vnnd
1630 1588 2568 1708 anndere khundtschaffter von eines sänwen
1634 1666 2557 1790 tiers wägen, eben nit uff einen bestimpten
1615 1728 2528 1853 tag zusamene unnd zythmit hr
1662 1795 2541 1926 ag zusamen gezogen, derhalben er do¬
1623 1857 2541 1976 mals umb zwentzig Guldin mit ab¬
1635 1921 2599 2051 frag alles fostenns von ueeugt gestrafft
1648 2034 1836 2121 wohrdenn
1672 2137 2490 2257 artt Haupt den Imme obbemeltte
1675 2223 2564 2316 ungepurliche sachen, mit gutten wortten
1670 2275 2526 2386 ngestellt, sye ein kürtzer man, wenig
1649 2330 2480 2440 Bartts, Hannse Bogeth dahar, vnnd
1633 2386 2576 2501 trage syne sachen inn derwyßt Bumcels
1642 2461 2549 2578 Zurückh. Sye wol zu muthmagen, wyl
1682 2510 2585 2619 st sill personen dargesetzt, vnnd merck,
1670 2590 2556 2708 lich gallt ufgenommen. Er sich nit mer ihm
1672 2646 2567 2751 hise lanndtschafft begaben werde, syen
1673 2711 2525 2801 ouch deren etzlich, die mit derglychenn
1627 2778 2568 2891 einsten umbgangnit innsonderheitt
1653 2843 2562 2947 Auff zwyth von Frnnngen, wie wol er
1682 2904 2491 3009 mittzit mit imme ereonentiert
1684 2974 2254 3095 noch Verhanndlet.
