3024 4032
550 814 1340 937 züglen entragen unnd soliche stuck
572 883 1295 972 Vnderscheydenlichen Landtluthen
650 935 1345 1029 ub 3 f 3 batzen verkhonfft, daran
542 985 1394 1118 Im noch 2 fb umbehalt vbsteendigsyen
546 1106 1389 1232 Dettlichen Uli Bigler geseßen zu Bräygen
603 1175 1379 1288 binbar Böüm stricb sampt den pfüren
613 1225 1385 1322 ein graßremen und ein blachen
614 1278 1378 1377 ab einem konet, denne zwen Oring,
619 1336 1382 1445 ei zoni unnd zwo bettenen, ab einem
603 1390 1384 1493 vorzug gestollen, daselbig alles synem
604 1442 1381 1565 gehapten meyster Rudolff Hoffman
606 1503 1383 1606 vmb ein fronen vbhoufft, mit faltchem
594 1563 1349 1676 furgeben, das er soliche Sachen, von
658 1623 1333 1731 nein vatterseligen ererbt habe
605 1733 1431 1868 Zuteichen so sye er auch zu Schwartzenburg
643 1813 1396 1912 von syner hußfrouwennachdem er
640 1854 1409 1968 zwesig unerlicht khinder erzüget unnd
652 1908 1394 2027 sy wider eheliche gebür verlassen
643 1966 1426 2088 an offener Cantzel daselbst vnggruefft
634 2021 1391 2125 worden, also das er nit meher dahin
608 2107 952 2186 komen dorffe.
719 2235 1479 2344 vorgeschriben Hanns Claus ist zinst
726 2308 1418 2398 tag den 14ten september 607 ffr
710 2352 1457 2452 recht gestelt, nochmallen synem gebeuner,
710 2399 1463 2500 ehornet, (mit rutten ihgestrichen, getrychnt,
691 2456 1462 2562 vnnd Inne des Gydt vonn gtadt unndt
954 2514 1386 2611 Landt gebenn Sordenn
632 2591 1460 2725 Nota Er hat derenselben Tag syner Eud. s
645 2666 1495 2773 undermuch zuriffenn unnd syelem gesapten meyster
648 2727 1477 2835 Petter Hoffmon etliche Bete Kaderen vnnd andere
1076 2773 1490 2883 derhalbenn verdrinet
645 2801 992 2884 sachen gestolenn tc.
1292 2911 1384 2999 E
1124 3423 1191 3524 1
