3024 4032
333 710 1221 896 das er berürts Mooßdursen, son syh
345 780 1220 959 Dethalben In dheinen deg fürsatz,
359 859 1210 1023 licherwyß. In disen Leidigen handel
362 931 558 1041 gefallen
370 1005 1209 1186 verners habe sy by der ancken wag
372 1077 1215 1244 sye ira wer daselbst zuhust vnbe¬
353 1143 1224 1293 unßt (ein eynlachen entfrömbdet
322 1228 1216 1407 Zū Steffistbūrg. Zwei broth enthragen
340 1328 1155 1488 und zu Belppein Tüchli genomen
332 1507 728 1618 ffiret umb gh.
331 1587 1206 1730 Ist erstlich Rähr demnach zum ande¬
365 1673 1110 1806 renmal mit dem bleinsten steys
361 1741 733 1840 ufzogen worden
530 1871 1235 1991 uf e Ditobris 1805 Jans
500 1947 1176 2065 Ist vorbeschribnt Elßbeth Has.
539 2008 1205 2116 uns rutten ufgestrichen vnnd
519 2061 1171 2164 Demnach us myner g herren
541 2122 1205 2216 vnnd Oberen Stetten Landel
553 2187 1144 2265 vnnd gerretten mit dem
548 2232 1214 2352 Eydtverwisen wolrden.
2186 650 2248 757 18
1436 699 1932 890 lle Ma
1348 790 2245 979 uff iinstag denn dempt dstonris
1364 888 2274 1056 diß 1605 Jars inn bywesen und gegen,
1388 953 2272 1100 uetigkeitt derfrommen fürnemmen, Er¬
1392 1007 2297 1142 anmet Unnd wysen herren Viirentz Holtzer
1378 1076 2254 1216 des Razts Beundicht Walthardts der Butt
1389 1145 2251 1291 geren Dauidt Tscharners Grosweybells
1389 1219 2269 1336 amptetlichen wetyblen myner gh herren und
1393 1273 2167 1386 Weren hatsgedenwurttber, PPetter
1383 1326 2301 1446 Nuren zu Tehilli der lanndtuorty Neüwis
1378 1403 2305 1510 bürttig sovar etwas Zigths von Erlach, durch
1385 1474 2214 1582 den herren Amptman daselbst myneng
1372 1546 2301 1664 hochterenden Herren vnnd Alertn pfengelich
1393 1610 2277 1737 überschickt zu Manzili bekheundt und ver-
1367 1708 1549 1798 Reden
1354 1735 2313 1863 erstlichen habe er mithilff eines synes gsellen.
1379 1829 2218 1935 man zwögen Jaren zu Dießbach by thun.
1373 1891 2341 2012 Vnhembder bestolen, vnd dieselben mit einandren
1372 1963 1531 2070 getheillt
1344 2043 2287 2152 denne mit hilff zwöyer syner gsellen verschines
1302 2126 2340 2230 Meyens zu Schwartzenburg ein spyder geöffnet
1382 2190 2273 2290 Is demselben etliche keyder vnnd Eynlachen
1382 2244 2348 2389 entframbdeth hillices hin unnd wider getragen
1327 2306 1697 2400 unnd verkoufft
1340 2392 2283 2514 Werners habehi sye er zu Lyßach mit hilff
1385 2461 2242 2582 erstgedachter synen consorten isn ein Nuw
1343 2548 2275 2651 hußgebrochen  iIn demselben uß einem grag
1385 2598 2280 2705 ingfarlich by den dryßig frauen entzuebt
1365 2680 2248 2769 von wellichem gellt Imme aber nit mer
1332 2714 2170 2855 dag funff fronen i müntz verlangeth.
1346 2802 2288 2934 Item zu Rys unnder Arberg ein sbyder graff
1379 2894 2301 3002 net uß wellichem svil kleyden unnd andere
1385 2950 2178 3054 achen genomen. danon ime nach dem sy
1355 3021 2246 3133 Iasellig verkouff zu synem teyl etliches
1359 3086 2267 3198 flanget eungfarlich dry oder
1393 3153 1863 3247 vier dronenn wordenn.
