3024 4032
392 804 1322 973 Mann hahr me Inb Ab er solle sinen
478 905 1325 1019 nachburenn denn schadenn zugefhugt haben
469 936 1323 1070 unnd Ime darüer verhatenn, Wann er
440 996 1322 1103 melter hr vogt inne deswegenn beschickenn
464 1048 1341 1162 vnnd befragenn wolte, Sölle er Ime vnverhele
436 1094 1205 1185 antwortenn, so gwes habe ers gethann
1220 1133 1332 1201 E
464 1139 1343 1269 Keyser welle dann woll Lith vnnd Kundtschoff
485 1194 1355 1319 windern, damit sy tene ab der vogtyberind
448 1249 1346 1365 jedoch ime derselbenn vermeindten fundtschafft
476 1311 1340 1403 einiche endterkt, möge auch nit wuchten
477 1362 1321 1444 wenn er hete harzu bruchenn vellenn,
353 1404 1342 1512 Dann er für sich selbs allem gesagtem casper
428 1451 1333 1557 Brum Wller darby gsyn all er keyser
458 1516 1324 1613 Ime digem rhat gebenn, zer zugsamme
438 1564 1339 1650 Deselbenn gebnenn rhats unnd sonst kein
489 1626 1354 1715 anderer kendtschafft sich zogetrösten belügt
463 1676 1335 1776 sye onch keinswegs gewillet gsyn mit ime
457 1735 1302 1832 herrenn vogt harumb derächtirenn etc.
590 1874 1359 2028 Diser Hanns Gaberthull Ist
741 1954 1365 2035 1 septembe uff ein geschworenn
700 1999 1352 2102 Urphed sich sollicher schandtlichem
681 2052 1386 2139 Muthwillenn seendtzuch, ouch 50 g
615 2068 686 2146 4
711 2106 1380 2192 beltstrafft abtrag erlitnenn cosen
495 2155 1354 2263 schadennde vnnd degwegenn vffgeloffnenn
718 2205 1335 2308 costennsteg unnd ledig gelagen
1198 2265 1371 2334 zurdenn.
616 2533 1387 2662 ff den 22 Otobris 1605 Ja
725 2728 756 2782 6
484 2723 1356 2843 Ist Volli Schnyder vnnd pecter Burger
517 2786 1348 2880 do stäts inn der stadt umbzogenn unnd nütz
487 2837 1330 2946 fürgenommen der eydt für der
502 2857 1375 3005 Burgerenn zil hinng gelbetin vordems
1570 786 2288 968 arn
1380 909 2449 1139 Aff sambstag dem 14te oberostmonats diß
1488 996 2411 1154 sumflichbeunden 1655 jars ihm bywäsenn.
1489 1030 2432 1196 Annhoren vnnd gegennwürtigheyt der Frommen
1479 1087 2413 1245 Lürnemen fürsichtigen ersaumen unnd yseen
1515 1122 2468 1282 herrenn brünndicht mcartins dess Rhats Michar
2058 1183 2425 1258 andt etscharners
1480 1240 1956 1336 zeunders der Burperenn
1494 1237 2424 1371 Großsweybells, damit etlichenn weyklenn miner
1487 1326 2034 1436 Gnädigen herrenn unnd oberenn
1544 1340 2452 1501 vndt gegennburtiger) Hanns Koicss vonn Rud¬
1512 1413 2448 1544 lingenn, dungfar Ete Jarenn Alt hienachgemeldete
1519 1449 2399 1580 durch inne begangen diebstähll unnd darüber
1516 1497 2470 1627 verübte schwäre migethatenn zu Marzilli vyenlichs
1514 1560 2394 1683 Bekendet verjachenn unnd mit der mardter
1536 1656 1753 1730 bestädtiget
1539 1635 2443 1770 Sremlichenn vnnd deßs Erstenn, Alls er sich Inn
1522 1716 2415 1824 digenn jungentagenn (leyder) des opillenns
1527 1767 2478 1856 unndernommmen, darzu ne dann etwas gelts ervor-
1514 1802 2429 1914 derlich syn sellenn, habe er deselbenn synnes
1484 1857 1519 1905 11
1499 1844 2478 1951 Meysters brath Hubachers entlestenn sohn, ußs dem
1527 1901 2350 2014 Etschoppenn zwenn Batzern endtzeckt
1513 1955 2452 2080 osglychenn der funpffrauwen mann zum
1526 2021 2466 2114 der stubenn. dey batz unversechenns genommen.
1888 2105 1951 2159 d.
1573 2111 2485 2210 enne Aills er mit dmem anderenn von Rudlingenn,
1513 2166 2484 2249 Uff ein zyth nach dem krouchtall gereyßset, sundt
1547 2206 2457 2300 Endtzwüschenn der heymbstrafs xcherenter unnd
1559 2256 2490 2340 mit gunst zemeldennd ein Greyfs ersëchenn, habendt
1549 2318 2474 2390 sy dieselb dem Jhäningen sy gsynn einmall verkene
1545 2350 2439 2433 trüiket unnd mit inenn dahim ghar Rudlingenn
1567 2396 2471 2480 hürt. welliche syn mitgespan aber alls es kundt
1555 2438 2472 2522 unnd offennbar wordenn, widerumb vonn Handen
1573 2503 1876 2579 lagenn mihenn
1562 2565 2452 2673 Honnothin so habeer unnlangest gedachtem
1535 2638 2445 2696 synem meyster Grath Hubacher zu Urtenenn
2259 2685 2463 2755 darumb
1516 2691 2252 2752 Uss eynem Gendterdm Zächenn Batz
1571 2721 2474 2804 er eynkonts kuffenn wellenn) gestollenn snndt
1575 2763 2505 2853 All ime dem Meyster sölliches andterkt wordenn,
1576 2811 2489 2897 habe er innes synem verdienen noch darumb gestrafft
1576 2859 2496 2952 welliche Straff, vnnd darüber gethanne varnung,
1543 2912 2489 3002 densonderheydt das iume villgedachts sines meysters
1550 2969 2483 3032 Johem Beundicht genempt, Villmallenn mit Ruchenn
1543 3001 2488 3092 schlegenn unnd shaldtwordtenn überfharenn, habe
1564 3057 2472 3151 er endtlich so hoch gevagt, vnnd vffgenommen, Das
1558 3102 2514 3200 er ime fürgsetzt, einem anderenn meyster nach
1556 3148 2460 3237 zefragenn. unnd als er sinem vorhabenn nach
2318 3205 2430 3257 licher
1578 3206 2290 3289 offgedachtenn synem meyster Brats h
1563 3248 2475 3337 verlagenn wellenn, habe er sich als das husvolgf
1564 3295 2489 3385 der arbtyth nach uff dem Baldt vnnd gemandts denn
1563 3330 2478 3428 Ein knab wellichee deß Huses hutenn sollen, daheymen
2302 3365 2475 3469 gsu s
