3024 4032
552 694 1416 969 duen geldeng tl enden
587 801 1415 1017 eben vier vertheilt, die übrigen acht einer
556 838 1422 1063 Frouwen von Giell, vmb siten batzen vn¬
530 913 1372 1087 kauff vnd dasgelt, vertruncken
561 1035 1407 1250 zu Bawyll habt er synem meiters
559 1128 1394 1294 shecher genempt, Einstieren hut verm
576 1178 1413 1383 früwet, dieselbige, dein huswurt s
532 1244 1403 1408 Marreme Alhie vmb 3. B. ein dicken
520 1304 1409 1479 erkoufft, habe aber hernach mit gemehn
548 1371 1408 1521 synem meister widerumb ein weisse
585 1438 1384 1568 eschaffet, das er also nützit mehr
493 1503 1247 1624 dafür vorderen werde,
523 1657 1415 1801 Dehie habe er uß grosser frävenst
519 1730 1389 1846 Jacob Hartman alhie uff der sälge
563 1792 1409 1898 mactenn ein Hüsli vohlen Hompdas
552 1850 1388 1954 zu er kein recht ghann, sonders
558 1898 1399 2014 Bendick werlts gsin umb 9 kron
564 1970 1399 2072 verkouff, als aber sölches rundtwordt
563 2035 1389 2140 sye ihmme mitzit dauon verlanget, noch
559 2101 1064 2204 gestelt worden.
821 2185 1329 2286 e
593 2201 665 2299 I
517 2255 1391 2370 und das er zu signauweß gfange
543 2332 1395 2431 schafft gebrochen und sich uff Ergen fuß
493 2392 1385 2498 bbstelt, sye die ursach, das er diegelse
499 2457 1391 2552 und strange cortur und marter Cechis
520 2506 1383 2636 er daselbst schon zum theill usgestandend
508 2609 776 2697 besorget
481 2724 1307 2869 Itledig pffzogen worden
507 2809 1389 2929 Dis alles wie obstadt, hat er mitwuch
369 2847 1390 2983 Den 19.en augusti zu Marzil mit den Marter
506 2891 1386 3012 widerumb bestächet und noch so nit wycer
497 2935 1393 3090 brkent, namlichen das er voranzogngn wan
496 2992 1390 3135 zum hirten, über das ihenig vohieng gen
506 3038 1380 3165 det ein schmeli vohlen hönwd arzu er fen
494 3072 1381 3239 recht ghan verkoufft und darzu einhabb
504 3173 1095 3309 uß synem huß gestolen habe.
451 3179 1382 3357 Attem zr v ielaus von Wattenwyl zh
464 3245 1386 3416 schüren zwey reder ab einer betten genamen
479 3317 1254 3459 und dieselben zu Rünitz verkoufft
414 3356 1376 3569 Sonst hat er nitzit verners bekennen, werden.
431 3429 1389 3676 Eiß erstlich ledig, demnach mit dem
477 3489 1380 3704 zum 3. mar mit beiden klenisten steiden
459 3571 1332 3758 und ime der drittestein, ach hinzu
440 3729 769 3819 wordenn
1525 987 1595 1067 E
2403 770 2461 851 65
1726 858 2332 1026 Smulzr
1641 1002 2547 1131 uff monntag den 15ten augusi 657
1616 1064 2529 1164 Hat Hanns Claus der vom Ereemper alhar
1631 1119 2502 1218 ebrachte bfangnr von schwartzeneburg pertig
1621 1167 2514 1265 uber den mitgeschickten bericht zu Marzill
1646 1224 2463 1332 vollgennde gekandtnus gethann unnd sölliches
1593 1276 2283 1385 Demnach mit der marter bestädtiget,
1612 1337 2534 1456 Deß erstenn habe er daselbst zu Schwartenabma
1598 1408 2523 1484 zweyern Wybspersonnen inn munt und frömbdet
1596 1458 2485 1553 Namlichenn das es ihnn der zum Ehin Silber t
1637 1504 2456 1601 gethanes dahar inne der landtvogt daselbst
1633 1555 2522 1658 so vonn fryberg gsyn) Ann einer kildy ihm
1616 1610 2472 1721 Fryburg gepiet gfenngekliche annemmen easenn
1550 1658 1613 1753 E
1630 1665 2495 1764 unnd inne aungentz dahem geschickt, als er nun zu
1554 1720 2517 1822 Fryburg mit anderen gfangen glegen habindt inne
1644 1785 2508 1877 nne midtgespanen annzeigt, wyll er zum wyll
1634 1833 2491 1934 ein Bärner sye, werde er übell eydenn mißens
1632 1899 2482 1967 uff welliche sclächte vertrostuug khein, er mit
1632 1964 2556 2053 einem synem Nacher Einstuck holtz inn der gfangen,
1631 2001 2496 2099 schafft verruckt. dergstalt das er henmg kommen
1579 2041 1632 2108 E
1622 2058 2488 2142 unnd ledig wordenn. Hrmit in besorgnus der
1620 2119 2510 2217 Warter uß der pfanngenschafft gebrochenn und sich dero
1631 2155 1806 2225 undlediget c.
1620 2196 2548 2302 Ihnne habe er zu Bräntzigkhoffenn ab einer vangen
1625 2252 2531 2357 ey grangen garnn gestollen unnd demnach sölliche
1619 2282 2479 2393 lander cramers frunen zu Wyller verkaufft
1612 2360 2501 2498 zu Ryffennsigg ehin alte wäggegenn genommen.
1562 2426 2517 2581 Demnach Ulli Burck. Ein vorredig Ehin radt.
1637 2506 2486 2619 nagell ein Rüti handrun unnd einalt solh inn
1608 2551 2472 2691 der Rodtichem Endtfrouedet, vnnd selbiges alt ysen
1619 2603 2195 2712 Allwagenn denn Schmiden verkaufft
1584 2686 2465 2825 Item zu Köchftetenn ehin gougkalb endtfürt
1609 2764 2504 2886 welliches deß prediandten daselbst gsyn syn möchte
1624 2817 2504 2955 unnd daselbig aan Hhen Leeli Uurri dem Metger
1618 2858 1984 2957 körfflich humgeben.
1609 2921 2478 3074 Vrinigrs habe er sölli Jungi von Bütschell ein
1606 3003 2469 3139 halbetenn Endtthuet der meynung dieselb Allhie
1602 3040 2447 3193 zeuerkouffen. Dieselb sye ime aber widerumb by dem
1586 3084 2139 3208 Marzilli thor aberjagt worden.
1578 3141 2547 3324 vonn ihellichenn erzelten wiethaten wegen er zu dießen
1609 3240 2488 3371 Sach widerumb gfrncklich Aungenommen, vnnd hernach
1597 3274 2485 3417 daselbst mit rudten ußgestrichenn unnd ime der eydt
1586 3335 2350 3476 uiß derselben hoersthafft geben worden sye etc.
