3024 4032
596 622 1459 875 ele geen
602 681 1458 924 Endtzwischen sy woll miteinande
613 749 1421 947 getruncken undgsprächen ghalten, sol
593 799 1458 1023 sye aber uff kein boß andhin zlgangen
587 861 1411 1065 Wil minder, das sy etwas unwolthn
584 918 1360 1068 genommen und nachdem er m
1390 1017 1441 1075 D
605 969 1437 1174 eetstlichen pfängklich behendiget etc.
1343 1044 1445 1118 ig
598 1052 1421 1236 har gebracht worden, sye die redi
579 1108 1432 1294 Sctaft Bätterlingen ergangen,
592 1157 1432 1359 dis die Vrsach sye, das er verdacht ge
577 1219 1425 1410 söhte er die stygleiteren, so iune
552 1283 1421 1469 Genffischen übergall ebaucht weden
606 1349 1424 1525 eeraeht worden,  gntacht haben
559 1416 1425 1592 Fmredann söhlich es hievor alhrach
535 1472 1417 1644 Batschets huß, als sy dem herlu de
575 1550 1408 1700 gemacht, ob einem mahl durch dies
547 1624 1423 1763 wen selbs in synem Biotins byise
528 1649 1421 1799 fihrgehalten worden, vnd Als er kon
306 1733 1420 1854 Hätterlingen abgscheigen, daße nit
444 1791 1413 1916 stunder, dan das er Bioti iue mit
1038 1865 1104 1921 zu
439 1865 535 1950 s
534 1856 1400 1977 sanderen uß der vom iins getragener
425 1920 1411 2050 fundtschafft wegen mitzit gen wi
364 1970 535 2092 h
554 1997 1402 2119 purg begleydtet, hiezwühchen habendt
358 2034 1390 2147 eidt aber besonderbar kein redent
553 2106 1399 2234 halten weder das die übrigen dee
384 2129 1392 2278 I die zwölff gsin, uff wellichens
286 2183 1398 2328 i rfetiert alles gsechen und ghört, wie
515 2295 1392 2378 alsovon syne m sierrdn ubeigen
391 2325 1384 2452 hafachars als er vergwonet müthet wüßn
493 2413 775 2483 b
774 2429 831 2478 5
455 2452 1379 2563 Dnnach das er daselbst zu shättelie
508 2514 1371 2617 sölle haben worff louffen lasen, des
378 2581 1362 2679 Wan erschon dismals kleinfüg, s
509 2632 1368 2742 werde erdoch an kurtzer zyth noch
458 2702 1371 2803 voll gelt bekommen und an sanetmnt
490 2760 1354 2871 anderen kleideren dahar gan kont
488 2800 1354 2926 bis verspricht er, ob imme glych woll de
496 2869 1357 2973 lychen worden möchten endtrunnen synn
418 2902 1360 3033 so syele doch die selben uff kein böse stt
405 2966 1350 3078 tion morli, das er damit etwas böses
449 3021 1345 3133 hette, sonders in derglychen schmipffi
1181 3083 1260 3191 N
450 3092 1179 3200 und geläshter abgangenn
1118 3184 1195 3269 1
2393 692 2473 769 37.
1549 761 2524 932 Ertstlichen das er glych nach syner meihie
1570 821 2514 974 behendigung si genWillangen in das
1533 875 2504 1027 Burgundt begeben, sye er durch syn huß.
1550 931 2482 1077 frouw darzu vermogen unnd erpätten.
1539 981 2504 1132 worden, die imme dan beugleheme sich zu
1555 1049 2508 1182 irem namen dahum zeüegfügen vnnd
1482 1093 2521 1262 daselbst iren bruderzepitten, das erza
1477 1148 2499 1288 sonl zugfallen bewysen und ira alhie vor
1525 1221 2486 1339 derer gnaden ires ghangnen ehemans
1513 1270 2497 1402 wegen bystandt thüye, das erdan bester mein
1529 1316 2521 1459 nung gethan und als er dahin gan Willangin
1533 1366 2520 1483 komen und besagten irenbruder befundeme
1542 1421 2500 1543 habe derselb vom berru von Cochur zu synd
1534 1484 2469 1593 behelff ein rtestation und zügnus beßert
1540 1545 2496 1653 die er imme aber widersagt und abgeschlagen
1534 1593 2476 1699 Muden bscheidt die selb wurde ihnne m
1528 1650 2503 1754 znan doch wenig nützen, dan er weng nit
1531 1719 2473 1798 möge wüßenn, was er alles im bur
1525 1755 2430 1856 gundt verhandlet und möchte er h vonn
1516 1811 2476 1900 Dorsier dardurch mit ime ahlenin in verdacht
1495 1873 2473 1945 komen, daruff er ligtindan mit vermeltem
1467 1938 2446 2000 Irem bruder zu unckgezagen, wellicher dan
1483 1973 2461 2077 hernach mit jravor Uwer gnaden erschynen
1502 2040 1635 2131 sr etc.
1630 2218 2073 2320 Sunorbsmeltem
2119 2236 2370 2319 Fargnes.
1645 2292 1910 2373 Diotin Ist
1915 2284 2344 2369 Damstag denn
1690 2340 1740 2377 2
1653 2340 2292 2434 8. Augusti der thytf them
1652 2388 2357 2494 mer gen hoh gepiet unnd
1646 2445 2320 2535 Lannden geben, vnnd er damit
1651 2499 2294 2601 synem Anhorten mnr Dieere
1681 2561 2235 2644 hchsof des gfangennschafft
1626 2607 2256 2712 zeorg gelagenn wordenn etc.
2485 1972 2542 2052 sen¬
