3024 4032
654 641 1436 864 vff kein bose pretention noch keinen
712 718 1497 956 drgene d
664 746 1442 960 unnd gelächter abgangen, allso lich er gred
683 806 1464 1026 werde noch einmtell woll vff kommen n
677 853 1488 1083 2 gt ihm sölliehem oder annderen offi
693 909 1441 1106 unnd beleydiget, pidtet er gantz thein
701 973 1458 1145 es welle ime dieselb solliches gnädenk
695 1011 1452 1224 Zihenn, vnnd Inne diger synne hes
646 1061 1218 1218 schafft Liberierenetc.
718 1388 1463 1573 allln
517 1574 1437 1718 Acl dann Anna Schlegel von
602 1651 1449 1774 schoneg, welliche abgeloffner tagen
514 1722 1447 1838 gezigten Heperin wegen, gfengklichehar
559 1788 616 1861 1
640 1787 1431 1886 gebracht worden nach und g benelch
635 1837 1440 1964 perschinen sambstags mit ernsthaffen
595 1909 1441 2009 wortten unnd betr�üw dermarter
565 1974 1456 2072 Uber den mit geschickten bericht gepanen
614 2040 1456 2135 unnd befragt worden, hat sy sich erlithe
576 2092 1447 2194 unnd angezeigt, wie das im abgeloffen
542 2158 1447 2265 Demt er ein har gsin sich begeben, als sy y
544 2226 1440 2328 Dem monschyn gesonnen unnd hm den
539 2290 1427 2393 durch das glasen hinnst, habe sy gesechen
606 2360 1404 2451 ein lange manspersen, nüt grigen
593 2421 1404 2512 bekleit vor dem husen stan derselbige
608 2475 1422 2569 ye also lang gsin, das sy ihmme dashapt
552 2524 1395 2630 vor dem lach nit ersechen mögen
393 2591 1410 2710 aruf sye sy als bald hinnsen gangen und
521 2656 1404 2758 Fremel achburen Uli Schnyder grüeff
523 2713 1396 2805 Der aber nit khomen, hiemit ein grüse
497 2770 1407 2868 durch sy gangen also das sy verment
497 2824 1383 2936 Das guse bewege sich, nach dem sy sich
562 2874 1408 2992 nun widerumb inn die Stubenbegeben
530 2933 1387 3064 habe sy sich gottbenolchen unnd sanh
516 3012 1368 3107 Rhūw gangen. Harnach noch beūor
535 3066 1387 3174 ye fraderselbig, niemallen meher
532 3151 808 3237 begegnet.
467 3225 1366 3361 Denne das sy etlichen hren nachburen
493 3263 1355 3403 als sy verclagt worden zr vych unnd
1600 782 2436 907 leyn gutt, wie sonnderlich such melchior
1594 866 2428 970 Vynggers unnd Peter üßlers khindt
1609 910 2402 1008 olle verderbt unnd verlepels haben
1569 964 2448 1091 will sy keins wegsgestendig, vilminder
1594 1019 2383 1114 anred syn, das sy sich solte gottden
1568 1074 2445 1181 allmächtigen irem beylandt verlaugnet
1591 1125 2470 1246 sund sich dem leidigen satan ergeben haben.
1535 1185 2486 1317 unnd syend iren solichen zulagen unrecht
1570 1253 2332 1368 masiger wysen uf erlegt worden.
1534 1553 2383 1709 d 1b bob6
1635 1760 2504 1884 Montag den 15 Brachtmonats
1564 1810 2522 1968 i gegenwürtigen unnd zinfließenden
1583 1895 2535 1997 16lo 7. jars jun bysyn anhören unnd gegen
1572 1939 2473 2036 würtigkeit der cherennesten fromen
1571 1997 2530 2106 fürnemmen ersammen, wysen heeren Wolffgang
1526 2067 2508 2155 Wichels deß eleynen rhats frantz Kupffers
1535 2114 2495 2216 Der Bürgeren Hanns Rudolff Steygers
1565 2169 2452 2282 Großweybel sampt etlicher weyblen
1571 2224 2187 2324 myner guh und Oberen:
2135 2353 2511 2433 dem klichspäll
1561 2349 2471 2463 hat gegenwürtiger vor Magnnt uns
1553 2416 2479 2526 Tryburger gepiets pürtighienachuolgende
1568 2468 2443 2581 hoche, Schwege, erschrockenliche begangne
1550 2515 2388 2627 unnd understandne misthandlungen
1575 2578 2407 2681 unnd verüebte diebställ zu Marzilli
1502 2641 2442 2745 bekennt, angeben, vernachen vnnd volgentl
1555 2695 1975 2792 pynlich bestädtiget
1505 2804 2395 2930 Namlichen unnd desen ersten, habe er in
1575 2900 2452 2970 vermeltem synem hennat einer bewusten
1560 2943 2464 3035 ans person, hinderrmbs vnnd Vnersachens
1546 2992 2421 3079 anderthalbe silbegeronnen entzüekt unnd
1559 3044 2223 3148 solliche iunsynen mitz verwendt
2433 734 2509 811 49
