3024 4032
316 774 1182 972 Wythers habemnt sy nit wyth dadannen vom
315 862 1190 1024 Melchnouw von einen wösch etliche hembi
313 919 1179 1071 unnd anders gestolen, als aber syne mit
352 966 1123 1094 lanhorten, sölliches inn einer schüren
382 1035 1133 1167 versteckt, sye solches widerumb funden
377 1094 542 1177 worden
312 1164 1135 1331 Dennesyent sy by Taffingen einem weben
314 1282 1126 1402 Inn die stuben geschloffen, imme das tuch
344 1339 1076 1435 Ab dem webstul genommen. Dauon
327 1394 1117 1486 zwo unnd zwentzigell zu synem dritten
332 1456 1142 1560 theyl verlaungeth. Daruß er zum theyen
354 1514 1123 1607 ein Tschoppen machen laßen, das übrigh
352 1563 1118 1687 sye inn einer schuren Allda er solches
347 1636 1105 1739 chhaltten, widerumb funden worden
305 1700 1116 1814 dannathin so habe er unnd vorgemelter sy
348 1773 1129 1868 gsell. Im ancenner gepiet ein keller
344 1829 1108 1935 geöffneth, daruß ein leib Brath unnd
330 1904 1117 2008 sein halbe Aneken ballen enthragen,
282 1986 1155 2121 Item im Eundtlibuch habent sy ein schürliche
348 2087 1130 2186 in wyberrock gestolen, derselbig habe
338 2153 1082 2260 ihn gsell behaltten, nüt fürgeben er
312 2210 1113 2326 fleider darus machen laßen wolle,
275 2290 1082 2418 Demnach mit zweyen ynen gespanen.
289 2372 1124 2483 zu denener nüwlich kommen sye, auch sy
281 2438 1131 2539 Lurernen pieth inn einem darff, das zur
317 2494 1076 2595 unnbekanndt uß einer wösch funff
260 2567 1128 2662 bynnlachen unnd den hembder gestelen
324 2659 1107 2767 Vettners im kucernorpirth mit hilff
341 2726 1086 2839 gner gesellen, ein keller ufgebrochen
315 2796 1104 2898 Jarob einer ergriffen unnd das sein
325 2851 1102 2974 sy ußgethragen. inen widerumb bege
292 2948 694 3035 gagt wohrdenn.
275 2982 1101 3127 darnach widerumb im aueerner pitz
260 3098 1066 3200 habe er unnd zwen syner gsellen ein
248 3144 1075 3279 Feller geöffneth und daruf dry leyb
276 3214 1060 3340 Brath, unnd zwo Anncken Ballen
289 3322 739 3434 entfrömbdeth tc.
1287 717 2173 906 demt zu Entzigen ein Tschoppen enthuckt,
1263 834 2176 1017 irem zu Fünsterheimen mit hilff viler so
1274 916 2193 1067 ime umbtkandt gethruncken und gespilt
1257 976 2214 1128 daruf dero etlich, alls sy benachtet unnd das
1271 1042 2124 1201 hußgsind gekilteet vor dem hus iIn einen
1293 1124 2151 1264 sycher gebrochen, darob er dan, wyl das
1288 1187 2105 1332 schußuolck, deßen gewar mit anderen
1293 1247 2166 1383 gegriffen, vnnd allso gefengklich, Inzogen
1255 1365 1414 1463 worden
1215 1483 2175 1622 Endtlochenn sye nit minder dann das er
1262 1567 2186 1671 hievor etwas zyts zu Lnsern mit anderen
1291 1627 2189 1719 ebsich vepffenden Bubenn Inn Spidtall
1274 1685 2165 1790 daselbst gelegt unnd ime domallen als den
1271 1735 2150 1819 ubrigen ein latmisten fel uff dem
1250 1798 2220 1883 ruckenn gebröndt, unnd daruff inn syn heymel
1266 1858 2175 1961 unnd der arbeyt nach gewisen vorden.
1437 1990 2213 2110 Disr Wilhehm donnin ist uffden
1340 2016 2203 2164 25t ortobrs mit rutennussgestuchenn,
1454 2112 2174 2212 unnd ime zu Abhaltung boser sach kein
1451 2160 2170 2263 Ratynsth h uff den Reggen gebrandt
2038 2234 2198 2321 horden
1301 2225 1935 2444 Sli Pranntz
1192 2431 2136 2556 Wyshers hans unnd tags, auuch thun by
1232 2522 2070 2617 Wesenn (hat gegenwürttiger.
1218 2581 2190 2651 Ulrich Franntz von Rettellfingen, wellicher
1232 2623 2179 2729 durch den herren amptsman zu Arberg iig
1255 2692 2187 2794 nen gl herren uberschickt worden, zu Mar¬
1248 2748 2204 2851 Zilj hernachgemeldette, durch Inne begangen
1250 2813 2040 2895 nt diebstell bekenndt unnd mit der
1262 2872 2036 2976 martter erhallten, vnnd bestettigeth
1193 2951 2100 3073 Alls erstlichenn wie das syn stieffmutter
1250 3027 2119 3131 ein ursach, das er sich von heimet gelaßenn
1247 3085 2156 3179 an wyl er unnder synes vatters sechskinden
1228 3130 2112 3257 das gröste unnd elweste, habe sy inne gehaßeth
1241 3199 2130 3297 aruff er seyner narung nachgezogen, unnd
1237 3260 2110 3361 unnherr Gollothurn ein karbersanngetroffen
1217 3317 2168 3426 svorgemelter miner Herrenn vom Rhat vnnd Bur¬
1271 3397 1554 3482 gerenn ut hu.
