3024 4032
544 852 1304 1014 llils Juus
521 985 1308 1135 pars unnd tags vorstadt unnd
493 1072 1301 1174 Inn bywesen, Anhoren vnnd gegen
578 1115 1318 1228 würtigkeit der ehereimesten,
542 1170 1351 1287 fürnommen, wysen Herren, Peronnnd
532 1232 1339 1338 Stettlars des ehats Jacob Birbartder
539 1265 1328 1388 Burgeren Hanns Rudolff Steygers
556 1335 1276 1425 Großweybels, sampt etlicher
426 1381 1172 1477 Weyblen mynerg. Herren
482 1513 1315 1614 Hat ouch (gegenwürtiger Hanns
560 1587 1306 1679 Clans von Schwartzenburg pürtig
551 1627 1297 1716 zu Marzilli nachvolgende durch
552 1676 1335 1798 Inne begangne diebställ und unsethal
552 1732 1279 1823 erkennt unnd solches offtermallen
573 1783 1358 1907 mit der martter erhalten und bestätech,
470 1900 1353 2023 Alß ersten habe er daselbst zu Schwartzen.
565 1987 1344 2067 bserg, zweyen wybspetrsonen zu ei
537 2034 1374 2118 Silbereronen gestollen, deswegen Inne
510 2084 1371 2176 dann der landtvogt o von Fryburg gsin
527 2138 1332 2234 hernach neagen an einer
508 2201 1359 2283 Eilw znn Fryburger gepiet gfencklich
542 2253 1350 2351 annemmen lassen unnd jnn dahin geschickt
545 2313 1286 2407 als er nun zu Fryburg gfencklich.
537 2369 1307 2453 enthalten worden, sye er zun
534 2417 1317 2517 behörgkundßer martter uß derselben
512 2472 1320 2571 gfangenschafft gebrochen unnd sich dero
525 2535 845 2633 entlediget.
474 2630 1318 2750 Demnach habe er zu Bundtkhoffen ab
521 2713 1304 2798 einer stangen ig strangen garn
512 2750 1292 2843 entfrombdet unnd solche hernach
511 2791 1311 2909 zu Wyller einer frouwen verkhoufft
475 2953 1307 3091 Istem zu Ruegsegk ein alte weggesteg
496 3040 755 3128 genommen.
1608 847 2396 965 ecrners habe er Uli Bürckeein
1597 910 2463 1020 vorredig, ein spatnagell ein rüthigouwen
1501 969 2448 1084 unnd ein alt säch inn der rötzechen gestollen
1594 1018 2441 1129 unnd selbiges alles ysen allwegen dem
1598 1075 2428 1179 Schmidt verkhaufft unnd das erlögte gelt
1610 1162 1782 1247 verthant.
1614 1222 2459 1346 annothin zu höchstetten uß der weid ein
1607 1316 2447 1412 songhalb entfüert unnd daselbig zu
1611 1366 2435 1475 Alsem Wichans Murri vm metzger
1586 1429 2139 1530 klöüfflichen hingeben.
1565 1517 2399 1632 Wythers habe er Uli Jüngi zu Bütsehel
1584 1597 2438 1687 funff schaff veruntrüwet unnd solche zu
1569 1651 2201 1770 Belpp vmb bäßen verthuschet
1563 1771 2417 1890 Demnach gemeltem Ulli jüngi ein
1602 1848 2373 1931 kalbeten entfüert inn meynung
1562 1898 2364 1997 Dieselb allie zuuerkhouffen, soliche sye
1580 1955 2331 2038 Imme aber widerumb by dem
1575 2002 2433 2126 Marzilli Thorr allie abgelagt worden.
1580 2134 2392 2260 von wellchen erzelten misthaten
1616 2222 2383 2309 vnnd diebställen wegen, rhieuor
1613 2271 2398 2365 einem far ohngefarlich zu Diesbach
1571 2317 2364 2427 widerumb gfengtlich angnomen
1595 2376 2385 2479 unnd hernach daselbst mit Rhuten
1574 2436 2373 2531 ußgestrichen worden unnd imme der
1576 2497 2423 2596 Byd us derselben Herrschafft dießbach
1596 2545 2041 2651 geben worden sye
1556 2610 2451 2735 Wellsche züchtigung unnd straff, aber an
1578 2696 2431 2795 mme nit so vil erschoßen, nochfruchtbar
1610 2740 2469 2836 gewesen, dann das er hernach widerumb
1595 2789 2451 2902 zugriffen, unnd habe demnach Jacob
1562 2846 2447 2966 Balsinger zu Cleynen wäberen erstlich
1604 2902 2486 3018 ein Sattel, ein zonm, Denne ein thomet
1595 2955 2484 3071 zwey hindergscher sampt vier ysenstrieken
1569 3007 2526 3137 Item dey halffteren mit zweyen ysenen
1922 3191 2182 3322 6682
