3024 4032
2094 672 2195 759 24
1364 700 1950 896 Hans Brönni
1276 840 2241 1028 Uff Donstag den 24. wynmonat diss ablouffenden
1291 933 2226 1062 1605 jars jnn bywesen annhören und gegenwürtig¬
1265 964 2167 1114 keit der frommen fürnemmen ersammen wysenn
1308 1022 2234 1162 herren Gilgian jm Hags des Rahts Hanns Hchars
1285 1079 2228 1198 der burgeren Dauidt Tscharnners grossweybels
1310 1143 2148 1243 sampt etlichen weyblen mynet gnädigen herren vnnd
1294 1251 1415 1305 oberen
1274 1264 2170 1381 hat (gegenwürttigen) Hanns Brönni von Cappett
1300 1339 2198 1423 uss der amptyung Neüwis wellichenn hievor et¬
1395 1391 1500 1431 wuchen
1295 1383 2222 1469 lichen tagen zu Buochegg gfengklich jnn den hochen¬
1305 1438 2156 1525 gerichten gfengklich ynnzogen vnnd von hernach
1322 1489 2132 1570 vernempten begangnen diebstelen wegenn
1311 1539 2183 1610 mynen gnädigen herren unnd oberen diser loplichenn
1287 1596 2196 1688 statt Bern nach vermög der verthrägen mit lyb
1329 1639 2219 1731 und guoth zuerkenndt vnnd daruf allhar gebracht
1309 1692 2210 1779 worden zuo Marzili sölliche syne begangne misse¬
1307 1747 2135 1825 thatten widerumb er äffenth bekenndt vnnd
1640 1796 1773 1838 und ohne
1971 1801 2098 1838 herrnach
1316 1805 2222 1868 verjechen auch mit der martter bestettigeth zum
1308 1854 1767 1931 ditemall bestädtiget etc.
1264 1871 2231 1977 Namblichen vnnd des ersten als er by dem Mül¬
1296 1952 2195 2031 ler zuo Klichenflü gedienet unnd das klein guoth
1294 1990 2255 2083 gehüttet habe jnne ein böse gesellschafft vf dem Veldt
1299 2046 2241 2121 anngethroffen die jmme anfangs fürgehalten
1314 2100 2220 2163 das er nur arbeitten vnnd dienen soer mit jnen
1293 2156 2227 2232 umbher züchen werde er dessen nützit bedörffen
1284 2209 2165 2289 damit jmme auch hoffnung gemacht wan er
1298 2256 2203 2336 glychwol von missethatten wegen sölte ynzogen
1275 2303 2184 2375 werde er doch dessen nützit zu entgelten sonders
1296 2357 2169 2437 syner jugent zegeniessen haben Daruf er sich
1264 2400 2236 2497 (leider) bereeden lassen mit jnen underschiden¬
1299 2464 2184 2544 lich jm lanndt vmbher gezogen vnnd nachuol¬
1295 2516 2195 2603 gende diebstäl darby er allwegen gsin helffen
1298 2559 2162 2654 verbringen dero er dan auch genoss unnd
1276 2621 1709 2710 theylhafft worden sye
1278 2678 2178 2781 Dess ersten damit sy jr fürnemmen desto bass jnn
1248 2746 2226 2820 das werck richten machten habe er sampt anzogner
1287 2796 2184 2872 syner gsellschafft zu heerzogen buchsee einem
1302 2842 2153 2926 schlosser sechs diettrich vnuersechens ennt¬
1282 2903 2220 2976 frömbdet dauon jmme der jenig so hinder jmme
1276 2943 2113 3026 funden worden zu synem theyl verlangeth
1237 2996 2156 3089 Auch daselbst ein par schürletz ermel genommen
1274 3050 2165 3151 welche syn gsell syner dirnen geben habe das
1267 3098 2097 3201 allso jmme nützit dauon wordenn
