3024 4032
208 1627 368 1699 der kilchn
221 1677 379 1747 Kilchbärg
527 625 1039 826 unsses
443 825 1317 981 uff sambstag denn 14 Abgeroafngg
413 913 1309 1068 Herpstmonats, dis hemfließenden 33
389 977 1313 1126 pfars inn bywäsen annhören unnd gegen
404 1040 1256 1160 Wurttigkeitt, der frommen furnemen
380 1105 1313 1239 fürsichtigen ersammen unnd wysen herren
406 1170 1314 1310 Beündicht wartens des rahts Micharh
412 1242 1309 1368 seenders der Burgeren lanidt Tschar
459 1318 1264 1439 ners Großweybels sampt etlichenn
417 1399 1237 1491 Weyblen mynes gh Herrenn vnnd
404 1456 605 1545 Oberen.
444 1558 1302 1675 att gegenwurttiger) Hanns Zirsan
450 1640 1300 1739 Rühdlingen sonngfar zunfftzechen jaren
457 1706 1257 1814 aldt. hienachgemeldette, durch Iune
450 1780 1296 1875 begangne diebstall unnd darüber ver-
453 1836 1285 1942 upte schware mißethanenn zu Marzic
441 1900 1310 1997 pyinlich bekenndt verzächen, vnnd mit
444 1972 1041 2079 des martter bestättigeth.
443 2052 1274 2165 samblichen unnd desersten, alls er
461 2151 1312 2252 sich inn disen jungen tagen leyder) des
435 2212 1334 2323 Spilens vnndernommen, vnnd angemaße
454 2275 1318 2366 arzu imme dan etwasgellts eruorder
445 2344 1284 2451 lich synn wellen, habe er deselben synes
422 2405 1324 2530 meisters brath zuobachers mittlesten sohn
446 2487 1299 2619 us dem Tschoppen zwen Batzen entzuckt
437 2590 1282 2715 Desgeychenn der tungfrauwen mann
439 2646 1318 2780 Inn der Stuben dry batzen, Vnuersechens
468 2779 703 2869 genommen
411 2825 1300 2950 Denne. allser mit einem annderen Mat
395 2913 1210 3052 Rüdlinigen uff ein zyth nach demn
374 2954 1318 3143 Krauchtaal gereiseth unnd enndtzwüschen
2277 576 2334 655 2
1425 596 2385 820 der heimbstraßs Reverenter kandmet gunst
1470 673 2400 859 zemeldenn ein geyßersechen, hab nit sy dieselbn
1474 745 2365 914 em jenigen sy osin einmal verunthrüweth.
1394 817 2373 992 unnd mit tuen dahin gan Rudlingen gfürtt
1428 878 2429 1068 welliche syn mitgspan, alls es kundt unnd affenbar
1427 960 2367 1132 wahrden widerumb von handen laßen müßen,
1461 1058 2368 1220 Dannothin Sohabe er vnnlangest gedachten
1498 1151 2370 1277 inem Meister Brath Zuobacher zu Vrtenenn
1439 1206 2431 1346 useinem Bendterlin zechenn batzen, (daruub
1490 1275 2388 1423 gestohlen, vnnd alls ihmme dem meister sölliches
1479 1357 2421 1470 endterkt worden habeer Inne synem verdienen
1497 1400 2397 1534 nach) darumb gestrafft. Welliche straff
1481 1471 2418 1591 unnd darüber gethanne warnung insonder¬
1454 1542 2381 1665 heitt, das ihnne vilgedachts synesmeisters
1485 1609 2324 1723 Sohn, vilmahlen mit Ruchenschlegen, vnnd
1394 1687 2368 1804 Scheldtwarten vberfaren, habt er eundtlich so
1456 1746 2428 1881 hachtbefaßt unnd uffgenommen, das es jene
1494 1818 2414 1927 ürgsetzt einem anderen meister nachzefra¬
1474 1892 2283 2009 gen unnd allser synem vorhaben nach)
1483 1964 2387 2065 offtgedachten snen Meister Brath Zuebacher
1492 2034 2387 2127 verlaßen wellen, habe er sich, als das gust¬
1488 2104 2367 2203 nolcken (der Arbeitt nach) vff dem velldt
1493 2182 2367 2287 unnd jemandts dan ein knab, wellichen des
1465 2230 1812 2330 Hūses hutten sollen
1841 2235 2371 2334 Daheimen gsin. iun
1466 2289 2364 2415 daselbig synesmeisters huß begeben, Ein
1430 2370 2412 2482 Aiechtanngezundt, daselbig mit Immt
1470 2442 2413 2563 Inn das obergaden gethragen inn meinung
1475 2517 2428 2627 Wyl es funster vnnd allein ein fenster gehert
1484 2590 2386 2692 gehept, damit syn gschäfft unnd bleiderzei
1482 2656 2383 2756 samen bebringen, vnnd als er solliches under
1464 2723 2396 2826 dem Beth bekommen. Habe er demnach vs
1454 2791 2382 2915 böser anfechtnug fürsatzlicher wys unnd
1493 2845 1735 2955 mit willen.
1874 2876 2372 2971 das Brönnende Liecht¬
1466 2935 2412 3065 Ann den Ctrauwsack gehept, davon sich abe
2144 2999 2266 3100 Das
