<?xml version="1.0" encoding="UTF-8" standalone="yes"?>
<PcGts xmlns="http://schema.primaresearch.org/PAGE/gts/pagecontent/2013-07-15" xmlns:xsi="http://www.w3.org/2001/XMLSchema-instance" xsi:schemaLocation="http://schema.primaresearch.org/PAGE/gts/pagecontent/2013-07-15 http://schema.primaresearch.org/PAGE/gts/pagecontent/2013-07-15/pagecontent.xsd">
    <Metadata>
        <Creator>prov=University of Rostock/Institute of Mathematics/CITlab|PLANET AI GmbH/Gundram Leifert/gundram.leifert@planet-ai.de:name=German_Kurrent_XVI-XVIII_M1(htr_id=19584)::::v=2.6.7
prov=University of Rostock/Institute of Mathematics/CITlab|PLANET AI GmbH/Tobias Gruening/tobias.gruening@planet-ai.de:name=de.uros.citlab.module.baseline2polygon.B2PSeamMultiOriented:v=2.6.7
prov=University of Rostock/Institute of Mathematics/CITlab|PLANET AI GmbH/Tobias Gruening/tobias.gruening@planet-ai.de:name=/net_tf/LA73_249_0mod360.pb:de.uros.citlab.segmentation.CITlab_LA_ML:v=2.6.7
Transkribus</Creator>
        <Created>2021-02-10T21:56:35.282+01:00</Created>
        <LastChange>2022-09-12T14:14:42.041+02:00</LastChange>
        <TranskribusMetadata docId="1334807" pageId="52358669" pageNr="58" tsid="114640378" status="IN_PROGRESS" userId="9570" imgUrl="https://files.transkribus.eu/Get?id=MELSNXMMBINZYEIXBTIHKRXS&amp;fileType=view" xmlUrl="https://files.transkribus.eu/Get?id=EOONCDTZVZZHMEWBGRWBQPHS" imageId="18546759"/>
    </Metadata>
    <Page imageFilename="IMG_9560.jpeg" imageWidth="3024" imageHeight="4032">
        <ReadingOrder>
            <OrderedGroup id="ro_1687513844702" caption="Regions reading order">
                <RegionRefIndexed index="0" regionRef="r1"/>
                <RegionRefIndexed index="1" regionRef="r2"/>
                <RegionRefIndexed index="2" regionRef="r3"/>
            </OrderedGroup>
        </ReadingOrder>
        <TextRegion orientation="0.0" id="r1" custom="readingOrder {index:0;}">
            <Coords points="323,741 323,3394 1445,3394 1445,741"/>
            <TextLine id="r1l1" custom="readingOrder {index:0;}">
                <Coords points="598,786 1059,795 1447,897 1453,849 1364,836 1272,754 1157,728 1078,759 1035,735 962,751 825,706 753,733 613,674"/>
                <Baseline points="608,762 649,766 691,770 733,773 774,776 816,778 858,781 899,783 941,786 983,790 1025,794 1066,798 1108,805 1150,810 1191,817 1233,825 1275,833 1316,845 1358,856 1400,871 1442,887"/>
                <TextEquiv>
                    <Unicode>Zeihlen zuwegen bringen, Dennachen</Unicode>
                </TextEquiv>
            </TextLine>
            <TextLine id="r1l2" custom="readingOrder {index:1;} person {offset:27; length:7; continued:true;}">
                <Coords points="626,830 867,840 915,879 963,850 1088,850 1441,939 1445,897 1360,883 1324,846 1144,831 1109,803 630,794"/>
                <Baseline points="633,818 673,823 713,828 753,831 793,834 833,837 873,839 914,842 954,843 994,846 1034,849 1074,853 1114,856 1154,861 1195,867 1235,874 1275,882 1315,890 1355,903 1395,914 1436,930"/>
                <TextEquiv>
                    <Unicode>erouch gredt haben, das er diehorm</Unicode>
                </TextEquiv>
            </TextLine>
            <TextLine id="r1l3" custom="readingOrder {index:2;} person {offset:0; length:6; continued:true;} place {offset:14; length:4;}">
                <Coords points="607,882 737,907 829,885 1119,947 1242,927 1450,989 1452,964 1369,910 1235,875 614,827"/>
                <Baseline points="615,869 656,875 698,879 739,882 781,885 822,888 864,891 905,894 947,896 988,898 1030,902 1071,905 1113,909 1154,914 1196,920 1237,927 1279,935 1320,944 1362,954 1403,968 1445,983"/>
                <TextEquiv>
                    <Unicode>modell der zu Benk gebruchten lege</Unicode>
                </TextEquiv>
            </TextLine>
            <TextLine id="r1l4" custom="readingOrder {index:3;}">
                <Coords points="623,929 830,938 876,981 1028,961 1227,1005 1274,989 1404,1058 1438,1048 1444,998 1332,958 1266,971 909,899 626,904"/>
                <Baseline points="630,927 670,930 710,933 750,936 790,938 830,941 870,943 911,945 951,948 991,951 1031,955 1071,959 1111,962 1151,967 1192,974 1232,981 1272,988 1312,998 1352,1008 1392,1020 1433,1034"/>
                <TextEquiv>
                    <Unicode>sölte gemacht haben, wie hmerden sil</Unicode>
                </TextEquiv>
            </TextLine>
            <TextLine id="r1l5" custom="readingOrder {index:4;}">
                <Coords points="611,993 676,989 713,1022 761,990 816,1017 993,1006 1101,1052 1204,1031 1412,1090 1415,1060 1373,1037 1163,981 1026,960 876,981 831,938 729,963 682,934 614,964"/>
                <Baseline points="618,980 657,983 696,986 736,990 775,992 815,995 854,996 894,998 933,1002 973,1004 1012,1007 1051,1010 1091,1015 1130,1020 1170,1025 1209,1031 1249,1038 1288,1047 1328,1056 1367,1067 1407,1079"/>
                <TextEquiv>
                    <Unicode>underschidenlich fürghalten worden</Unicode>
                </TextEquiv>
            </TextLine>
            <TextLine id="r1l6" custom="readingOrder {index:5;}">
                <Coords points="607,1056 688,1049 740,1085 817,1054 1060,1070 1191,1114 1315,1102 1395,1152 1417,1100 1203,1031 1101,1051 993,1005 816,1018 763,992 712,1022 613,990"/>
                <Baseline points="614,1038 653,1040 693,1043 733,1045 773,1047 812,1049 852,1051 892,1053 932,1055 971,1058 1011,1060 1051,1063 1091,1068 1130,1072 1170,1077 1210,1083 1250,1090 1289,1096 1329,1104 1369,1114 1409,1125"/>
                <TextEquiv>
                    <Unicode>selbig sye aber keins wegs nit beschegen</Unicode>
                </TextEquiv>
            </TextLine>
            <TextLine id="r1l7" custom="readingOrder {index:6;}">
                <Coords points="571,1105 642,1132 680,1100 779,1104 831,1135 876,1104 964,1127 1011,1108 1150,1178 1277,1148 1425,1224 1430,1163 1302,1104 1192,1115 1062,1070 1018,1097 860,1063 737,1085 577,1044"/>
                <Baseline points="579,1094 621,1097 663,1098 705,1100 747,1102 789,1103 831,1105 874,1107 916,1109 958,1112 1000,1115 1042,1118 1084,1123 1126,1128 1169,1133 1211,1139 1253,1146 1295,1155 1337,1162 1379,1173 1422,1184"/>
                <TextEquiv>
                    <Unicode>Aan er by syner seehlheil und s</Unicode>
                </TextEquiv>
            </TextLine>
            <TextLine id="r1l8" custom="readingOrder {index:7;}">
                <Coords points="535,1174 678,1168 714,1201 816,1168 974,1194 1000,1173 1048,1204 1229,1200 1337,1242 1415,1240 1419,1193 1231,1147 1085,1165 1032,1118 893,1144 680,1102 642,1132 539,1122"/>
                <Baseline points="543,1157 586,1158 629,1160 672,1161 716,1163 759,1164 802,1166 846,1167 889,1169 932,1173 976,1174 1019,1178 1062,1182 1105,1186 1149,1190 1192,1196 1235,1203 1279,1210 1322,1218 1365,1226 1409,1236"/>
                <TextEquiv>
                    <Unicode>keit hoch bedürt, das er selbiger zäge</Unicode>
                </TextEquiv>
            </TextLine>
            <TextLine id="r1l9" custom="readingOrder {index:8;} place {offset:23; length:7;}">
                <Coords points="606,1216 826,1245 900,1226 987,1269 1199,1261 1425,1337 1433,1243 1308,1242 1270,1207 1122,1195 1067,1219 1014,1180 900,1206 816,1168 719,1206 676,1168 609,1178"/>
                <Baseline points="612,1214 652,1217 693,1220 733,1224 774,1226 814,1229 855,1230 895,1232 936,1235 976,1236 1017,1239 1057,1242 1098,1245 1138,1248 1179,1254 1219,1259 1260,1266 1300,1274 1341,1282 1381,1292 1422,1304"/>
                <TextEquiv>
                    <Unicode>nit im land bonders zu Garytgs</Unicode>
                </TextEquiv>
            </TextLine>
            <TextLine id="r1l10" custom="readingOrder {index:9;}">
                <Coords points="604,1291 721,1310 765,1290 816,1323 899,1300 941,1332 1041,1304 1170,1348 1305,1331 1439,1405 1445,1333 1275,1305 1198,1261 1163,1288 1087,1261 1016,1283 901,1227 700,1264 659,1220 610,1229"/>
                <Baseline points="612,1275 653,1279 694,1283 735,1287 776,1290 818,1293 859,1295 900,1296 941,1298 982,1300 1024,1302 1065,1306 1106,1309 1147,1313 1188,1317 1230,1323 1271,1329 1312,1337 1353,1345 1394,1356 1436,1368"/>
                <TextEquiv>
                    <Unicode>und gantz und gar nützet darumb i</Unicode>
                </TextEquiv>
            </TextLine>
            <TextLine id="r1l11" custom="readingOrder {index:10;}">
                <Coords points="583,1348 1184,1402 1260,1386 1297,1423 1415,1425 1419,1381 1342,1341 1299,1370 1239,1333 1204,1360 1153,1336 940,1338 888,1305 819,1327 706,1293 587,1311"/>
                <Baseline points="591,1331 634,1337 677,1341 720,1345 763,1349 806,1352 849,1354 892,1358 935,1360 978,1362 1022,1365 1065,1368 1108,1371 1151,1375 1194,1380 1237,1385 1280,1391 1323,1397 1366,1406 1410,1416"/>
                <TextEquiv>
                    <Unicode>noch darmit umbgangsen sye, dann</Unicode>
                </TextEquiv>
            </TextLine>
            <TextLine id="r1l12" custom="readingOrder {index:11;}">
                <Coords points="550,1416 680,1407 885,1451 1039,1418 1228,1478 1319,1454 1403,1498 1425,1443 1297,1423 1260,1388 1178,1406 1139,1380 915,1387 854,1362 796,1386 759,1360 555,1355"/>
                <Baseline points="558,1392 600,1397 643,1401 686,1404 729,1407 772,1410 815,1412 858,1413 901,1415 944,1418 987,1419 1029,1422 1072,1425 1115,1429 1158,1432 1201,1437 1244,1443 1287,1449 1330,1457 1373,1466 1416,1476"/>
                <TextEquiv>
                    <Unicode>ihm vhal er sölches bekennt, hette er zur</Unicode>
                </TextEquiv>
            </TextLine>
            <TextLine id="r1l13" custom="readingOrder {index:12;}">
                <Coords points="546,1458 598,1452 635,1495 1002,1491 1116,1528 1291,1499 1418,1542 1421,1502 1306,1453 1237,1479 1082,1434 944,1459 922,1433 811,1453 678,1407 548,1428"/>
                <Baseline points="552,1460 595,1462 638,1464 681,1466 724,1467 767,1470 810,1471 853,1472 896,1474 939,1476 982,1479 1025,1481 1068,1484 1111,1486 1154,1491 1197,1494 1240,1499 1283,1505 1326,1510 1369,1517 1413,1524"/>
                <TextEquiv>
                    <Unicode>hochlich unrecht und es darumb gethane</Unicode>
                </TextEquiv>
            </TextLine>
            <TextLine id="r1l14" custom="readingOrder {index:13;}">
                <Coords points="519,1531 603,1553 787,1527 996,1583 1081,1548 1260,1558 1363,1603 1421,1600 1424,1547 1289,1510 1100,1525 1000,1490 953,1520 905,1491 779,1512 743,1482 628,1516 559,1483 520,1502"/>
                <Baseline points="525,1524 569,1527 614,1530 658,1533 703,1533 747,1536 792,1538 836,1538 881,1540 925,1541 970,1543 1015,1545 1059,1547 1104,1550 1148,1552 1193,1556 1237,1560 1282,1564 1326,1569 1371,1576 1416,1583"/>
                <TextEquiv>
                    <Unicode>Das der rechte formierer vnd gi</Unicode>
                </TextEquiv>
            </TextLine>
            <TextLine id="r1l15" custom="readingOrder {index:14;}">
                <Coords points="545,1600 732,1630 886,1614 953,1651 1000,1617 1048,1653 1235,1622 1275,1653 1363,1651 1411,1693 1415,1636 1253,1556 1081,1548 996,1583 935,1544 849,1564 812,1528 669,1563 549,1539"/>
                <Baseline points="552,1589 594,1593 637,1596 680,1598 723,1601 765,1604 808,1605 851,1607 894,1608 936,1610 979,1611 1022,1613 1065,1615 1107,1617 1150,1620 1193,1624 1236,1628 1278,1632 1321,1639 1364,1645 1407,1653"/>
                <TextEquiv>
                    <Unicode>ter endterkander endtschuldiget c</Unicode>
                </TextEquiv>
            </TextLine>
            <TextLine id="r1l16" custom="readingOrder {index:15;}">
                <Coords points="484,1697 616,1666 1038,1700 1079,1675 1298,1728 1406,1714 1408,1688 1308,1650 1041,1655 1011,1625 953,1652 800,1611 733,1637 575,1600 487,1624"/>
                <Baseline points="492,1659 537,1661 582,1662 628,1664 673,1665 719,1665 764,1667 810,1668 855,1670 901,1670 946,1671 991,1673 1037,1674 1082,1677 1128,1679 1173,1682 1219,1686 1264,1690 1310,1695 1355,1698 1401,1704"/>
                <TextEquiv>
                    <Unicode>Ittem das er zu sins ufroehen und</Unicode>
                </TextEquiv>
            </TextLine>
            <TextLine id="r1l17" custom="readingOrder {index:16;}">
                <Coords points="511,1763 583,1726 723,1750 775,1730 824,1776 909,1728 1398,1771 1399,1725 1350,1709 912,1716 873,1684 621,1668 514,1700"/>
                <Baseline points="519,1725 562,1725 606,1725 649,1725 693,1725 737,1727 780,1728 824,1728 868,1730 911,1731 955,1734 999,1734 1042,1737 1086,1739 1130,1741 1173,1743 1217,1747 1261,1750 1304,1752 1348,1756 1392,1758"/>
                <TextEquiv>
                    <Unicode>gredt haben soll, er wolte einem Lund</Unicode>
                </TextEquiv>
            </TextLine>
            <TextLine id="r1l18" custom="readingOrder {index:17;} person {offset:23; length:5;}">
                <Coords points="491,1805 891,1791 1162,1846 1344,1820 1415,1849 1417,1789 1184,1743 935,1731 824,1776 773,1729 698,1769 584,1725 493,1756"/>
                <Baseline points="498,1784 543,1784 589,1785 634,1785 680,1787 726,1787 771,1788 817,1790 862,1791 908,1792 954,1794 999,1796 1045,1797 1090,1800 1136,1802 1182,1805 1227,1807 1273,1811 1318,1814 1364,1818 1410,1823"/>
                <TextEquiv>
                    <Unicode>oder aber dem leidigen Satan, umbge</Unicode>
                </TextEquiv>
            </TextLine>
            <TextLine id="r1l19" custom="readingOrder {index:18;}">
                <Coords points="550,1862 693,1874 765,1841 976,1891 1037,1859 1191,1854 1339,1903 1403,1894 1404,1856 1341,1821 1282,1848 1080,1839 968,1795 800,1789 752,1824 553,1805"/>
                <Baseline points="558,1833 602,1838 646,1842 690,1845 734,1847 778,1850 822,1851 867,1853 911,1854 955,1856 999,1857 1043,1857 1087,1860 1132,1862 1176,1864 1220,1866 1264,1869 1308,1874 1352,1879 1397,1884"/>
                <TextEquiv>
                    <Unicode>machen und zustehlenn was synes</Unicode>
                </TextEquiv>
            </TextLine>
            <TextLine id="r1l20" custom="readingOrder {index:19;}">
                <Coords points="514,1945 622,1904 957,1922 983,1946 1067,1922 1169,1953 1243,1922 1400,1949 1401,1904 1294,1911 1181,1854 1038,1859 956,1896 834,1851 615,1882 518,1850"/>
                <Baseline points="522,1901 565,1902 609,1904 652,1905 696,1907 740,1908 783,1910 827,1911 870,1912 914,1913 958,1914 1001,1916 1045,1917 1088,1919 1132,1920 1176,1923 1219,1925 1263,1928 1306,1930 1350,1934 1394,1938"/>
                <TextEquiv>
                    <Unicode>wüsens und erbegerte. Wil er sich hat</Unicode>
                </TextEquiv>
            </TextLine>
            <TextLine id="r1l21" custom="readingOrder {index:20;}">
                <Coords points="533,1992 635,1964 726,2000 785,1966 1127,2004 1251,1989 1338,2020 1392,2009 1394,1951 1241,1922 1059,1963 957,1926 629,1903 535,1929"/>
                <Baseline points="540,1965 582,1967 624,1969 666,1971 709,1972 751,1974 793,1974 836,1976 878,1976 920,1977 963,1979 1005,1980 1047,1980 1089,1982 1132,1985 1174,1986 1216,1988 1259,1991 1301,1994 1343,1998 1386,2003"/>
                <TextEquiv>
                    <Unicode>ber nitzit anders erinnerenng, ande</Unicode>
                </TextEquiv>
            </TextLine>
            <TextLine id="r1l22" custom="readingOrder {index:21;}">
                <Coords points="506,2064 725,2045 822,2075 886,2040 1336,2082 1407,2076 1409,2014 1249,1989 924,2026 835,1985 769,2020 691,1973 600,1968 508,1994"/>
                <Baseline points="513,2037 557,2038 601,2039 646,2040 690,2040 735,2042 779,2042 823,2042 868,2043 912,2043 957,2043 1001,2045 1045,2045 1090,2046 1134,2048 1179,2050 1223,2051 1267,2054 1312,2057 1356,2061 1401,2064"/>
                <TextEquiv>
                    <Unicode>Amme stliches in einer wynzuchte un</Unicode>
                </TextEquiv>
            </TextLine>
            <TextLine id="r1l23" custom="readingOrder {index:22;}">
                <Coords points="477,2129 685,2118 820,2159 921,2134 1098,2162 1386,2141 1387,2073 1273,2060 1235,2081 884,2039 786,2081 734,2051 555,2047 478,2078"/>
                <Baseline points="483,2111 527,2109 572,2107 617,2106 662,2105 707,2105 752,2105 796,2105 841,2105 886,2105 931,2105 976,2106 1021,2106 1066,2108 1110,2109 1155,2111 1200,2113 1245,2115 1290,2116 1335,2118 1380,2121"/>
                <TextEquiv>
                    <Unicode>unbesinter wyß widerfaren syn möch</Unicode>
                </TextEquiv>
            </TextLine>
            <TextLine id="r1l24" custom="readingOrder {index:23;}">
                <Coords points="1189,2212 1197,2213 1208,2206 1237,2212 1244,2206 1254,2220 1273,2211 1281,2212 1287,2162 1277,2158 1260,2171 1255,2164 1238,2168 1229,2159 1215,2166 1209,2161 1195,2164"/>
                <Baseline points="1197,2201 1223,2203 1249,2207 1275,2210"/>
                <TextEquiv>
                    <Unicode></Unicode>
                </TextEquiv>
            </TextLine>
            <TextLine id="r1l25" custom="readingOrder {index:24;}">
                <Coords points="470,2276 689,2255 735,2292 844,2256 1321,2310 1395,2292 1399,2193 1132,2249 1033,2204 898,2226 850,2179 474,2173"/>
                <Baseline points="477,2256 522,2255 568,2255 613,2254 659,2255 705,2255 750,2256 796,2258 841,2260 887,2262 933,2265 978,2267 1024,2270 1069,2272 1115,2274 1161,2276 1206,2279 1252,2280 1297,2282 1343,2283 1389,2283"/>
                <TextEquiv>
                    <Unicode>Aantrefondt das das jhenige 1 </Unicode>
                </TextEquiv>
            </TextLine>
            <TextLine id="r1l26" custom="readingOrder {index:25;}">
                <Coords points="482,2313 1374,2362 1387,2296 863,2294 818,2260 734,2292 690,2257 484,2273"/>
                <Baseline points="489,2306 533,2309 578,2310 622,2312 667,2313 711,2316 756,2318 800,2320 845,2322 889,2324 934,2325 978,2327 1023,2329 1067,2331 1112,2333 1156,2335 1201,2337 1245,2339 1290,2340 1334,2342 1379,2345"/>
                <TextEquiv>
                    <Unicode>welliches hinder vermelten mr An</Unicode>
                </TextEquiv>
            </TextLine>
            <TextLine id="r1l27" custom="readingOrder {index:26;}">
                <Coords points="488,2384 843,2372 1229,2416 1379,2398 1381,2365 1020,2358 974,2330 835,2350 804,2324 770,2345 722,2313 490,2328"/>
                <Baseline points="495,2364 538,2364 582,2366 626,2366 670,2367 714,2369 758,2371 802,2373 846,2375 890,2377 934,2379 977,2381 1021,2383 1065,2385 1109,2387 1153,2389 1197,2390 1241,2391 1285,2391 1329,2393 1373,2393"/>
                <TextEquiv>
                    <Unicode>zu behunden worden und er zur über</Unicode>
                </TextEquiv>
            </TextLine>
            <TextLine id="r1l28" custom="readingOrder {index:27;}">
                <Coords points="502,2414 620,2470 702,2438 786,2471 884,2429 948,2462 1124,2445 1373,2485 1375,2413 1310,2428 1262,2395 1164,2429 1100,2390 976,2419 922,2381 894,2404 778,2376 716,2400 690,2372 639,2399 502,2388"/>
                <Baseline points="507,2421 550,2424 593,2426 636,2427 679,2429 722,2432 765,2433 808,2435 851,2436 894,2438 937,2439 980,2439 1023,2441 1066,2442 1109,2443 1152,2444 1195,2445 1238,2447 1281,2447 1324,2448 1367,2450"/>
                <TextEquiv>
                    <Unicode>geben, zeigt er an das marlßem syh</Unicode>
                </TextEquiv>
            </TextLine>
            <TextLine id="r1l29" custom="readingOrder {index:28;} place {offset:16; length:12;}">
                <Coords points="429,2511 921,2503 1002,2533 1064,2508 1368,2522 1369,2484 1273,2459 1181,2485 1122,2456 1063,2486 1014,2448 924,2461 883,2434 785,2473 698,2443 646,2475 430,2437"/>
                <Baseline points="435,2498 481,2496 527,2495 574,2494 620,2493 666,2495 713,2495 759,2496 805,2498 852,2499 898,2501 944,2502 991,2504 1037,2505 1083,2507 1130,2507 1176,2507 1222,2507 1269,2506 1315,2504 1362,2502"/>
                <TextEquiv>
                    <Unicode>Dem Burgendt zn Bacherlingen</Unicode>
                </TextEquiv>
            </TextLine>
            <TextLine id="r1l30" custom="readingOrder {index:29;}">
                <Coords points="434,2586 519,2572 570,2600 692,2558 1233,2595 1263,2568 1315,2595 1366,2586 1367,2522 1313,2503 1267,2543 1192,2546 1138,2506 1051,2540 882,2503 743,2529 683,2496 613,2534 543,2494 435,2537"/>
                <Baseline points="440,2564 486,2561 532,2561 578,2559 624,2561 670,2561 716,2562 762,2564 808,2565 854,2567 900,2570 946,2571 992,2572 1038,2573 1084,2574 1130,2574 1176,2573 1222,2571 1268,2570 1314,2565 1361,2562"/>
                <TextEquiv>
                    <Unicode>widerumb ankommen, habe er für</Unicode>
                </TextEquiv>
            </TextLine>
            <TextLine id="r1l31" custom="readingOrder {index:30;}">
                <Coords points="497,2614 666,2620 778,2667 887,2619 1237,2649 1364,2621 1364,2596 1272,2576 1238,2599 1167,2572 865,2595 693,2558 574,2599 498,2578"/>
                <Baseline points="503,2610 545,2613 588,2615 631,2616 674,2618 716,2619 759,2621 802,2622 845,2623 887,2624 930,2625 973,2625 1016,2625 1058,2625 1101,2625 1144,2625 1187,2624 1229,2624 1272,2622 1315,2621 1358,2619"/>
                <TextEquiv>
                    <Unicode>rumb angesprochen, das er zuenn</Unicode>
                </TextEquiv>
            </TextLine>
            <TextLine id="r1l32" custom="readingOrder {index:31;}">
                <Coords points="477,2690 593,2725 678,2685 773,2688 804,2718 914,2683 1301,2704 1368,2683 1368,2620 1152,2665 1096,2631 780,2666 637,2620 477,2638"/>
                <Baseline points="483,2669 526,2671 570,2675 614,2677 658,2679 702,2681 746,2682 790,2684 834,2685 878,2685 922,2685 965,2686 1009,2685 1053,2685 1097,2685 1141,2684 1185,2682 1229,2681 1273,2678 1317,2676 1361,2673"/>
                <TextEquiv>
                    <Unicode>fürsyn nuhg und das er die keis mit</Unicode>
                </TextEquiv>
            </TextLine>
            <TextLine id="r1l33" custom="readingOrder {index:32;}">
                <Coords points="454,2780 584,2740 639,2780 695,2745 735,2769 825,2744 965,2783 1039,2748 1344,2735 1344,2695 1256,2688 1222,2710 890,2688 811,2724 773,2688 598,2708 455,2678"/>
                <Baseline points="461,2735 504,2735 548,2735 592,2736 636,2737 680,2739 724,2740 767,2742 811,2744 855,2745 899,2747 943,2747 987,2748 1031,2748 1074,2747 1118,2746 1162,2744 1206,2741 1250,2737 1294,2732 1338,2726"/>
                <TextEquiv>
                    <Unicode>imme verichtet bester und keiner kiher</Unicode>
                </TextEquiv>
            </TextLine>
            <TextLine id="r1l34" custom="readingOrder {index:33;}">
                <Coords points="482,2807 539,2839 596,2800 668,2842 803,2806 955,2803 1026,2847 1114,2801 1163,2835 1260,2792 1311,2822 1358,2807 1359,2720 1301,2757 1000,2753 965,2784 934,2753 823,2743 640,2779 585,2740 542,2773 482,2762"/>
                <Baseline points="488,2795 531,2795 574,2795 617,2796 660,2797 704,2799 747,2801 790,2802 833,2804 876,2805 920,2807 963,2807 1006,2808 1049,2807 1092,2807 1136,2805 1179,2804 1222,2800 1265,2795 1308,2790 1352,2784"/>
                <TextEquiv>
                    <Unicode>meynung zu kommen lassen, imme alsoß</Unicode>
                </TextEquiv>
            </TextLine>
            <TextLine id="r1l35" custom="readingOrder {index:34;}">
                <Coords points="401,2881 842,2873 1059,2910 1359,2849 1359,2818 1262,2793 1070,2807 1026,2847 953,2803 909,2831 870,2814 820,2857 401,2812"/>
                <Baseline points="407,2864 454,2863 501,2862 548,2864 596,2864 643,2865 690,2867 738,2870 785,2871 832,2873 880,2875 927,2876 974,2877 1021,2877 1069,2876 1116,2874 1163,2873 1211,2868 1258,2863 1305,2856 1353,2847"/>
                <TextEquiv>
                    <Unicode>liches, weder einem noch dem Anderen</Unicode>
                </TextEquiv>
            </TextLine>
            <TextLine id="r1l36" custom="readingOrder {index:35;}">
                <Coords points="458,2938 526,2958 554,2933 594,2956 764,2936 889,2970 947,2940 1094,2980 1169,2943 1293,2947 1340,2920 1341,2877 1055,2910 838,2876 752,2904 669,2870 632,2898 527,2861 458,2876"/>
                <Baseline points="464,2927 507,2925 551,2925 594,2927 638,2927 681,2928 725,2930 768,2932 812,2933 855,2935 899,2936 943,2937 986,2939 1030,2939 1073,2937 1117,2936 1160,2934 1204,2931 1247,2927 1291,2921 1335,2915"/>
                <TextEquiv>
                    <Unicode>herren zuzebringen, noch etwas böses</Unicode>
                </TextEquiv>
            </TextLine>
            <TextLine id="r1l37" custom="readingOrder {index:36;}">
                <Coords points="413,3007 1244,3010 1352,2956 1352,2916 1248,2965 1164,2945 1094,2979 982,2946 889,2972 782,2946 748,2977 685,2934 413,2962"/>
                <Baseline points="419,2990 465,2988 511,2988 558,2988 604,2990 651,2991 697,2993 743,2996 790,2997 836,3000 883,3002 929,3002 975,3002 1022,3002 1068,3001 1115,2999 1161,2994 1207,2988 1254,2981 1300,2972 1347,2961"/>
                <TextEquiv>
                    <Unicode>damit zeverrichten benolchen unnd</Unicode>
                </TextEquiv>
            </TextLine>
            <TextLine id="r1l38" custom="readingOrder {index:37;}">
                <Coords points="450,3076 570,3050 906,3057 974,3061 1032,3107 1160,3065 1257,3074 1338,3028 1338,2987 1172,3024 1122,3002 1074,3026 831,3007 785,3032 705,3003 677,3027 604,2999 450,3007"/>
                <Baseline points="456,3048 499,3048 543,3048 587,3050 631,3052 675,3054 718,3057 762,3060 806,3062 850,3063 894,3066 937,3068 981,3068 1025,3068 1069,3067 1113,3065 1156,3060 1200,3056 1244,3049 1288,3042 1332,3032"/>
                <TextEquiv>
                    <Unicode>habe er wider die stach e auff meine</Unicode>
                </TextEquiv>
            </TextLine>
            <TextLine id="r1l39" custom="readingOrder {index:38;}">
                <Coords points="315,3126 334,3124 345,3116 354,3123 369,3119 431,3123 435,3048 402,3048 390,3057 368,3049 350,3055 340,3049 319,3052"/>
                <Baseline points="323,3108 348,3107 374,3108 399,3109 425,3114"/>
                <TextEquiv>
                    <Unicode>alen</Unicode>
                </TextEquiv>
            </TextLine>
            <TextLine id="r1l40" custom="readingOrder {index:39;}">
                <Coords points="460,3118 810,3124 904,3160 1052,3124 1096,3160 1220,3158 1344,3085 1344,3056 1035,3105 906,3057 784,3058 711,3100 634,3063 459,3069"/>
                <Baseline points="465,3110 508,3110 552,3111 595,3113 639,3114 683,3116 726,3117 770,3120 814,3122 857,3123 901,3125 945,3125 988,3125 1032,3125 1076,3123 1119,3121 1163,3117 1207,3113 1250,3107 1294,3099 1338,3090"/>
                <TextEquiv>
                    <Unicode>einichen silche von gag meine</Unicode>
                </TextEquiv>
            </TextLine>
            <TextLine id="r1l41" custom="readingOrder {index:40;}">
                <Coords points="462,3169 636,3202 716,3181 819,3227 1042,3227 1154,3184 1277,3191 1339,3157 1339,3091 1221,3158 1126,3166 590,3114 462,3143"/>
                <Baseline points="468,3173 511,3173 554,3173 597,3173 640,3174 684,3176 727,3177 770,3179 813,3180 856,3183 900,3185 943,3185 986,3186 1029,3186 1072,3185 1116,3183 1159,3181 1202,3176 1245,3171 1288,3165 1332,3156"/>
                <TextEquiv>
                    <Unicode>ieit thädlichs fürgenemmen angema</Unicode>
                </TextEquiv>
            </TextLine>
            <TextLine id="r1l42" custom="readingOrder {index:41;}">
                <Coords points="350,3261 414,3266 467,3248 584,3268 673,3253 710,3290 794,3301 795,3211 761,3191 689,3232 561,3172 469,3171 444,3190 410,3177 351,3195"/>
                <Baseline points="356,3254 381,3252 406,3250 432,3248 457,3247 483,3246 508,3246 533,3246 559,3246 584,3248 610,3248 635,3249 660,3251 686,3252 711,3252 737,3254 762,3254 788,3254"/>
                <TextEquiv>
                    <Unicode>wordenn et.</Unicode>
                </TextEquiv>
            </TextLine>
            <TextLine id="r1l43" custom="readingOrder {index:42;}">
                <Coords points="384,3356 444,3333 561,3364 794,3336 943,3357 1311,3321 1309,3264 1153,3297 876,3285 805,3316 523,3294 486,3266 383,3309"/>
                <Baseline points="389,3333 434,3335 480,3335 526,3336 572,3336 617,3338 663,3338 709,3338 755,3338 800,3338 846,3337 892,3336 938,3335 983,3332 1029,3330 1075,3327 1121,3323 1166,3318 1212,3312 1258,3306 1304,3299"/>
                <TextEquiv>
                    <Unicode>4 Widerwillen noch affectionit getragen</Unicode>
                </TextEquiv>
            </TextLine>
            <TextLine id="r1l44" custom="readingOrder {index:43;}">
                <Coords points="402,3419 529,3388 599,3425 662,3386 781,3425 967,3389 1048,3415 1124,3371 1217,3374 1216,3327 1182,3318 1144,3352 993,3334 937,3366 792,3337 768,3359 401,3346"/>
                <Baseline points="407,3371 447,3374 487,3378 527,3380 567,3381 608,3383 648,3384 688,3384 728,3384 768,3384 809,3384 849,3383 889,3381 929,3380 969,3378 1010,3377 1050,3374 1090,3371 1130,3369 1170,3366 1211,3363"/>
                <TextEquiv>
                    <Unicode>meouch widersätliche vt supra</Unicode>
                </TextEquiv>
            </TextLine>
            <TextEquiv>
                <Unicode>Zeihlen zuwegen bringen, Dennachen
erouch gredt haben, das er diehorm
modell der zu Benk gebruchten lege
sölte gemacht haben, wie hmerden sil
underschidenlich fürghalten worden
selbig sye aber keins wegs nit beschegen
Aan er by syner seehlheil und s
keit hoch bedürt, das er selbiger zäge
nit im land bonders zu Garytgs
und gantz und gar nützet darumb i
noch darmit umbgangsen sye, dann
ihm vhal er sölches bekennt, hette er zur
hochlich unrecht und es darumb gethane
Das der rechte formierer vnd gi
ter endterkander endtschuldiget c
Ittem das er zu sins ufroehen und
gredt haben soll, er wolte einem Lund
oder aber dem leidigen Satan, umbge
machen und zustehlenn was synes
wüsens und erbegerte. Wil er sich hat
ber nitzit anders erinnerenng, ande
Amme stliches in einer wynzuchte un
unbesinter wyß widerfaren syn möch

Aantrefondt das das jhenige 1 
welliches hinder vermelten mr An
zu behunden worden und er zur über
geben, zeigt er an das marlßem syh
Dem Burgendt zn Bacherlingen
widerumb ankommen, habe er für
rumb angesprochen, das er zuenn
fürsyn nuhg und das er die keis mit
imme verichtet bester und keiner kiher
meynung zu kommen lassen, imme alsoß
liches, weder einem noch dem Anderen
herren zuzebringen, noch etwas böses
damit zeverrichten benolchen unnd
habe er wider die stach e auff meine
alen
einichen silche von gag meine
ieit thädlichs fürgenemmen angema
wordenn et.
4 Widerwillen noch affectionit getragen
meouch widersätliche vt supra</Unicode>
            </TextEquiv>
        </TextRegion>
        <TextRegion orientation="0.0" id="r2" custom="readingOrder {index:1;}">
            <Coords points="1442,2038 1442,2188 1458,2188 1458,2038"/>
            <TextLine id="r2l1" custom="readingOrder {index:0;}">
                <Coords points="1436,2146 1453,2147 1457,2145 1464,2145 1464,2095 1455,2095 1449,2100 1447,2097 1436,2099"/>
                <Baseline points="1442,2138 1458,2138"/>
                <TextEquiv>
                    <Unicode></Unicode>
                </TextEquiv>
            </TextLine>
            <TextEquiv>
                <Unicode></Unicode>
            </TextEquiv>
        </TextRegion>
        <TextRegion orientation="0.0" id="r3" custom="readingOrder {index:2;}">
            <Coords points="1437,763 1437,3249 2519,3249 2519,763"/>
            <TextLine id="r3l1" custom="readingOrder {index:0;}">
                <Coords points="1570,854 1822,803 1863,833 1965,793 2368,788 2440,820 2483,803 2480,736 2352,716 2094,762 1988,737 1943,775 1822,738 1676,775 1565,749"/>
                <Baseline points="1575,848 1620,834 1665,824 1710,816 1755,809 1800,803 1845,798 1890,795 1935,792 1980,791 2026,789 2071,789 2116,789 2161,789 2206,789 2251,789 2296,791 2341,791 2386,789 2431,789 2477,786"/>
                <TextEquiv>
                    <Unicode>Dieseben sye nit weniger dan das sy</Unicode>
                </TextEquiv>
            </TextLine>
            <TextLine id="r3l2" custom="readingOrder {index:1;}">
                <Coords points="1575,907 1684,868 2226,851 2333,884 2496,842 2494,809 2400,824 2339,790 2070,791 1573,851"/>
                <Baseline points="1581,894 1626,884 1671,876 1717,869 1762,863 1808,858 1853,855 1898,852 1944,851 1989,849 2035,849 2080,848 2125,848 2171,848 2216,848 2262,848 2307,848 2352,846 2398,845 2443,842 2489,839"/>
                <TextEquiv>
                    <Unicode>beidt sich mit einanderes an tidtsstatt</Unicode>
                </TextEquiv>
            </TextLine>
            <TextLine id="r3l3" custom="readingOrder {index:2;}">
                <Coords points="1577,961 1798,915 1989,935 2060,902 2328,929 2501,910 2521,868 2355,884 2222,851 1943,887 1884,858 1575,907"/>
                <Baseline points="1583,941 1629,934 1676,926 1722,920 1769,916 1816,912 1862,908 1909,906 1956,905 2002,903 2049,903 2096,902 2142,902 2189,902 2236,902 2282,902 2329,900 2376,900 2422,898 2469,896 2516,893"/>
                <TextEquiv>
                    <Unicode>verphlicht und versprochen, eianderenn</Unicode>
                </TextEquiv>
            </TextLine>
            <TextLine id="r3l4" custom="readingOrder {index:3;}">
                <Coords points="1578,999 1805,961 1946,980 2001,950 2134,980 2282,948 2385,984 2427,953 2523,956 2522,926 2428,913 2302,933 2061,903 1577,960"/>
                <Baseline points="1584,993 1630,983 1677,975 1723,969 1770,964 1817,959 1863,957 1910,954 1956,953 2003,953 2050,953 2096,953 2143,953 2189,953 2236,954 2283,953 2329,953 2376,951 2422,950 2469,947 2516,942"/>
                <TextEquiv>
                    <Unicode>mit iren künsten und handterungenn</Unicode>
                </TextEquiv>
            </TextLine>
            <TextLine id="r3l5" custom="readingOrder {index:4;}">
                <Coords points="1572,1059 1707,1026 1850,1047 1927,1010 2036,1034 2075,1007 2265,1045 2323,1007 2378,1043 2496,1001 2495,960 2385,984 2282,948 2134,980 2001,949 1958,981 1819,965 1570,1005"/>
                <Baseline points="1578,1050 1623,1041 1669,1032 1714,1026 1760,1021 1806,1016 1851,1013 1897,1010 1942,1008 1988,1007 2034,1007 2079,1007 2125,1007 2170,1007 2216,1007 2262,1007 2307,1007 2353,1005 2398,1004 2444,1002 2490,1001"/>
                <TextEquiv>
                    <Unicode>behilflich ze syn und groß ze schaffen wyl</Unicode>
                </TextEquiv>
            </TextLine>
            <TextLine id="r3l6" custom="readingOrder {index:5;} person {offset:17; length:8;}">
                <Coords points="1553,1118 1858,1074 2484,1070 2481,1011 2429,1043 2320,1017 2265,1044 1935,1007 1663,1076 1551,1061"/>
                <Baseline points="1559,1109 1604,1101 1650,1094 1696,1087 1742,1082 1788,1078 1834,1073 1880,1071 1926,1069 1972,1067 2018,1066 2063,1065 2109,1065 2155,1064 2201,1064 2247,1064 2293,1064 2339,1064 2385,1062 2431,1062 2477,1061"/>
                <TextEquiv>
                    <Unicode>aber ermelter mr Buthoins nit mit</Unicode>
                </TextEquiv>
            </TextLine>
            <TextLine id="r3l7" custom="readingOrder {index:6;} person {offset:8; length:15;}">
                <Coords points="1533,1176 1727,1139 1798,1165 1890,1131 1984,1164 2038,1138 2243,1153 2319,1114 2510,1125 2508,1085 2320,1067 2254,1096 1879,1074 1530,1113"/>
                <Baseline points="1539,1167 1587,1159 1635,1151 1683,1144 1732,1138 1780,1133 1828,1129 1876,1126 1925,1123 1973,1121 2021,1118 2069,1117 2118,1116 2166,1115 2214,1114 2262,1113 2311,1113 2359,1112 2407,1112 2455,1110 2504,1109"/>
                <TextEquiv>
                    <Unicode>june mr Buerd ganwegion, alda man</Unicode>
                </TextEquiv>
            </TextLine>
            <TextLine id="r3l8" custom="readingOrder {index:7;} person {offset:4; length:12;}">
                <Coords points="1551,1224 1824,1199 1906,1227 2012,1182 2092,1213 2186,1173 2394,1201 2495,1162 2317,1116 2245,1153 2039,1138 1973,1164 1889,1131 1803,1171 1723,1141 1549,1185"/>
                <Baseline points="1557,1220 1603,1213 1650,1207 1696,1203 1743,1200 1790,1195 1836,1191 1883,1188 1929,1186 1976,1183 2023,1181 2069,1179 2116,1178 2162,1176 2209,1175 2256,1173 2302,1172 2349,1170 2395,1169 2442,1167 2489,1166"/>
                <TextEquiv>
                    <Unicode>der Keliston Fry güchen wehlen syen</Unicode>
                </TextEquiv>
            </TextLine>
            <TextLine id="r3l9" custom="readingOrder {index:8;}">
                <Coords points="1554,1311 1661,1270 1736,1307 1782,1265 1949,1253 2064,1297 2126,1253 2193,1287 2319,1241 2508,1252 2524,1198 2446,1222 2165,1175 2093,1213 2011,1182 1927,1225 1823,1198 1787,1228 1551,1223"/>
                <Baseline points="1559,1283 1607,1275 1655,1269 1703,1262 1751,1258 1799,1253 1847,1250 1895,1248 1943,1245 1991,1244 2039,1244 2087,1242 2135,1242 2183,1242 2231,1242 2279,1241 2327,1241 2375,1241 2423,1239 2471,1238 2519,1236"/>
                <TextEquiv>
                    <Unicode>sy in gshalten wie gemeldet widerumb</Unicode>
                </TextEquiv>
            </TextLine>
            <TextLine id="r3l10" custom="readingOrder {index:9;}">
                <Coords points="1557,1387 1749,1334 1860,1343 1926,1322 2009,1356 2081,1325 2129,1336 2132,1263 2067,1299 2026,1265 1949,1252 1919,1284 1877,1291 1843,1269 1778,1269 1737,1307 1695,1284 1624,1326 1553,1324"/>
                <Baseline points="1560,1349 1588,1347 1616,1344 1645,1342 1673,1339 1702,1336 1730,1334 1759,1331 1787,1328 1816,1326 1844,1323 1872,1322 1901,1321 1929,1319 1958,1319 1986,1317 2015,1317 2043,1317 2072,1319 2100,1320 2129,1322"/>
                <TextEquiv>
                    <Unicode>von Einanderen komen,</Unicode>
                </TextEquiv>
            </TextLine>
            <TextLine id="r3l11" custom="readingOrder {index:10;}">
                <Coords points="1612,1559 1791,1533 1825,1563 1856,1532 1977,1503 2036,1528 2255,1525 2334,1484 2227,1442 2179,1463 2120,1451 2065,1484 1960,1437 1905,1474 1820,1460 1778,1501 1609,1502"/>
                <Baseline points="1617,1542 1652,1538 1688,1533 1723,1528 1759,1524 1794,1521 1830,1517 1865,1514 1901,1512 1936,1509 1972,1508 2008,1506 2043,1503 2079,1502 2114,1500 2150,1500 2185,1499 2221,1499 2256,1499 2292,1497 2328,1497"/>
                <TextEquiv>
                    <Unicode>w.</Unicode>
                </TextEquiv>
            </TextLine>
            <TextLine id="r3l12" custom="readingOrder {index:11;} person {offset:17; length:14;}">
                <Coords points="1463,1745 1858,1738 1944,1775 1993,1738 2153,1723 2189,1752 2292,1731 2426,1758 2436,1707 2027,1641 1911,1698 1660,1674 1559,1720 1464,1693"/>
                <Baseline points="1470,1728 1518,1730 1566,1731 1614,1733 1662,1733 1710,1733 1758,1734 1806,1734 1854,1734 1902,1733 1950,1733 1998,1733 2046,1733 2094,1733 2142,1733 2190,1733 2238,1733 2286,1734 2334,1734 2382,1736 2430,1737"/>
                <TextEquiv>
                    <Unicode>Lannothur so ist Jarguse Giotin</Unicode>
                </TextEquiv>
            </TextLine>
            <TextLine id="r3l13" custom="readingOrder {index:12;} place {offset:4; length:6;} place {offset:26; length:6;}">
                <Coords points="1539,1797 1717,1832 1796,1797 2017,1822 2106,1796 2246,1831 2469,1824 2470,1783 2319,1733 2194,1758 2154,1724 1995,1739 1950,1778 1860,1733 1783,1771 1539,1750"/>
                <Baseline points="1545,1790 1590,1791 1636,1793 1682,1793 1728,1794 1774,1794 1820,1794 1866,1796 1912,1796 1958,1796 2004,1796 2049,1796 2095,1796 2141,1797 2187,1797 2233,1798 2279,1800 2325,1801 2371,1803 2417,1805 2463,1808"/>
                <TextEquiv>
                    <Unicode>von Korrne der landtvogty Milden</Unicode>
                </TextEquiv>
            </TextLine>
            <TextLine id="r3l14" custom="readingOrder {index:13;}">
                <Coords points="1522,1878 1717,1850 1866,1900 1949,1857 2052,1887 2200,1864 2429,1880 2490,1916 2492,1834 2206,1839 2104,1796 1953,1830 1829,1797 1722,1832 1641,1800 1523,1820"/>
                <Baseline points="1529,1854 1576,1854 1624,1854 1672,1854 1720,1854 1767,1854 1815,1856 1863,1856 1911,1857 1958,1859 2006,1859 2054,1861 2102,1862 2149,1865 2197,1866 2245,1869 2293,1870 2340,1872 2388,1876 2436,1878 2484,1881"/>
                <TextEquiv>
                    <Unicode>pürtig wellicher glychnals mit vermelte</Unicode>
                </TextEquiv>
            </TextLine>
            <TextLine id="r3l15" custom="readingOrder {index:14;}">
                <Coords points="1505,1917 1624,1936 1660,1912 1765,1952 1860,1918 1993,1962 2093,1925 2487,1954 2488,1915 2424,1890 2278,1873 2134,1901 1993,1858 1882,1901 1715,1850 1506,1890"/>
                <Baseline points="1511,1914 1559,1914 1608,1914 1656,1914 1705,1914 1753,1915 1802,1916 1850,1917 1899,1918 1947,1919 1996,1920 2044,1922 2093,1925 2141,1926 2190,1928 2238,1929 2287,1931 2335,1934 2384,1935 2432,1937 2481,1940"/>
                <TextEquiv>
                    <Unicode>Mghnd dand hin in nechstuolgenden</Unicode>
                </TextEquiv>
            </TextLine>
            <TextLine id="r3l16" custom="readingOrder {index:15;}">
                <Coords points="1519,1996 1783,1972 1892,1982 1932,2023 2094,1981 2179,2028 2248,1994 2466,2004 2467,1959 2412,1947 2286,1966 2080,1932 1991,1965 1860,1918 1766,1953 1660,1912 1521,1923"/>
                <Baseline points="1526,1973 1572,1973 1619,1973 1666,1973 1712,1974 1759,1976 1806,1976 1852,1979 1899,1980 1946,1981 1993,1984 2039,1985 2086,1988 2133,1989 2179,1991 2226,1992 2273,1994 2319,1995 2366,1997 2413,1997 2460,1997"/>
                <TextEquiv>
                    <Unicode>atecklen verargwonet, in synem ab-</Unicode>
                </TextEquiv>
            </TextLine>
            <TextLine id="r3l17" custom="readingOrder {index:16;}">
                <Coords points="1509,2038 1942,2045 2046,2092 2103,2059 2344,2060 2465,2092 2454,2001 2177,2029 2094,1986 1931,2021 1848,1981 1511,1978"/>
                <Baseline points="1515,2031 1562,2031 1609,2033 1656,2034 1704,2034 1751,2037 1798,2038 1845,2040 1893,2043 1940,2045 1987,2046 2034,2049 2082,2051 2129,2053 2176,2055 2223,2057 2271,2058 2318,2058 2365,2060 2412,2060 2460,2060"/>
                <TextEquiv>
                    <Unicode>wösen verhört und erstlichen befragt</Unicode>
                </TextEquiv>
            </TextLine>
            <TextLine id="r3l18" custom="readingOrder {index:17;}">
                <Coords points="1493,2112 1956,2106 2259,2161 2302,2131 2460,2142 2462,2091 2408,2106 2344,2060 2103,2060 2047,2093 1906,2044 1691,2076 1587,2036 1495,2046"/>
                <Baseline points="1500,2099 1547,2099 1595,2099 1643,2099 1690,2100 1738,2100 1786,2102 1833,2103 1881,2105 1929,2106 1977,2109 2024,2111 2072,2112 2120,2114 2167,2117 2215,2118 2263,2120 2310,2121 2358,2123 2406,2125 2454,2126"/>
                <TextEquiv>
                    <Unicode>worden wo und in wehlichen enden</Unicode>
                </TextEquiv>
            </TextLine>
            <TextLine id="r3l19" custom="readingOrder {index:18;}">
                <Coords points="1509,2206 1565,2178 1642,2205 1701,2171 1839,2196 1884,2170 1971,2218 2098,2220 2151,2178 2425,2203 2445,2169 1955,2106 1512,2113"/>
                <Baseline points="1517,2157 1563,2160 1609,2162 1655,2163 1701,2165 1747,2166 1793,2168 1839,2169 1885,2169 1931,2171 1978,2172 2024,2172 2070,2174 2116,2175 2162,2176 2208,2177 2254,2180 2300,2181 2346,2184 2392,2186 2439,2189"/>
                <TextEquiv>
                    <Unicode>sy zusamen khundtschafft gewunen und</Unicode>
                </TextEquiv>
            </TextLine>
            <TextLine id="r3l20" custom="readingOrder {index:19;}">
                <Coords points="1463,2263 1532,2234 1604,2283 1724,2244 2174,2282 2275,2243 2426,2257 2437,2231 2348,2194 2287,2226 2220,2194 2166,2226 1971,2220 1913,2174 1837,2219 1712,2172 1638,2206 1606,2177 1465,2201"/>
                <Baseline points="1470,2232 1518,2234 1566,2235 1614,2237 1662,2238 1710,2240 1758,2241 1806,2243 1854,2244 1902,2246 1950,2247 1998,2249 2046,2250 2094,2252 2142,2252 2190,2252 2238,2253 2286,2253 2334,2252 2382,2252 2430,2250"/>
                <TextEquiv>
                    <Unicode>. das sy mit einanderen verricht der</Unicode>
                </TextEquiv>
            </TextLine>
            <TextLine id="r3l21" custom="readingOrder {index:20;}">
                <Coords points="1505,2317 1712,2311 1767,2349 1844,2312 2264,2318 2355,2351 2450,2332 2452,2279 2335,2286 2275,2243 2079,2299 2034,2266 1939,2289 1724,2245 1604,2283 1507,2241"/>
                <Baseline points="1512,2297 1558,2297 1605,2299 1651,2300 1698,2302 1745,2303 1791,2304 1838,2306 1885,2307 1931,2309 1978,2310 2025,2312 2071,2313 2118,2313 2165,2315 2211,2316 2258,2316 2305,2316 2351,2316 2398,2316 2445,2316"/>
                <TextEquiv>
                    <Unicode>selbig bigtin zeigt an, wie das er synes</Unicode>
                </TextEquiv>
            </TextLine>
            <TextLine id="r3l22" custom="readingOrder {index:21;}">
                <Coords points="1501,2384 1555,2361 2444,2396 2445,2351 2376,2331 1851,2315 1783,2355 1645,2342 1593,2301 1503,2312"/>
                <Baseline points="1508,2355 1554,2358 1601,2361 1647,2363 1694,2365 1740,2367 1787,2369 1833,2370 1880,2372 1926,2372 1973,2373 2020,2373 2066,2375 2113,2375 2159,2376 2206,2376 2252,2376 2299,2376 2345,2377 2392,2378 2439,2378"/>
                <TextEquiv>
                    <Unicode>handtwerchs ein rodtgießer, dahar sich</Unicode>
                </TextEquiv>
            </TextLine>
            <TextLine id="r3l23" custom="readingOrder {index:22;}">
                <Coords points="1499,2428 1722,2451 1970,2430 2088,2462 2174,2430 2396,2445 2407,2406 2274,2372 2185,2402 2004,2374 1742,2403 1549,2360 1500,2387"/>
                <Baseline points="1506,2414 1550,2415 1595,2417 1640,2420 1684,2421 1729,2423 1774,2424 1818,2426 1863,2427 1908,2428 1953,2429 1997,2430 2042,2432 2087,2432 2131,2432 2176,2433 2221,2433 2265,2433 2310,2432 2355,2432 2400,2430"/>
                <TextEquiv>
                    <Unicode>hievor Tegen Jaren begeben, das er</Unicode>
                </TextEquiv>
            </TextLine>
            <TextLine id="r3l24" custom="readingOrder {index:23;} place {offset:3; length:5;}">
                <Coords points="1493,2509 1554,2477 1669,2501 1728,2475 1827,2507 1953,2477 2119,2527 2181,2490 2433,2502 2433,2458 2378,2437 2243,2457 2174,2430 2087,2463 1971,2432 1895,2461 1494,2434"/>
                <Baseline points="1500,2471 1546,2472 1592,2475 1639,2477 1685,2478 1731,2480 1778,2481 1824,2483 1870,2484 1917,2484 1963,2486 2009,2486 2056,2487 2102,2487 2148,2487 2195,2487 2241,2487 2287,2487 2334,2487 2380,2486 2427,2486"/>
                <TextEquiv>
                    <Unicode>zu Sinis insyner verchstadt durchter</Unicode>
                </TextEquiv>
            </TextLine>
            <TextLine id="r3l25" custom="readingOrder {index:24;} person {offset:11; length:6;}">
                <Coords points="1492,2529 1921,2541 1966,2575 2046,2542 2173,2576 2218,2541 2402,2559 2403,2521 2227,2488 2119,2527 1956,2479 1908,2505 1731,2477 1636,2511 1578,2485 1493,2509"/>
                <Baseline points="1499,2523 1543,2525 1588,2527 1633,2528 1678,2531 1723,2532 1768,2534 1813,2535 1858,2537 1903,2538 1948,2540 1992,2541 2037,2542 2082,2543 2127,2543 2172,2544 2217,2544 2262,2544 2307,2544 2352,2543 2397,2543"/>
                <TextEquiv>
                    <Unicode>melten mrr pierrs sye angesprochenn</Unicode>
                </TextEquiv>
            </TextLine>
            <TextLine id="r3l26" custom="readingOrder {index:25;}">
                <Coords points="1489,2589 1765,2591 1855,2621 2039,2595 2226,2631 2400,2610 2401,2559 2354,2544 2224,2582 2034,2543 1969,2575 1920,2541 1713,2565 1577,2525 1490,2547"/>
                <Baseline points="1496,2583 1540,2586 1585,2589 1630,2591 1675,2592 1720,2594 1765,2595 1810,2597 1855,2598 1900,2598 1945,2600 1989,2600 2034,2601 2079,2601 2124,2601 2169,2603 2214,2603 2259,2603 2304,2603 2349,2603 2394,2604"/>
                <TextEquiv>
                    <Unicode>worden, ob er ime nit ethliche stuck</Unicode>
                </TextEquiv>
            </TextLine>
            <TextLine id="r3l27" custom="readingOrder {index:26;} person {offset:30; length:5; continued:true;}">
                <Coords points="1485,2658 2416,2686 2425,2639 2040,2596 1944,2628 1766,2591 1658,2626 1610,2595 1486,2596"/>
                <Baseline points="1491,2639 1537,2643 1583,2646 1630,2649 1676,2652 1722,2654 1769,2655 1815,2657 1861,2658 1908,2660 1954,2660 2000,2661 2047,2661 2093,2661 2139,2663 2186,2663 2232,2664 2278,2664 2325,2666 2371,2667 2418,2669"/>
                <TextEquiv>
                    <Unicode>zu einem sod den er dem herrn nonme</Unicode>
                </TextEquiv>
            </TextLine>
            <TextLine id="r3l28" custom="readingOrder {index:27;} person {offset:0; length:7; continued:true;}">
                <Coords points="1430,2712 1558,2707 1612,2740 1683,2707 1934,2742 2053,2717 2403,2734 2395,2696 2186,2706 2079,2663 1982,2683 1851,2653 1785,2683 1432,2656"/>
                <Baseline points="1437,2699 1485,2700 1533,2702 1581,2704 1629,2706 1677,2708 1725,2709 1773,2711 1821,2712 1869,2714 1917,2715 1965,2717 2013,2718 2061,2719 2109,2720 2157,2721 2205,2721 2253,2723 2301,2723 2349,2723 2397,2723"/>
                <TextEquiv>
                    <Unicode>Biohler seliges zuvüsten fürgenomenn</Unicode>
                </TextEquiv>
            </TextLine>
            <TextLine id="r3l29" custom="readingOrder {index:28;}">
                <Coords points="1434,2778 1508,2769 1578,2811 1619,2778 1819,2765 2096,2804 2376,2783 2376,2758 2263,2719 2035,2717 2004,2746 1686,2707 1649,2740 1559,2708 1435,2723"/>
                <Baseline points="1440,2753 1486,2756 1533,2760 1579,2763 1626,2766 1672,2768 1719,2771 1765,2773 1812,2775 1858,2777 1905,2778 1951,2780 1998,2780 2044,2781 2091,2781 2137,2781 2184,2781 2230,2781 2277,2780 2323,2778 2370,2777"/>
                <TextEquiv>
                    <Unicode>Wüsen könne, desen er sich dan under</Unicode>
                </TextEquiv>
            </TextLine>
            <TextLine id="r3l30" custom="readingOrder {index:29;}">
                <Coords points="1460,2836 1851,2833 1876,2859 1916,2830 2002,2872 2157,2829 2284,2872 2411,2847 2412,2821 2297,2786 2214,2813 2010,2782 1885,2817 1821,2765 1715,2805 1655,2775 1461,2776"/>
                <Baseline points="1466,2817 1515,2820 1564,2823 1614,2825 1663,2828 1713,2829 1762,2831 1811,2832 1861,2833 1910,2834 1960,2835 2009,2835 2059,2837 2108,2837 2157,2838 2207,2838 2256,2838 2306,2840 2355,2840 2405,2841"/>
                <TextEquiv>
                    <Unicode>findenn, und einesölliche nach synen</Unicode>
                </TextEquiv>
            </TextLine>
            <TextLine id="r3l31" custom="readingOrder {index:30;}">
                <Coords points="1480,2906 1619,2891 1752,2931 1995,2892 2177,2926 2384,2896 2398,2845 2202,2877 2133,2843 2001,2873 1915,2829 1875,2859 1788,2830 1481,2834"/>
                <Baseline points="1487,2879 1532,2880 1577,2883 1622,2885 1667,2887 1713,2889 1758,2891 1803,2892 1848,2894 1893,2895 1939,2895 1984,2897 2029,2897 2074,2897 2119,2897 2165,2896 2210,2895 2255,2894 2300,2892 2345,2890 2391,2888"/>
                <TextEquiv>
                    <Unicode>zmre zugestelten modehl und ferm, wie</Unicode>
                </TextEquiv>
            </TextLine>
            <TextLine id="r3l32" custom="readingOrder {index:31;} place {offset:16; length:5;}">
                <Coords points="1472,2944 1586,2970 1623,2943 1660,2975 1718,2949 1862,2979 2048,2953 2249,2977 2315,2942 2391,2956 2392,2928 2330,2902 2148,2926 2056,2901 2014,2930 1860,2894 1753,2931 1564,2894 1473,2908"/>
                <Baseline points="1479,2933 1524,2936 1569,2939 1614,2941 1660,2944 1705,2945 1750,2948 1796,2949 1841,2949 1886,2951 1932,2952 1977,2952 2022,2952 2067,2952 2113,2952 2158,2951 2203,2950 2249,2949 2294,2948 2339,2946 2385,2945"/>
                <TextEquiv>
                    <Unicode>auch hernach zu Sinis vnd Alhie ze</Unicode>
                </TextEquiv>
            </TextLine>
            <TextLine id="r3l33" custom="readingOrder {index:32;}">
                <Coords points="1490,3018 1946,3020 2014,3054 2079,3017 2424,3030 2424,2993 2323,2942 2258,2982 2128,2987 2049,2952 1916,2991 1718,2948 1673,2976 1623,2943 1587,2971 1491,2950"/>
                <Baseline points="1497,2997 1543,3000 1589,3002 1635,3003 1681,3005 1727,3006 1773,3008 1819,3009 1865,3009 1911,3009 1957,3011 2003,3011 2049,3011 2095,3011 2141,3012 2187,3012 2233,3012 2279,3012 2325,3014 2371,3014 2418,3015"/>
                <TextEquiv>
                    <Unicode>der statt ethlichen besunderbaren herren</Unicode>
                </TextEquiv>
            </TextLine>
            <TextLine id="r3l34" custom="readingOrder {index:33;} person {offset:29; length:8; continued:true;}">
                <Coords points="1473,3049 1724,3097 1776,3066 1902,3095 2086,3068 2438,3103 2440,3043 2354,3061 2288,3023 2010,3057 1928,3019 1475,3016"/>
                <Baseline points="1479,3047 1526,3049 1574,3053 1622,3056 1669,3057 1717,3059 1765,3062 1812,3063 1860,3065 1908,3066 1956,3068 2003,3069 2051,3070 2099,3071 2146,3073 2194,3074 2242,3077 2289,3078 2337,3081 2385,3084 2433,3087"/>
                <TextEquiv>
                    <Unicode>aüben gemacht, zuuor habe er vermelti</Unicode>
                </TextEquiv>
            </TextLine>
            <TextLine id="r3l35" custom="readingOrder {index:34;} person {offset:0; length:9; continued:true;}">
                <Coords points="1463,3115 1852,3118 2077,3162 2194,3133 2402,3152 2404,3093 2275,3081 1723,3097 1564,3053 1465,3069"/>
                <Baseline points="1470,3101 1516,3102 1562,3105 1609,3107 1655,3110 1701,3112 1748,3114 1794,3117 1840,3119 1887,3122 1933,3123 1979,3126 2026,3127 2072,3129 2118,3131 2165,3132 2211,3134 2257,3134 2304,3135 2350,3135 2397,3135"/>
                <TextEquiv>
                    <Unicode>Maepsitle niemals erkent und sye er</Unicode>
                </TextEquiv>
            </TextLine>
            <TextLine id="r3l36" custom="readingOrder {index:35;}">
                <Coords points="1473,3149 1632,3198 1675,3164 1960,3166 2009,3206 2294,3188 2345,3221 2427,3205 2429,3150 2063,3161 1932,3126 1883,3154 1761,3116 1600,3136 1547,3103 1473,3133"/>
                <Baseline points="1479,3155 1526,3156 1573,3159 1620,3160 1667,3162 1714,3164 1761,3165 1808,3168 1855,3170 1902,3172 1950,3174 1997,3176 2044,3179 2091,3180 2138,3182 2185,3183 2232,3185 2279,3186 2326,3186 2373,3188 2421,3188"/>
                <TextEquiv>
                    <Unicode>idtharstetts zumis usgnommen, jetz betstlich</Unicode>
                </TextEquiv>
            </TextLine>
            <TextLine id="r3l37" custom="readingOrder {index:36;} place {offset:3; length:12;}">
                <Coords points="1470,3239 2087,3239 2145,3275 2224,3242 2394,3244 2410,3200 2341,3219 2293,3188 2245,3210 2092,3186 2019,3217 1964,3166 1888,3198 1630,3198 1472,3150"/>
                <Baseline points="1476,3216 1522,3216 1568,3216 1615,3216 1661,3217 1707,3218 1754,3219 1800,3221 1846,3224 1893,3225 1939,3227 1985,3228 2032,3230 2078,3233 2124,3234 2171,3235 2217,3236 2263,3236 2310,3236 2356,3235 2403,3233"/>
                <TextEquiv>
                    <Unicode>zu Vatterlingen ein halb jar gung</Unicode>
                </TextEquiv>
            </TextLine>
            <TextEquiv>
                <Unicode>Dieseben sye nit weniger dan das sy
beidt sich mit einanderes an tidtsstatt
verphlicht und versprochen, eianderenn
mit iren künsten und handterungenn
behilflich ze syn und groß ze schaffen wyl
aber ermelter mr Buthoins nit mit
june mr Buerd ganwegion, alda man
der Keliston Fry güchen wehlen syen
sy in gshalten wie gemeldet widerumb
von Einanderen komen,
w.
Lannothur so ist Jarguse Giotin
von Korrne der landtvogty Milden
pürtig wellicher glychnals mit vermelte
Mghnd dand hin in nechstuolgenden
atecklen verargwonet, in synem ab-
wösen verhört und erstlichen befragt
worden wo und in wehlichen enden
sy zusamen khundtschafft gewunen und
. das sy mit einanderen verricht der
selbig bigtin zeigt an, wie das er synes
handtwerchs ein rodtgießer, dahar sich
hievor Tegen Jaren begeben, das er
zu Sinis insyner verchstadt durchter
melten mrr pierrs sye angesprochenn
worden, ob er ime nit ethliche stuck
zu einem sod den er dem herrn nonme
Biohler seliges zuvüsten fürgenomenn
Wüsen könne, desen er sich dan under
findenn, und einesölliche nach synen
zmre zugestelten modehl und ferm, wie
auch hernach zu Sinis vnd Alhie ze
der statt ethlichen besunderbaren herren
aüben gemacht, zuuor habe er vermelti
Maepsitle niemals erkent und sye er
idtharstetts zumis usgnommen, jetz betstlich
zu Vatterlingen ein halb jar gung</Unicode>
            </TextEquiv>
        </TextRegion>
    </Page>
</PcGts>
