3024 4032
514 1967 593 2090 6.
536 692 1452 914 Wahrgenommen, vnnders gentzlich vermeinen
598 757 1444 953 Wigell ihr tochtermann sich der sach belanden und
601 822 1450 1012 undernannen daselbig ein ufftachte sach und
635 868 1447 1050 keyn Betrug nit darhunder sye, demnselben
605 931 1445 1110 ir kunh alten unnderschriben unnd sy beydt den
627 996 1425 1151 Ir gutstizier genommen vnnd solchen Brieff den
627 1050 1423 1205 bewart, unnd nit mender dan das gemelte
622 1098 1424 1267 CThomas, Wie auch hr dochterman Alsbalt
635 1156 1428 1313 handtgschrifften uffgericht unnd dieselben
616 1218 1438 1399 einanderen ubergebenn, Sy möge Aber nit deg
614 1286 1430 1438 das sy vermogen unnd innhalten unnd über
612 1344 1437 1509 zyth dareiner aills jr geltstag zu Griste
601 1401 1426 1560 ghaltenn worden, sye bemelter Hhomas dite
602 1460 1429 1624 Alhar zu ihr koumen mit sonderlichen auh
611 1517 1425 1682 weyls sich etwas doffirnetet vnnd Geydtige
583 1581 1421 1750 annzognen Grieffehalb erhept, sy dielth
602 1654 1421 1780 ein rattifiration unnd gestatigeng daruber
595 1706 1420 1846 zu kommen lagen, das sy ihme dan durch sy
556 1768 1427 1900 Jacob Biekharts deß schrybers gewillshart
605 1839 1410 1960 unnd sich allso abermallen, das sy imne vermelte
587 1899 1409 2015 Smmna der 444 f uffrächt vnnd Redlih
599 1954 1409 2061 schuldig sye unnd sonnderlich daran nütit bezaltn
588 2013 1397 2130 habe, bekendt, Alls nun ihr sohen Joseph
569 2072 1408 2169 Disen betrug unnd faltsels zu Scinbgenburg
591 2125 1406 2240 by sinem schwager dir ime Thomahsen kat
584 2183 1393 2284 gschrifft verzeigt, erkendiget unnd solliche
563 2243 1396 2358 hro furgebracht, habe sy daselbig benge
584 2306 1379 2416 erdter feundbellen, Jedoch vff ihr Dochter
569 2369 1393 2470 ernstig amhalten, dardurch ihren eheman nit
536 2423 1405 2527 Inn große gfar shandt und seh nach zeig
573 2487 1390 2602 unntzit sy sölliches vermeltem hr verset zu
539 2535 1009 2649 schriben uffgehalten,
536 2618 1377 2720 Demnach, das sy villmallen vonn anzognen
530 2682 1374 2782 Faltschen grieffsegen unnd hindergestelten
512 2746 1374 2847 Datumbs zbegen sölle nach gelt gschickt haben
528 2798 1369 2905 mit betröüwenn. Wann ihro daselbignt
521 2855 1372 2955 zugschickt, werde sy disere sache kundtbar
542 2922 1360 3009 mach vnnd Offennbaren. Darüber gubt sy
521 2974 1369 3080 zu bscheydt, wie das villannzogner Hon
521 3039 1365 3144 Ira vonn etlichen Rogenn zweyen dynhat
539 3090 1356 3204 einem mitbonn, vnnd das er Iro etliche zrr
523 3160 1360 3276 genntzet, ouch anderes sachen dwegen ehwar
514 3229 1352 3336 schuldig wordenn, daselbig habe sy hiege
460 3272 1359 3402 stellerng irer nodturffts unnder etlichen malt
489 3333 1356 3446 unnd keinswegs von deg brieffs dirgen at
496 3413 1328 3510 deren clagen, dann sy alls obannzog
481 3454 1338 3595 Wyller ann dem geltstag bezalt der
2391 651 2487 737 41
1533 747 2528 886 Amnfangs vonn dem betrug unnd die sy mit denselbigen
1544 820 2504 929 umbgangen nützit gezügt, auch deeder rhat noch that
1498 872 2482 978 Dei man spricht, darzu nit geben, sonnders gentzlich
1525 932 2468 1028 Dermeyndt es der eetste grieff so umb 3 hb sampt
1562 985 2475 1076 50 f zun geledtet, sye, lat weringer den
1551 1030 2502 1117 das ir solen Josesh etwas gelts darus dan Hanns
1554 1089 2537 1206 dolff 26 d tischgelt zugstelt worden, daher empfangen
1532 1142 2453 1255 unnd ihr tochterman zu Glüitenburg degelbenn
1538 1205 2456 1314 zuglyeh by 30 lb unngenommen hehaben möchte.
1529 1486 2444 1629 Ist Erptlit Redig zum Annderen mall hror
1452 1564 2402 1703 der kleynst steyen anngethann unnd uffzagen
1494 1614 1717 1699 wordenn.
