3024 4032
604 636 1445 861 der Herr gleubenn geben, vnnd Habeih
637 715 1445 916 sriegeng haruff dieselbige vermeyndte
608 758 1418 933 gulte uth eines ihme damit zugestelten.
595 825 1419 1011 gabnns unnd mntrlichen uffgerichten kure
1374 916 1434 960 1
619 890 1449 1056 darin er denn Rechten Bodennzinfs vor¬
606 950 1405 1117 umb kunffliendert pfundt pf Eedor
1416 1041 1450 1084 e
623 1014 1425 1176 widerlosnund absonfft, welliches ehre
1420 1070 1464 1111 1
638 1065 1425 1228 ermelter Griefl von ime hrrr Gratstleh
611 1124 1433 1281 eepfangen, unnd daselbig inn synen et
599 1176 1445 1348 verwändt, ohnne das deselben gedachter Stöt
619 1252 1424 1420 weder derinr noch vill einichergsthalt nit gengen
616 1301 1428 1484 sam zrosye vsse Einnfalt, durch hende ge¬
593 1361 1413 1524 zu diser lleydigen hat beredt wordenn,
557 1444 1428 1643 Detstlichenn hat er aich Bekendt, sie das
598 1566 1421 1694 unnderschienlichen persomen, ider mine
608 1615 1419 1768 gnndigen Eerten vnnd Oberenn Stadtsatzen
616 1676 1391 1810 stliche Kunderpfannder fur fry Lidi
578 1723 1388 1861 Eigenn vnngsetzst vnnd verschribenn die
614 1797 1422 1938 aber zuuor annderen schwarlirh versetzt und
612 1847 1056 1971 beladenn gsyn hyenndt,
575 2002 1404 2144 uff sölliche syne Gedachtenn Hans
565 2079 1399 2181 Grieffenn hoche unnd schwäre mihshandlung
542 2126 1389 2246 falter unnd Betregernheyt sr habendt hoh
587 2208 1381 2290 genampt, myn gnndig Hertzen vnnd Oberen
575 2256 1387 2376 Schuldthes Gsät unnd Burger diser lollen
569 2327 1393 2428 statt Bargn by irem ersten zu Rucht
576 2391 1362 2496 grkendt, vnnd gsprochen, das man Inne
578 2448 1378 2559 mengklichem zu einem exemsele dem
526 2518 1383 2622 Nachrichter beveigen, Der henr obtembst
548 2576 1353 2693 uff gewonnliche rchtstat thuren ihme
557 2647 1380 2760 allder synn kroufnabshbarhen unnd sals
554 2711 1368 2814 mit dem schwärdt vom eaben zum hat
551 2775 1372 2889 nachn feyserlichen rechtenn richten sl
702 2892 1371 3026 E syner wycs unnd Breiden di
671 2986 1362 3074 dero vonn Conppen unnd des Gm
669 3028 1369 3126 Nüwenegg ernstig Piten Hnn H
689 3089 1354 3178 sich nun g  h f zur Barmha
641 3145 1347 3237 beyt geneigt unnd zme Griegen
668 3186 1360 3299 guaden syn verwürckt lehen uff a
650 3248 1350 3353 costenns unnd ein über sich selbs ab
665 3288 1344 3408 vrphed widerumb geschruetft, I
652 3334 1361 3465 Ist er mengklichen zu einem hal
632 3402 1345 3518 zwo strnndt lrrng ann ds halzse
1092 3456 1344 3581 gestelt wr
2422 656 2514 715 40.
1599 748 2292 898 grch punst¬
1578 877 2458 1006 Hmnach Mararhts Frym m
1525 923 1576 1006 8
1531 959 2469 1080 Anndres Spegers Eefromw, bisohar dess
1554 1031 2484 1139 gezigtem faltshen brieffshalb, so sy uff
1512 1093 2500 1200 gericht unnd Peter Thomas zu Grigaris über
1530 1150 2478 1262 schickt haben soll, die grendtliche dharheys
1531 1226 2473 1331 nit eroffnen noch bekennenbellen, dDahar sy
1533 1269 2457 1383 dan nach  g Annsechen unnd Bevelels
2396 1368 2455 1407 2
1546 1337 2436 1443 nechst abgeloffnen metwurhens den 27
1537 1393 2522 1534 Jugngli zzu Marzilli mit Marter gerxamimner
1488 1481 2474 1580 unnd der nodterfft nach befragt worden, domalls
1538 1535 2480 1654 sy darn Abermallen by Irer hievorgethanen Be¬
1529 1584 2464 1737 handtnus unnd verandtwortung gentzlich verbliben.
1522 1659 2471 1781 unnd annzeigtcamlichen wie das nit minder
1502 1706 2453 1850 dann das sy hrrr perset mit eigner handtzuge
1495 1765 2422 1913 schriben der Jhannng Brieff uff syn selbs umb
1523 1824 2456 1971 444 Cronenn Houptgut Lutennde fir vnntz unnd
1487 1893 2424 2024 fultsts, as habe sieh aber zugetragen. Das
1520 1969 2432 2079 sy vermelts Thomagen vadter selligen irmorygen
1509 2030 2392 2148 Brieffen unnd pfasten alls iem dem ersten 77
1523 2093 2442 2194 dem annderen 100 unnd in dem diidten Brieff
1532 2172 2435 2254 380 sampt 80 sronen zinss zethund, vnndt
1528 2218 2391 2326 schuldig wordenn, dahar sy uff ein byt ihr
1520 2273 2422 2384 tochterman von  Lütenburg wett vermeltem
1513 2345 2400 2450 Homas Alhas zu hroo kommen unnd domalls
1508 2380 2410 2525 hro ein brieff so verbliehen gsyn fürgezeygt
1492 2447 2420 2572 Mit rith vnnd begeren diewyll derselbig vff
1504 2505 2399 2636 syn lute, Sy wolte iInen denselben Sidinneren
1517 2586 2345 2697 vnnd ernneren kagen. dahum sy endtlichs
1514 2638 2469 2769 bewilliget, habe aber nit vermeyndt, das derselbig
1511 2692 2385 2823 faltsch, snnders sane under den dryen so sy
1517 2760 2436 2876 besagtem Thomas von den zuuorgedachten dummen
1516 2806 2422 2937 wegenn zugstelt, sye, alls sy nun denselben für
1516 2883 2441 2986 gezeigten faltsthem Brieff, by Jacob Langhanms
1490 2935 2459 3068 Dem schwyber ußs Frantzösischer zn lütsthesprach
1506 2989 2459 3129 Vertierenn vnnd hiemit ermnkeren Lagen, vollgendts
1493 3050 2384 3178 demselben herr zugebracht vorglesnn unnd
1459 3108 2419 3235 darby geretenn, sich Ihnn demselbigen Zevunder¬
1457 3184 2394 3306 scherbenn, vnnd demnach Severputschieren, degenn
1484 3244 2408 3368 Im halt, sonderlih aber deß handergeschelten
1491 3308 2347 3428 Datumbs habe sy aber nitzit gracht, woch
