3024 4032
809 734 1377 921 b  M
631 916 1465 1102 Demnach Jacob Autin von Ten
653 984 1478 1177 der landtvogty Mildens wellicger
643 1045 1476 1240 maßenn mit maisro Buerd n
640 1087 1460 1278 Eissol handfin genempt veragen
647 1172 1463 1324 alssöltten sy nun eit zy Oahe
644 1214 1454 1369 gmeinschafft, ouch sonderbere ranst
652 1267 1477 1433 so zu nachwyl der statt Genffwie
658 1327 1469 1487 �wer g gepiett uid landen miteinan
639 1402 1461 1539 gemacht habenn oder aber er zum
647 1456 1370 1585 tes derselben wußens tragen
1366 1517 1466 1618 deß
580 1503 1472 1661 zinting ist nachv a dsecenkan
641 1583 1474 1720 abgeloffnen sampstags din der kl
626 1648 1461 1777 nachnochende artickel mit ernsthi
539 1702 1465 1833 wortten und betröüwung der mat
618 1775 1090 1868 befragt worden.
596 1934 1466 2079 erstlich in wellicher zytt er zu zue
521 2022 1469 2135 hundtschafft gewunnen, ob sy kein
620 2092 1463 2189 ve gselbschafft ghapt und ob er deblene
625 2142 1459 2238 mit imme maifrd Snard neinal
617 2205 1455 2307 sentiert onch wassyn begangenschef
581 2263 1467 2364 seye, zeigt hierüber kun wie zasesy
604 2318 1455 2421 handtwerchs ein rodtgieser uffwellich
611 2384 1453 2485 er ouch gewandlet und hienor seh
593 2438 1451 2547 onch allie bymeister Abrahamzen
590 2499 1453 2601 gedienet, Da habe es sich hienor z
602 2561 1450 2670 begeben, das er zu dimb in synr
592 2599 1462 2743 stadt durch vermelten marstad Ge
603 2668 1453 2793 k angesprochen worden, oe
552 2708 1464 2871 Imme nit ethliche stuck zu einem gotde
579 2781 1449 2896 er dem h von Biollts selligen hund
585 2849 1444 2974 söllen güsenkömme, deßen er buten
580 2893 1443 3034 dan und erwunden und imme sölliche nach
585 2972 1438 3105 ein imme yugesteltten model und holm
572 3006 1431 3176 wier hernach auch ethliche derselben alt
572 3062 1430 3222 derbaren herren zu Vinier h Gat
546 3136 1441 3288 h velsen und hr landtvogt Tschar
567 3173 1437 3355 eelhre, jedoch einer snderbaren und
556 3242 1404 3396 den zuneütige pumboen gemacht
2398 755 2488 836 52.
1532 856 2520 957 Zuor habe er vermeltenn maistr thier nie
1592 918 2534 994 mals erkent und sye er sidthar ouch thitts zu Vins
1601 967 2529 1048 ugnommen jetz letstlichen ein halb zan zu Bätter
1523 1010 2519 1116 keffingen gsin, alda sy dem hr schuldtheigen gearn
1717 1065 2509 1149 Wüsse ouch von keinen sonderbaren
1575 1063 1716 1131 Beittes
1556 1116 2492 1203 Behlschafft, dan was den maistr gnthoni
1575 1157 2523 1247 von Gemoblin, wellicher zu eeuff ghan-
1580 1221 2519 1297 gen ligt anbelange, habe er syneükem anderen
1565 1259 2536 1356 khundtschafft noch vertandt, dan das er imme sung
1578 1313 2543 1414 lettlichen alda zu Bätterlingen, Eylen gehouwen
1577 1374 2513 1466 und der statt ernsanhalharnest gebutzt
1607 1429 2524 1511 dtzwüschen sy woll miteianderen gtruncken
1605 1478 2505 1574 und gspräch, jedoch keinen bösen iutpation noch
1601 1537 2500 1617 meinung mit einanderen gehaltten möchte er
1583 1580 2505 1672 wüntscheins, das er inne niemals gsechen, dan
1561 1631 2468 1720 imme der schuldtheiß zu Vatterlingen für
1566 1686 2509 1773 ghalten als er inne er ursach syner gfangen
1552 1745 2555 1835 schafft befragt. Wyl er sich des maistr pidarc
1546 1808 2483 1881 und vermelts eastr anthanb sonil an¬
1596 1840 2502 1939 genomen und vill gmeinschafft mit inen ghan
1588 1894 2498 1995 sye sölliches die ursach diser syner behendigung er
1601 1948 2513 2044 habe ouch vonn vermeltem maistr vier in
1601 2004 2478 2097 iner letsten widerkunfft uß dem bigundt
1554 2063 2488 2150 wohl verstanden, das er zu syner husfrauwen
1590 2116 2502 2207 gredt und gar mal contenk gsin, er wehle nit
1594 2166 2500 2249 mehr dahan, dan sy habendt imme allein ein
1565 2217 2501 2303 Dutaten geben, ouch vlützit, Kirdets vermerckt
1576 2267 2466 2367 Dan das erdene von Willahin domahlen
1523 2323 2475 2419 ein fhalbruck abzeiehnen wehlen, mitt ane
1585 2371 2508 2456 maitro Buere sye er niemals uerthalb landts
1536 2418 2518 2509 nit sein vollminder mit imme in danvy zuchen
1540 2494 2511 2573 wellen sonst habe er sich woll hieuor 1n ja
1574 2513 2503 2622 ven als er gewandlet und kein arbeit funden
1568 2573 2531 2672 Im gumonte endthaltten, vnd dahelbst einen
1583 2627 2533 2711 Hauptman von Fryburg gerienet, der kregsye
1583 2684 2502 2779 aber angentz gestillet, das er also wider mei
1589 2738 2478 2840 mandtszogen sye, knd ob wohl er hienor
1586 2742 2523 2883 tagen gan Willangin greizet, sye er doch durch
1569 2833 2523 2934 Dermelts maistr Sierris hupfrouw erwäten
1530 2872 2540 2978 worden, dahin zegan, damit irbrnder sodaselbe
1513 2918 2529 3034 wohnet Ara synethwagen bystandt thüye welliche
1587 2984 2337 3087 dann mit Jra vor uegg erschinen sye
1568 3079 2496 3163 Denmach ist er befragt worden ober von ersin
1579 3141 2469 3232 dung der stygleütteren die zu genff gebrucht
1563 3191 2495 3277 worden und ob ermelcter nützit damnt umb
1573 3240 2503 3333 gange sye, zeigt er an das er deswägen keins
2561 1987 2604 2045 en
