3024 4032
404 1621 513 1740 E
1153 792 1313 907 0
666 769 1447 1005 ar vemn 2
695 883 1429 1050 gennbach von Seitertzur die
983 939 1177 1018 ochnyder.
555 933 1435 1127 fiht Midtwuchenn denn 3t. September
613 1006 1415 1168 6ocbris vonn zbiegenn er mit samet synem
642 1055 1414 1217 Insortenn Hoclugs Aruoltl hernachvernemen
636 1114 1432 1287 einer empasierenden wybspersan zu Site
633 1164 1418 1330 hllungen dlen gfäfner gertraß, das ihr nemmen
638 1214 1391 1369 helffenn deßglychenn sich fur eyner
643 1293 1412 1436 scribenten ußsgebenn unnd synen ranen
629 1340 1433 1484 verlaugnet unnd sich ann steith Johanne
634 1389 1427 1560 Meyer von Zürich genempt, vonn myner
628 1457 1418 1592 Shedtenn gerieten vnnd Landen mit dem
596 1509 1230 1639 bydt verhisen worden etc.
771 1720 1417 1888 Mi smen
831 1816 1286 1909 von schledtstatt.
613 1844 1405 2003 so vermeltem Genngenbare zu Costen
625 1922 1406 2037 die ehe versprochenn habenn söll unno nun
601 1980 1376 2083 Inn die 8 chucheen mit ihme ihm land
611 2030 1387 2147 umbtzerzogenn unnd zu ibaungen zu den
584 2095 1395 2213 Diebstall verholffenn ist glychergshalt
622 2147 1237 2262 mit dem eydt verwisenn.
664 2333 1361 2466 lh et.
554 2459 1388 2603 Vonn Bischoffzall. Wellicher gli
579 2535 1374 2644 Fhalls vonn Eureren har mit jenen gegen
539 2605 1368 2691 unnd zuͦ obanngen der fronken den bo
560 2648 1368 2769 darub sy hroo etliche sachenn andtfromdt
552 2719 1368 2820 Anfangs ab dem hrupt gestürtzt unrd des
557 2780 1356 2891 uber die jhännigen welliche sy gfenfliche
572 2841 1092 2947 Aigenommen gethromket,
1214 2866 1377 2952 Ist deshet
551 2907 1375 3004 über ußgestandne marter auch von stat
552 2980 1219 3078 unnd landt vertesen wordenn etc.
1432 2051 1496 2171 E.
2358 696 2448 797 42
1591 880 2487 1031 ugennid.
1847 991 2077 1096 n.
1579 1090 2460 1226 sonn Vilbringenn der Kilegori Ghorb
1544 1176 2453 1272 Welliche by vnndersteidennlich personen den
1559 1229 2447 1318 unnehrliche kindt erzugent, unnd darzu
1548 1273 2466 1362 Conrad Güggi einem wbäberknächt vonn 5
1539 1339 2451 1444 thallenn die Ehe versprochenn, vnnd nach dem
1547 1398 2449 1498 er vonn hro zogen unnd syn verlaßen, unnge
1543 1453 2431 1561 hucht, einen knderen Peter ysar genempt, Bur
1541 1526 2449 1608 ehr genommen, ohnne das sy vom erstenn gescherden
1533 1561 2428 1652 vordenn, ist vermog der satzen zus Stundt
1551 1634 2449 1722 Am das Halsysenn gestelt unnd demnachn
1539 1673 2446 1781 uff vermere beguädigung von statt unnd
1509 1728 2501 1843 andt verwesenn worden, Astem 18t septembr
1540 1783 1665 1851 500
1601 1932 2314 2083 Haltnan, aheus
1507 2044 2492 2191 Dem dbagner Gell donst von KilchLindrrh
1526 2140 2489 2266 würtig, wellichem din mannrächt begünstiget
1511 2197 2461 2289 wordenn, vnnd nach dem er Honnweg Zuch wellenne
1529 2238 2419 2335 Hat iene Annor Duri ein dienstmagt zur elhe
1514 2300 2481 2390 Die er fro by wyll er allhie das Handtwerch glernet
1532 2341 2450 2447 zusstigk zugehnngegen, ds aber zuuor eroffnet und
1504 2393 2457 2505 ußsglaßenn, ime das er zu Zalb am Harmerspach
1487 2460 2435 2564 Virtennberger landts mit einer ehelich verlopt,
1511 2513 2431 2621 und diewyll er beyder versprechungen dnnredt,
1518 2571 2414 2680 unnd bekhandtlich waden, Ist ime das erlangte
1510 2640 2410 2738 mnracht widerumb abgevorderet, Demnacher
1516 2693 2430 2800 syn stundt kang an das Halsbysenn gestelt
1484 2739 2416 2844 unnd vermog der batzung von stadt unnd landt
1511 2819 2433 2924 verbesen worden. Actum 28 september
1502 2868 1796 2967 1606 habs
