3024 4032
683 707 1359 936 79 l
1087 876 1220 973 er
553 907 1410 1162 desg seanne de
589 1014 1384 1199 vot Biglen, wellicher heuor einem
586 1081 1399 1274 far ongfarlich zu Signone uß gan
592 1142 1408 1331 genschafft gebrochenn und schon bevor
564 1183 1403 1378 Janckher Rielans von Müllersan
570 1268 1400 1430 hen Großweibell, alhie ouch gfenget
590 1321 1385 1484 endthalten wordenn, nachv g
588 1411 1398 1548 sechenn und beuelch abgeloffnen dans
583 1453 1392 1609 zu Marzili geepammiert woren.
573 1541 1406 1667 und erstliche umb syn thun und lasen
553 1580 1391 1742 und uß was ursachenn er zu ehen
575 1656 1394 1781 ußgebrochens beflagt worgen, so
535 1732 1406 1850 liches alles, wie auch andere vbrhe
533 1793 1400 1911 gesachenn, Dero er verargwart imn
562 1857 1399 1964 grundt der warheit anzuzegend
532 1918 1411 2029 derselbig Hans Schnyder hat vert
568 1985 662 2050 det
1163 1994 1353 2090 ds sgefe
584 2035 1051 2128 ta
477 2084 1393 2217 Erstlich. Wie das er uß böser an
521 2164 1383 2270 fechtung und begirdt aach armut
542 2237 1392 2324 halb, abgeloffnes dars Alhie zuer
500 2292 1392 2398 bfarh dahin gerhaten undd ander
527 2356 1392 2450 ancken wags fürgebenn, Wiedar
547 2406 1392 2513 er han einem rochten vor Jacob
513 2466 1396 2593 Grusers huß ethliche käsennde
532 2520 1405 2661 aber nit syn, so nders eines ander
529 2596 1395 2716 gewesenn) uenerkouffen und v
509 2652 1399 2783 föllichendhin eßaul hm großen
527 2698 1396 2864 zu gëgen gsin, nach Bammel etlagh
442 2774 1387 2915 Deß schlosserß gsehl geschickt, w
524 2837 1386 2996 des rasten geyffnet, darin erdanb
523 2898 1395 3061 en zeichneres käsen gehundensdi
518 2958 1371 3124 ben habe er hin und wider verkatt,
494 3036 1372 3183 und das gelt genoßen und verbeien
1138 3111 1288 3184 1
1051 3121 1134 3216 tach
476 3168 1385 3325 De nie haben er dem hußwerth
499 3235 1386 3405 Räblüttenn für einem anderen
2346 783 2420 849 69
1546 832 2475 953 Dum Suma gelts versprochenn, der hae
1472 896 2484 1011 dann so gyth mit dem rechtenn gnötet
1553 957 2487 1073 und getribenn, das er ußelagt worden
1559 1007 2488 1122 und imme demnach der eidt für das bür
1572 1043 2477 1186 eren zihl hinuß geben worden sye und
1568 1111 2466 1250 der aber nit gewüst, was ein tiot
1546 1169 2481 1296 uff ihme tragen thut, sye er über denselben
1554 1234 2463 1375 gethanen gut widerumb uß thorheit
1557 1310 2472 1430 hinyn gethrettenn und also denselben
1558 1375 2343 1508 übersechen und meyneidig wordens
1574 1511 2459 1641 erners habe er sich villmallen allhie
1559 1592 2433 1700 zum hirtzen zugezogenn, also das er
1508 1646 2476 1760 Dem selbenn wirth syner rachnung
1554 1696 2499 1807 nach by sihen eronen sehrgelt schuldig sye
1536 1766 2492 1887 daselbst habe er uß der Rühi ein ehri
1572 1834 2486 1936 hafenn endtragenn und söllichen zu etz
1540 1884 2493 1978 Hans Schmützenn umb fünffthalb pfundt
1439 1921 1514 1990 Rüt
1556 1955 2369 2072 el versetzt und das gelt verbrucht
1483 2104 2460 2230 Item zu Kräygenn habe er ein
1511 2191 2475 2288 hinderen redig andtfraubdet, allsman
1529 2251 2508 2351 ihmme über nachgeylt habe erden selben, hinder
1556 2302 2505 2436 dem huß frachl lasenn und dauon geloffen
1429 2340 1524 2416 beren
1589 2500 2461 2607 anothin als er alhie by junekhert
1491 2561 2480 2680 Ge�rg von Cleyngartten gedienet, habe
1562 2624 2458 2727 er dem selben, zwowagenn Grettenen
1549 2684 2466 2793 gestohenn, die eine Lienhart umbar
1550 2748 2485 2837 vmb 26 batzenn, und die andere einem
1539 2801 2461 2890 Landtman, welcher imme unbekant umb
1544 2854 2505 2958 ein kronen verkaufft und fürgeben wie
1559 2917 2497 3021 das hme dieselbigenn an ein schuldt
1559 2967 2008 3074 wordenn syen
1423 2950 1562 3078 2
1423 3079 1501 3182 E
1562 3081 2470 3229 und als synn junckher von Wyn¬
1553 3168 2501 3291 garttens frouw, Inne mit einem Dotzen
1516 3232 2480 3357 hanennd, dieselben synen schwegeren Alhie
2506 1053 2534 1120 3
2484 1117 2531 1172 g
