3024 4032
714 635 1241 813 Belles Stocfli
569 749 1455 952 Uff Mitwuchen vorgemeets mon
608 839 1439 1017 unnd Jars hat diser gegennwürdtigen
579 900 1446 1068 Petter Stöcke vonn Wydenn der kilchin
600 958 1443 1129 inwenege vorgedacht, innbywasenn
628 1017 1433 1181 zieuor unnd wolermelter herren, dise
582 1063 1444 1233 Nachvolgennde, schware hoche mithanden
604 1139 1425 1271 zu Marzili bekenndt unnd mit der
609 1212 1439 1364 Marter erhabentenn, vnnd bestattiget.
629 1327 1420 1486 Lamlichen, wie das sich vor etlichen
619 1428 1428 1535 singefloßnen jarenn, begabenn unnd
596 1496 1418 1599 zugethragenn, das voranzogung
617 1554 1421 1664 Hanns Grieß Annsstöckli ay den
602 1631 1431 1723 Daren traben Aechie Angreedt, vnnd
587 1676 1409 1792 gatten mit iinne in Schryber
575 1742 1421 1851 Grothenm huß ze gahn, dan er denst
605 1815 1414 1929 ein bryeff anngaben, Mit verma
584 1889 1411 1985 nen, nit zeeroffnen, noch ainzezeigen
599 1960 1423 2049 wie er heißte unnd so inne der schryl
605 2024 1420 2130 etwas fragenn werde, söllfer uit
592 2086 1417 2196 Allein Ja darzu sprachenn, Welliche
577 2153 1413 2258 imnne weder an lyb nach guthunth
586 2220 1410 2318 schaden werde, daruff er nun geme
558 2281 1386 2390 Grießenn uff synn ernhtig an jene
571 2342 1411 2463 jethan annhaltten uf einnacet ih
544 2415 1395 2533 Ireit solches sachen niemals vmb
568 2483 1396 2600 kommen, villminder gedacht geohin
567 2563 1380 2665 es reychen unnd gelangen wurde,
575 2622 1394 2745 gewielfahret unnd syent uff solche
579 2674 1392 2814 mit einanderen gegen gemeltse
554 2762 1394 2891 huß ganngen, wie sy nun in deseben
549 2814 1393 2982 Husgang kommen, habe Gris
574 2891 1385 3013 mit einem sytten wehr, (wyler
557 2968 1378 3098 ein stecken by imme sehapt) unn
561 3038 1371 3164 einem Manttell versechenn, Albe
319 3086 558 3217 und sbald
291 3110 1377 3282 Var, sy wee, uff solliches, zusen
535 3169 1364 3348 Schryber tun die stuben getratten
500 3239 1302 3450 Sprache Hanns Gryest, da ist
2423 577 2486 645 38
1548 623 2464 808 Heinrich Reemund stach dem innen aber
1583 706 2524 839 elanzognen faltschen, durch Hansen Grieß
1565 767 2475 921 ufgrichten bryeff vorglesen worden, unnd
1550 826 2453 974 deselbenn Annhalldt, aller Lenge nach
1538 902 2451 1037 Aunghördt unnd verstannden habe er¬
1563 949 2485 1102 men samen verlougnet, unnd sich an¬
1553 1012 2501 1158 tath Heinrich Reemundts dargestelldt,
1539 1086 2495 1231 unnd zu solcher sach selbs zagesprochenn
1527 1151 2431 1303 unnd habe haruff dem schryber Gonst
1544 1224 2493 1368 niemandt annderem) Alles das so der
1481 1300 2491 1435 verleßne begeff verne, zehaldten Inn
1535 1370 2469 1504 die handgloptn unnd allso leyder der
1489 1453 2414 1584 unnwarheit zugann gehabenn
1529 1534 2491 1659 Alls  nunsölliches alles, wie obstadt
1539 1598 2476 1725 verricht syent sy uß der stuben kommen
1506 1669 2503 1807 Da habe er denn Mandtell vnnd gweer¬
1526 1765 2524 1866 bemeltem Griesen, widrumb vberant¬
1506 1829 2508 1935 worttet vnnd denselben auch allsballd
2109 1896 2166 1948 ber
1507 1902 2514 2018 verlaßenn, Sye Imme auch von gemelte
1493 1973 2499 2083 Grie�en kein verheißung beschechen, habe
1531 2052 2450 2161 auch von Imnne weder wenig nach
1481 2122 2470 2233 Will empfangen, noch genostenn, dann er
1518 2196 2412 2288 nit annders vermeint, der uffgrichte
1523 2259 2469 2374 Argeff gan Gummenen ghörig, vnnd
1535 2329 2213 2453 dlliches ein vffrechte sach sye
1502 2450 2505 2596 uff sölliche er gedachten Hanns Grießen
1537 2549 2427 2658 und Petter Stöcklins, Hoche vnnd
1529 2625 2405 2730 hware mißhanndlungen, farsch vnnd
1522 2687 2449 2778 betrugenheit, habemit hochttnampt
1519 2764 2449 2866 myn in Herren unnd Aberen, schult
1491 2826 2434 2951 heiß, Racht vnnd Burger diser Coplichn
1512 2885 2328 3012 Statt Barn, by Iren Eyderin zu
1499 2940 2303 3086 Bacht erbeundt vnnd gesprochen
1549 3077 2431 3219 Disem Veter Stöbe ihst znn be¬
1661 3171 2446 3278 wachtung er sich ußs eyenfalt dahin
1650 3233 2430 3321 bereden Caspern dyn sonst verwinekt
1469 3224 1546 3337 E
1647 3285 2474 3370 lebenn, jedoch uff geschworen vrphed unnd
1651 3332 2476 3436 das er Humfürs ehrloß unnd wehrlohs
1652 3359 2346 3498 synn sölle, gestpencken worden etc.
2513 3174 2542 3224 1
