3024 4032
277 704 1173 903 Wythers zu Bumlingen habent sy
368 772 1180 940 einem keller Brath Käß unnd andere
357 818 808 943 assgewyßenthuckt
353 922 1152 1074 ferners habennt sy zu Schönbrunnen
363 989 1176 1137 glychergstallt ußeinem keller etwas
357 1040 973 1176 bißiger 1ys entfrombdeth
344 1129 1158 1293 Item zu worb us einem kellen lyn-
301 1208 1150 1362 Wadt unnd etwas kleideren gestolen,
378 1303 1156 1449 ytzer zu Ruffenacht habennt sy
351 1378 1166 1517 uß einem spycher zwen Hußtuchin
308 1432 965 1553 Wyberrock Vernnthrüwetl
335 1564 1136 1687 Letstlichen hater bekenndt, das er
339 1625 1139 1750 zu Fillbringen us einem spycher
351 1703 1129 1829 mit hilff syner gsellen, vier hus-
339 1775 1120 1883 teichin wyberrock sampt einem
321 1836 1146 1960 Schurletz par ermel entfrämbd und
347 1906 681 2014 gestolch habe
332 2013 1166 2119 Welliche Arttickel, ersampt, unnd
359 2091 1149 2188 sonnders als zu Anfangmel
338 2155 1140 2251 nucgeschechen. Widerrufft
350 2216 1055 2312 vnn syn unnsthmit aim
302 2272 1070 2379 den martter erhel erhaldten
476 2539 1140 2645 Dieer vetter Murer ist nit
502 2604 1127 2698 Rutenn ußgesprichenn dem
526 2649 1130 2741 Eydt für die gnünnen bruck
515 2707 1121 2790 gebenn, unnd ime ein catynische
520 2762 1068 2848 E vff den Rucken gebraht
982 2805 1120 2882 hrzes
1414 754 2115 908 ilhelm g Connin
1290 865 2192 1024 Ins und tags ouch in bywasen vorstadt
1318 961 2162 1079 hatt gegennwürtigen Wilhelm Monin
1321 1019 2189 1132 von Mümpellgarth, wellicer mit vorge
1322 1080 2228 1185 nemptem pëner murer gfenglich ynzogen
1325 1141 2174 1238 und von Lrlach allhar gebracht wohrden
1304 1192 2186 1315 nachuolgende, durch Inne befangne mißen
1313 1261 2210 1375 hatten glychermasen zu Märzili pynlich
1296 1328 2226 1431 bekenndt, vnnd mit dermarter bestenigeth
1285 1403 2108 1531 deß erstenn alls hienas viertharen mit
1311 1508 2134 1614 ynem stiefbruder vonn ihrem heimeth.
1268 1562 2146 1662 Inn dise lanndtzüchen wellen, habent sy
1290 1628 2145 1733 mnuhrer Nümpellgarth anfengelich mit
1316 1687 2158 1803 unst zemelden) ein aldt parschn vermu¬
1292 1760 1509 1849 schrüweth
1271 1880 2174 1993 geßglychen zu Egkingen ein nüw parschu.
1250 1945 2212 2068 unnd zu Antzingen, auch Bollothurner gepieths
1284 2015 2212 2128 mithilff syner gsellen, ein hochen hutt gestolen
1260 2075 2188 2184 derselbig gezuenn aber widerumb aber-
1248 2137 1581 2232 fagt worden,
1275 2247 2115 2370 denne zu Aggerkingen inn einer kuchen
1287 2303 2124 2412 ab der halen habe er ein bradtwürst.
1272 2376 2150 2473 Vnuersechtens genommen, dieselb in einem
1268 2415 1907 2534 hus gebracenn, vnnd genoßen
1223 2496 2182 2634 Item zu Bonwyl, ein ysenne Kettin ab einem
1275 2583 2119 2692 stuckhaltz geläßt. Dieselb einem schmidt
1269 2650 2131 2746 zu Kestennholtz vmb dry batzen verkaufft
1277 2718 2169 2832 eßglychenn daselbst mit hilff zweyer yner
1271 2774 1960 2887 gsellen ein brathsackennthuckt
1271 2857 2121 2977 Vernners mithilff zweyer syner gsellen
1281 2927 2113 3036 wo der ein zu erlach uß gfangenschafft
1277 2993 2146 3104 gebrochen, ob melchnouwein spycher goffneth
1247 3050 2135 3154 unnd darus 22 lynlachen enthragen, die
1280 3112 2193 3226 elben hin unnd wider verkaufft, sye imme aber
1266 3176 1682 3288 nitzit worhden etc.
