3024 4032
268 2341 516 2433 ab einer vnn
449 823 1423 1082 der liles Susg
572 1063 1346 1220 Mitwichen den i9 Augussi
563 1141 1304 1268 dis hinschwebenden 1607 Jars
556 1203 1373 1325 Inn bysyn anheren unnd gegenwürtigket
671 1253 1363 1380 Eherenuesten, fürnemen, wysen
572 1264 1373 1427 herren Barthlanme knechtl des khats
581 1362 1399 1517 Hanns Rudolff Dachselz ofers der Burgere
581 1423 1369 1532 Hanns Rudolff Steygers Grohwegbel
584 1482 1370 1596 ampt etlichen weyblen inhuer geherren
486 1674 1361 1784 Hat gegenwürtiger Hanns Schnyder
563 1741 1350 1824 von Biglen purtig, hienachuolgende
577 1790 1360 1882 chwere At ist handlungen, vnnd diebtäll
548 1849 1329 1940 zu Marzilli Bekennt, verzächen
576 1904 1328 1986 unnd hernach daselbst, mit der marcher
542 1958 1329 2060 erhalten unnd bestättiget wie volget
535 2049 1342 2221 Aigen vn des erten keberh
508 2186 1345 2288 Aielans von Wattenwyl ußsyner
519 2238 1373 2330 Schuren alhie ober vß neben dem Wythenbag
546 2294 1342 2391 gelegen, zwey beschlagne Reeder ver
561 2341 1365 2445 untruwget, wellche dann hernachuß
555 2400 1365 2527 gnem benelch zu ekmüt vkhonfft worden
948 2461 1122 2524 l
551 2510 764 2584 gegn
500 2607 1322 2723 ennre zu Kräggen der kilcheri
514 2679 1301 2783 Geri ouch ein behrslagnen hinderel
490 2728 1301 2830 gledig, nächtlicher wyl entfrömbdet
510 2795 1262 2885 jedochwyl er denselben synem
492 2849 1251 2948 vorhaben nach nitfertigen mögen
509 2902 1296 3005 habe er denselben vnueer dadanen
528 2964 1277 3065 tan lasten, wellcher dahar dem
500 2991 1327 3123 jenigen landtman er gesin widerumb
507 3099 764 3193 worden sye
1604 827 2354 934 eerners einem ynem Nachburen
1627 901 2400 993 anns Encgist genampt, so mit imme uf
1606 947 2379 1056 thun zugangen unnd daselbst übernacht
1624 997 2400 1087 legen, habe er imme im schlaff usn synem
1525 1046 2362 1156 seckel zwo eronen unnd achtbatzen
1525 1127 1849 1240 gestollen.
1570 1219 2336 1335 Item in habe er hienor fünff jaren
1608 1282 2416 1369 Peter kurtz von Bonwpyl synem gehapten
1552 1329 2384 1414 Meyster by nacht einzillige stierenhut
1619 1383 2366 1461 entfragen, nund soliche dem domallen
1615 1434 2367 1539 buhwirt zum Räblüchen allies ein
1598 1493 2384 1579 Sattler umb 1 lb pf verkhonfft jedorl
1610 1539 2411 1642 Hernach mit vermeltem synem meyster
1622 1598 2346 1702 als es klundt worden, derswegen
1618 1656 2119 1743 ein willen geschaffet
1568 1776 2455 1888 Sannothin nach dem er sich zum Hirtzen alhie
1541 1851 2433 1941 Vilmallen zugezogen, dahar er demselben
1556 1905 2422 1994 Wurch syner rechnung nach nocheronen
1598 1973 2470 2059 hergeltschuldig sye, habe er imme entzwüschen
1611 2010 2394 2105 ein halbbech verruckt, vnnd darzu ein
1613 2066 2438 2153 schermenhaffen, den er Hanns Schmützen
1607 2114 2460 2227 zu Gtzrüchi umb funff pfundt vnr setzt gestollen,
1610 2228 2421 2345 Uythers besagtem wirt zum kirtzen
1537 2305 2442 2389 War ouch Jacob Hartman dem Pfister allie
1606 2352 2416 2452 traffner wyb uf der Belppmacten jedem
1612 2412 2418 2506 sein schürli vollen boüw, darzu er kein
1598 2473 2438 2547 rechtibhan unnd nit syn, sonnders anderen
1607 2516 2435 2615 Landtluthen gsin, vmb benempte Sumen
1613 2569 2407 2663 elts verkhönfflichen hingeben, als aber
1608 2627 2433 2730 solches enterkt, sye imme dauon nütit
1598 2681 2411 2790 zugstelt worden, sonnders habe meher
1599 2733 2459 2849 anzogner Würt, mit dem jenigen vmb das
1619 2794 2464 2902 erschon uf das endtneweg gfüert einen
1539 2861 2111 2956 Willenschaffen müesen.
1540 2955 2334 3085 Demnachalser by Ir Geörg von
2403 799 2463 888 67.
