3024 4032
425 584 1328 806 Das fhüraungenth entzundt inmaßen das
465 682 1257 835 er bümetlich dauon kommen mögenn
368 736 1326 919 Dahar allso das ganntze hus zustrahlt und
440 824 1327 986 Annders, so darin gewesen, Samptetlichen
446 882 1314 1044 fruchtbaren bönmen, femmnerlich verzerde
453 951 1322 1138 unnd zu Staub unnd atschen verbrunnen,
403 1031 1315 1205 Vff seineiche syn des gedachten Hann
438 1139 1317 1294 Zwsen hoche vnnd schware mißhandlungen
443 1215 1284 1349 habemnt hochgenampt myn gh. Herren
434 1277 1262 1407 unnd aberen schuldtheis Rhatt unnd
400 1339 1284 1472 Burger dises koplichenn Statt Bernn.
389 1404 1282 1544 By iren eyden zu recht erkhenndt
426 1488 879 1596 unnd gesprachen,
475 1557 1326 1716 as man inne dem Gachrichter Be¬
426 1651 1322 1798 welchenn der inne obenntass uff gewonding
414 1712 1321 1863 Richstadt Burgen, vnnd Alldas von seine
447 1784 1289 1892 Ingendt wegenn, Das Houpt Ab¬
414 1857 1334 1964 schlachten und allso mit dem schwärdt
221 1914 1313 2032 läben zum todt nach keysperlichem rechtenn richtenn
402 1976 676 2083 Sollt tc.
1067 2210 1326 2317 Denn 1. ta
699 2202 1046 2324 uff Berusseg
744 2287 1324 2377 Eotobris 1605. ist digem kn
736 2340 1337 2433 Hirgenn vonn siner zugendt unnd
742 2396 1317 2495 villmaltiger fürrit wegen
734 2445 1327 2542 syin verwuck läben geschrct
728 2504 1325 2599 Jedoch zu einer Mardan durch
728 2561 1324 2644 den Nachmelter In der pfange
691 2600 1323 2718 schrffft mit ruten gefirmet wor
1333 966 1454 1083 Hans Schör
1669 643 2141 764 Hans Brönni
1471 652 2324 844 uff donerstag den 24. meyenmonat diss
1493 754 2385 889 ablauffennden 1605 jars inn bywäsen anhören
1482 807 2400 942 unnd erenwürttiekheitt der frommen für¬
1480 865 2353 989 nemmen ersammen wysen herren Gilgian im
1466 944 2377 1058 Hags des rahts Joseph Guon der burgerenn
1471 996 2330 1124 denndt Tcharnens grossweybels sampt
1494 1075 2314 1184 etlichen weyblenn myner gn. herren unnd
1448 1182 1589 1240 oberen
1448 1188 2383 1313 hat (gegenwürttigen) Hanns Brönni vey.
1458 1250 2397 1374 ceppett uss der amptyung Newis welliches hie¬
1457 1322 2374 1414 vor etlichenn tagen zuo Buochegg jn den hochenn¬
1485 1390 2412 1507 grichtes gfengklich ynnzogen unnd von hernach¬
1489 1449 2421 1551 vernempten begangnen diebstälen wägen mynes
1939 1509 2021 1552 diser
1483 1513 2382 1627 gn. herren unnd oberen der loplichen statt Bern
1484 1585 2419 1667 nach vermög den verthräwen mit lyb und guoth
1480 1638 2400 1742 zuor abhendt unnd daruf allhar gebracht wohrden
1469 1695 2419 1789 zuo Marzili sölliche syne begangnen missethaten
1431 1754 2419 1837 widerumb erzöffereth bekhendt verjächen unnd
1481 1815 2072 1905 mit der martter bestättigeth
1438 1884 2344 1997 Namblichen unnd des ersten alls er by
1474 1959 2390 2054 dem müller zu Alchenflü gedienet unnd das
1473 2015 2383 2111 klein guoth gehüttet habe jnne ein böse gesell¬
1474 2085 2388 2170 schafft uff dem velldt angethroffen die jmme an¬
1451 2143 2359 2231 fangs fürgehaltten was er nur arbeittenn
1405 2204 2368 2293 unnd dienen so er mit jnen vmbherzüchenn
1414 2262 2407 2345 werde er dessen nützit bedörffen damit jmme ewig
1460 2307 2357 2409 hoffnung gemacht wan er glychwol Nenn
1476 2373 2435 2485 missethatten wegen sölte ynzogen werde er doch
1465 2440 2373 2536 dessen nützit zuo entgeltten sonders syner Judent
1441 2500 2398 2592 zegemissen haben daruof er sich von jnen (leider)
1475 2569 2327 2682 bereeden lassen mit jnen vnnderschidenlich jn
1453 2620 2372 2729 dem landt vmbzergezogen vnnd nachuolgende
1442 2678 2365 2800 diebstäl darby er allwegen gsin helffen ver-
1463 2739 2309 2843 bringen daro er das ouch egeness unnd
1462 2793 1974 2895 theylhafft wohrden sye
1450 2869 2405 2994 dess ersten damit sy jr fürnemmen desta bass jn das
1449 2953 2392 3038 werck richten möchten habe er sampt anzognen
1455 3005 2359 3114 syner gsellschafft zuo herzogen buchsee einem
1463 3075 2343 3178 schlosser sächs dieterich vnversechens ennt¬
2080 3137 2348 3259 frömbdet
