3024 4032
590 720 1085 838 1215 M2
470 812 1261 934 ff Montag den 2. hottembris diß
527 899 1337 1015 s05 jars ihnn bysyn der froumen
470 918 1364 1073 fürnemmen ersammen unnd wyses herren
477 1003 1362 1132 Banndicht Marrenis des Rahts, danidt
489 1072 1351 1171 scharners Großweybels sampt etlichen
480 1113 1336 1206 Weyblen mynend g3 herren unnd aberen
474 1167 1356 1256 Ist Hanns Hirst ein junwer knab von Rüd
476 1217 1366 1314 licen, so durch herren vogt zu Laundtshun
488 1282 1327 1381 gefengelich allhar geschickt zu Marzil
485 1331 1344 1429 achsie martter exansiniert unnd den
499 1382 1349 1479 grundt den warheine uber hernachge¬
486 1439 1362 1542 schribne imme furgehalttne Arttickel
518 1491 1318 1598 anzuzeigen vermandt wohrdenn.
492 1606 1350 1736 warumb unnd uf was ursachen, er dath
511 1694 1334 1796 gubacheren dem wirth zu vrweenen.
527 1741 1392 1846 ynem gewaßnen meister synn hus unnd
515 1797 1370 1893 hemmb annbezundt unnd verbronte
526 1860 1386 1958 unnd ob er solliches fürsetzlicher wyßge¬
501 1918 1063 2025 than habt, leigtsan
494 2020 1377 2127 Alls er by ermeltem Bath Zubacher ge¬
507 2088 1401 2189 edienet habe syn sohn baundicht genampt
510 2140 1379 2245 inne allzyth mit ruchenschlegen und
537 2193 1404 2310 groben schelttworften uberfaren, allso und
523 2244 1393 2361 der gsfallt hunne sölliches lenger zeg
534 2302 1377 2411 dulden nit müglich gsin deswahen by
531 2358 1366 2460 ermelttem gubacher nit mer dienen
535 2408 1375 2518 sonnders einanderen meistersuchenn
537 2463 1405 2571 wellen, vnnd alls einmal das husuole
548 2524 1397 2650 alles uff dem valldt unnd jemanndts
528 2573 1377 2697 dan ein knab der des huses gehüttet
515 2645 1375 2782 daheimen gsin, sye er daryen ganngen
531 2694 1363 2848 ein liecht angezundt stundernung
557 2739 1383 2886 ine bleyden, welche zerrtröüwt im.
552 2808 1407 2940 Oberen gaden, (welches finster vnnd mit
539 2860 1415 2998 ein fänickter behan desfragen das
541 2918 1399 3073 brichenmmusen) belagen, gesuchenn
565 2978 1392 3134 unnd hinwag wellen, Vnnd alls er
542 3052 1404 3189 mit dem liecht vnndts das Bethei
531 3096 1400 3266 hambd herfürzeziechen geschloffenn. Sye
1505 647 2400 819 Allsballdt der strouwsack anngangen.
1529 698 2424 872 as für uff die furer bine geschlagen, also
1481 747 2468 942 das ser erschrockhen unnd demselben kein ent-
1533 834 2394 973 runnen mögen. Derwägen die klucht
1533 866 2462 1046 genommen, welches imme aber) dan von
1526 923 2449 1092 grundt seynes hertzenskeidt, vnnd sölliches
1538 981 2425 1148 Dheniswags fürsetzlicher wyß geschechen
1552 1140 1617 1214 hr
1561 1127 2437 1295 tem als bemelnes bath zubacher vonn
1556 1200 2482 1357 wägen das es imme zechenbatzen uß einem
1433 1197 1554 1319 4
1569 1264 2459 1403 einwerlin entfrombdet haben sol, inne
1542 1316 2501 1438 umb solchen fräutel bestrafft, er vermeltem
1552 1387 2456 1511 zubocher synem meistter gethrönnt und
1556 1433 2460 1583 gesprochen. Er welle im ein bozen byßen
1545 1496 2349 1630 dass er deßenn wol innen werde
1431 1552 2449 1685 Gipt er zu bescheydt, wol war siye das
1561 1625 2441 1732 is die vrbatzen entfrömbdet iumei.
1570 1679 2452 1797 nungein hut darumb ze kouffen, alls
1544 1735 2487 1858 fune aber syn meister daselbig fürge-
1558 1796 2474 1916 halltten, es deßen nit sab gsin, das er ihme
1554 1857 2426 1957 aber nach btschechner straff gethrönet
1545 1915 2412 2024 habensol, deßen ist erseit bekanndtlich
1534 1984 2367 2089 dan es solches nitmalen usgelaßenn.
1504 2081 2436 2219 Birtet ganntz frungenlich umb quatt
1876 2468 2010 2537 p
2030 2432 2371 2554 September
1828 2506 2244 2611 16o5 Jarr
1465 2577 1538 2693 A
1540 2569 2431 2705 Ist Hannns Wadtli uß der Amptyung
1569 2655 2496 2759 Arburg uff ein geschworenn Brechedt di
1592 2705 2477 2804 sr synem brder Caspar Werdtli niemehrmehr
1598 2760 2452 2858 wegenn ires vatters selligenn verlaßnenn guts
1480 2810 2471 2896 Eyll er Inne sehon under dryenn mallen us¬
1589 2865 2482 2963 unnd dauon abtoafft) nützit mehr vorderenn,
1568 2921 2454 3020 Amunten, Sonnders derwegenn vnnangetastet
1594 2973 2484 3053 verbeyhenn lassenn selle, oucb uff verspracher
1604 3008 2508 3128 unnd uffgewenne trostung uß gfanngenschafft
1574 3095 2150 3191 ledig gelagenn wordenn etc
