3024 4032
457 790 1311 961 niemals brnigen mögen, ab ert glychwol hen¬
458 873 1310 1017 rachetliche uerfrunden offtmalen deswegen
433 916 1311 1065 zu Fra gschickt, dazwuchen habe er sich leiden
449 994 1302 1128 mit einer annderen vergangen und allso ein
434 1058 1321 1208 Vnuechlich kinndtenzugeth daselbw empfang
446 1125 1292 1245 enn Ann gnem henneth touffenn lasenn.
415 1197 1313 1312 unnd von sölchen fälerswagen gebußt, dahan
447 1262 1318 1389 bedachte synn husfrauw ursach undenlas
448 1314 1328 1467 gesucht inne verruffen unnd scheidenzlagen,
443 1402 1304 1507 nnd als er sölliches vernommet, habe er nit
357 1460 1325 1575 Vermeindt, das es Comme lohne erlouptnus.
470 1533 1328 1655 mil schadens bringen, sollte sich anderfardt
431 1604 1279 1696 Zeuerechlichen vnndab glychwol, Sara
440 1656 1325 1785 DBlenntsch einer diennstmagk zu Pappellen
449 1728 1290 1833 die Eeh versprochen sölliche auch mit dem
432 1775 1275 1879 Vilchgang, daselbst bestättigen vnd dem
394 1863 1341 1972 würth zu worben unnher Cappelen funffschaft
452 1934 1329 2032 uff das hochzyth ze geben versprachen, so habe
457 1995 1325 2089 eit duch dieselbenschaff, dheiner vneehrlichen
455 2072 1283 2178 vyß bekommen, sonnders sy bruder zu
425 2138 1318 2228 Gurmeltz, so daselbst würter hab ihmme
1141 2191 1311 2239 euse
401 2210 1333 2308 dieselben zustellen, vnnd geben wollen, habe syn
412 2269 1329 2375 Abenlang niemandts mitzit verunthrint
453 2337 1271 2439 un ein zythlang zu Urber by heiren
377 2399 1331 2508 Vennergoll Hans Huncker dem schmidt unnd
389 2462 1305 2576 Letztlichenn by Bedern Abischer Im dienst
440 2512 1329 2650 gin, wan dieselben oder andere etwas mis
442 2599 1317 2717 handlungen von janne bezegenth, welle er sy
448 2701 844 2814 gernn enntgeltenn
424 2776 1317 2909 efinget umb gnadt unnd üiberalian
643 3047 1285 3149 5 ootobris 1605 farb
642 3102 1246 3219 Gstdiger Jeor hälffer
677 3145 1262 3235 Wyller verrufft wordenn
657 3184 1260 3311 vom statt unnd landt
983 3234 1263 3330 verwisenn
