3024 4032
105 2000 173 2100 1
475 773 1101 959 Janns e1s
172 881 1170 1109 Vf Meitwuchen denn 28 houwmones
302 988 1159 1155 Dißhenfließennden 1606 jars Fembi
290 1048 1155 1244 wäsenn annhören, vnnd gegenwurtig
292 1093 437 1175 keidt.
565 1146 1137 1277 Der erennesten frommen
235 1155 1145 1328 Furnemmen, fursichtigen, wysen herrn
273 1221 1147 1414 Jacob Ciociers des klegnen Rahts, Hann
268 1273 1136 1437 Rudolff Berchtolldts der Burgeren, dann
253 1340 1124 1497 Escharners Großweybells, samptetliche
269 1417 1134 1551 Weyblen iner gk herrenn, vnnd Aber¬
275 1545 1132 1696 Satshägenwurtiger Hanns Grieh
281 1617 1114 1745 vonn Barnischenn huß der amptyni
225 1666 1092 1788 Touppenn nachuolgennde hoche, vnnd
267 1727 1110 1866 schware mithandlung, Faltsch unnd
287 1808 1116 1925 betrugennheit zu Marzili bekenndt
288 1867 1093 1974 vnnd verzachen, ouch mit der Martter
276 1921 983 2051 erhaldtenn unnd bestöltiget.
258 2111 1075 2248 Camlichen Neeser ungfarlich
240 2194 1083 2300 vor acht oder nün faren ein lechen,
220 2258 1071 2362 huth zu Barnischen huß gelegen, vmbein
237 2319 1066 2428 Juma hallts könfflicher wyst an sich
236 2391 1075 2481 gebracht, unnd perlichen an bezalung.
208 2453 1073 2560 deßelbigen und .m pfennigen, erlegen
194 2511 1052 2625 unnd Abrichten michen. Diewyler
206 2589 1034 2687 aber kein gälrt niendert ankommen
212 2654 1049 2753 noch zeentleuen uff bringen mögenn.
192 2719 1047 2813 hale er sich leyder uß bößer anfachten
208 2784 1026 2870 so wyth vergäßenn, das er wund
169 2839 1041 2943 Grotzenn dem schryber Aelhie fnsi
211 2915 1029 3009 Inem hust ein faltsche bekanndtnus
175 2956 1030 3102 ungäbenn, deß innhaldts, alls ob sich
160 3045 1030 3147 Heirich Reemund zu Gumment
172 3090 1029 3220 erkenndt, wie das er imnne Gr
153 3157 1018 3290 sechs muth dunkellguelt, ab inem s
171 3232 1017 3373 umb sechshundert pfund pfeninge
126 3281 1017 3412 darumb er auch vernugt und bezallen
119 3351 1007 3529 hingaben unnd verkoufft habe, sun
592 3490 837 3571 kinden unnd
936 3467 1003 3575 s
124 3537 908 3633 vnnd Aber mit ville der, Ich waren
87 3601 741 3704 haltung beladenn gsynn.
1245 738 2133 876 damit er nun hollich synn falsch furnemen
1246 811 2091 962 deto has fun dass werck, richten nöge,
1255 858 2099 994 habe er gegenwürttigenn Petter Stöckli
1253 900 2125 1042 vonn nydenn by dem baren grabenn
1220 973 2192 1097 Allhit anngetroffen, denselben Annkeerdt
1230 1038 2196 1157 vnnd gepattenn, Mit Ime znn Schryber¬
1217 1106 2190 1223 Grothen huß, allda er ein bryeff angaben
1222 1177 2160 1314 heganm mit vermelden, so der schryber.
1223 1258 2182 1360 nnne denselben vorlasenn, vnd darüber
1225 1311 2157 1407 etwas befragenn werde solle, er allwegen
1195 1366 2183 1494 Ja darzusprachenn, vnnd derglychen thun
1213 1439 2049 1557 Allsoter dehen wol zefriden sie
1205 1510 2154 1623 mit vertristung, hölliches imne keinen
1224 1585 2142 1681 hadenn nach nachtheyl bringen werde
1207 1646 2035 1725 unnd nach dem sich bemelter Störklen
1200 1701 2101 1813 ohne das er von dem betrug gewust
1205 1777 2104 1886 ich dahin beweeden laßen, Syent sy alls
1199 1842 2164 1946 bared zu offtgemeitem schryber Grotzen
1205 1898 2173 2021 gegangenn, der dan anfengklich gefragt
1194 1961 2144 2079 ob das Heinrich Reemundsye habe Stöckli
1184 2037 2096 2153 falschlich ha geanntworttet, haruff er
1187 2094 1996 2195 inen den bryeht vorgläsen, vnnd
1172 2155 2093 2264 Grotzenn Meidtli nach dem Herren be¬
1195 2225 2029 2329 iler geschicft wordenn wellicher
1148 2291 2095 2392 Domals in vilbemelts grothen stuben
1135 2365 2074 2476 Die glüptnus von inen beyden uffge¬
1172 2420 2131 2524 nommen, vnnd empfangen Alls ernun
1144 2487 2130 2596 dennselben von dem schryber unnd Esigler
1153 2548 2111 2660 geloßt, habe er solchenn Philix Weerdt¬
1154 2612 2094 2722 mullern vberhabenn, Ennne ouch hie¬
1154 2679 2090 2764 mit bevolchen, fallt daruff zuentleuen.
1157 2746 2062 2834 ach oder aber zeuertouffen, Allso se
1145 2807 2025 2902 Einne hiemit vonn herren Niceans
1136 2869 2101 2977 Gatschet demeliteren, funffhundert
1144 2941 2100 3039 Pfund pf, daruff gelichen worden, Davon
1147 3003 2097 3104 aber störbli einichen pfening nit empfangen.
1144 3052 2004 3161 noch genosen, Sownders derselb she vß
1144 3127 2061 3234 einaolt, duch Inne Grießen zu diser
1107 3198 1965 3309 Leydigen hatt bereedt wordenn,
1078 3299 2061 3415 Eelstlichenn hat er auch bekendt, wbie das er
1130 3383 2095 3470 unnderschidenlichenn versong, ihnder miner ge
1114 3438 2069 3500 herrenn unnd oberenn satzung etliche pech unnd
1127 3485 2077 3569 depfänder für fry eidig eigen ynngsetzt und
1103 3528 2033 3620 verschribenn, die doch vorheim anderen schwärlich
1126 3579 2043 3684 versetzt, vnnd Geladen syendt Alß das die¬
1139 3637 2055 3754 elben, Ine daruff entlendte zummen, Ver¬
1119 3707 1456 3785 lieren mußen,
