3024 4032
1284 716 1395 788 ken
968 684 1465 862 and he en gen
642 743 1490 946 die handt uf der achstel ghan, das er z d
652 837 1486 1007 gsprochen, wan er sy einem egrosen
665 894 1489 1049 herrnn und Fürsten syn, wurde er wolen
581 913 1480 1109 geachtet und roch werden, er habe e
631 1004 1491 1160 In irem abscheidt, onel ein duerten
616 1072 1465 1210 für syn m�lig geben, deßen aberli
670 1116 1489 1294 melter mr snrd hernach garse
643 1182 1482 1349 content gsin, solls sy nun widerumg
628 1238 1470 1401 Bätterlingen kommen und er den
651 1307 1482 1457 glägenheit anderstwo nachzüehen wellen
641 1383 1491 1519 habe imme mr wild, dasgheing kunt
640 1425 1448 1567 stuck und strubwerken  vyhand kin
659 1502 1479 1614 nempt uff syn begeren hi zngestellen
643 1544 1486 1679 erdann hernach zu rosana un
397 1631 625 1696 er sye alsso dann
653 1614 1488 1743 bffendtlich gezeigt und aber nit gwüß
406 1667 631 1730 uf Brevobles
664 1678 1482 1806 vor zu höleles gedienen möchte
409 1715 616 1770 alda wrin
417 1754 625 1807 chul zeherie
638 1738 1488 1855 vermeint. Diewyl er hienor offmale
401 1785 634 1833 wyl eranntangn.
397 1801 1490 1917 ghan genff darnan ghört, fölliches den schloserem
413 1847 598 1899 schulden weg.
397 1856 1494 1972 nit kommend zu ethlichen künsten ernorderlich und mi
405 1911 641 1969 örffen zugezo
400 1922 1489 2042 gen und söllch feehen syn wurde uf des end und keiner
404 1977 665 2031 turkhernachby
398 2021 1485 2097 imre zu heanderen bösen meinung hin, habee
395 2049 670 2108 befunden daher
395 2085 1261 2172 ergfengklich es ouch empfangen, ma
403 2122 658 2188 nzigen nadh
560 2164 1380 2299 215.
584 2388 1479 2508 Ein gagenthsih oftgemesten
627 2479 1488 2586 gider Tissot in syner verantworen
560 2532 1491 2653 enerstag geben. Wie das er vorgedachen
582 2610 1474 2721 te Hi Ruthoit xmds schon
436 2671 1489 2761 hienor als er zu Eerne unner Nüner
601 2717 1495 2837 Burg gewonet erkent habe, der sehbigche
565 2784 1485 2906 Ime somals fylen gehauwen, und nach
589 2848 1482 2973 dem er letztlich zu Bätterlingende
545 2918 1467 3024 stattethliche rüstungen gesubert und
588 2965 1480 3106 gebuht, syendt sy widerumb in kin
556 3022 1484 3157 schafft gerhaten, also das er ine gepären
570 3065 1479 3218 er wehle sich mit imme alhar hnie
532 3126 1477 3283 verfügenn, dann er dem herrn d
569 3204 1478 3347 meister Gachselhoffer und anderen
2418 680 2500 739 55.
1612 732 2536 895 herren diser statt, das schenigen imme
1620 815 2521 931 benolch ein modell zu dem buw zu
1596 873 2545 998 Perter dienstlich zubringen, welle
1612 938 2529 1054 und als dine beuor durch den herrin
1562 968 2571 1133 on corsier angemutet worden, wyl synd
1647 1038 2549 1180 zwecher dem herrn von Wättenwwyl
1596 1095 2569 1247 Im burgundt syn schloß ethlicher mahen
1611 1155 2568 1267 geplünderet wordenn und er vorhabens
1603 1210 2563 1362 Aein vollbengg daselbstmachen ze lasen
1606 1262 2560 1385 sölle er m phlid ime darzu ein jonmm
1573 1332 2542 1447 nd vieierung zubringen, da habe er
1583 1385 2572 1532 Imme Brudi angemuttet sich mit zur
1622 1462 2568 1569 dahin ze begeden, als sy nun gan cosns
1628 1530 2573 1630 ankommen, habe der wrycher daselbst syh mit
1629 1591 2547 1694 einer milrih gan Ehastian Wikleinge
1623 1647 2519 1767 schickt uff der straß, möchte er wohl zu
1617 1720 2542 1828 imme mr anthoim gredt haben, das der
1608 1791 2538 1899 von Cochul nit zum besten gemeinet,
1563 1853 2541 1962 der ossehbag sye aber darumb beschechen,
1552 1915 2568 2032 Das er sy zu dem von Wättenwyl synem
1585 1983 2554 2084 schwecher gesendt, wie ouch das er ime
1602 2033 2566 2145 ehliche syner sachen, so er noch zuvor daselbst
1618 2093 2550 2213 zu Thil verwart ghan, verenderet, wie
1630 2157 2522 2240 ynnn an einen morgen umb die 10
1502 2212 2511 2322 r zu Shastran Mitlam angelangt
1629 2272 2569 2365 und morndes widerumb verreyset habe
1612 2337 2571 2438 er darzwüschen mit dem von Wettenwyl
1531 2331 1592 2443 .
1571 2411 2570 2507 synen sohn, noch anderen mitzit heimlichs
1618 2458 2563 2547 als er aber verdacht mit conferiert vill.
1619 2523 2578 2605 ier inn einem sonderbaren gmach ei¬
1577 2594 2556 2683 zigeked gehalten, sonders Inn dem selbigen
1616 2639 2557 2720 der fürgemommnen unalbruck modehl dem
1602 2698 2581 2786 gantzen hoffgsindt fürgezeigt, das er über
1600 2746 2569 2832 hernach zu vilgeselten mr Ruthome
1604 2800 2538 2897 gredt, die Statt deuff sye gegen dem
1571 2852 2568 2967 Des zum schweshisten und welte er die pfal
1598 2915 2578 3025 lychtlich ußbringen mögen, sy nitminder
1607 2978 2581 3081 dan das er der glychen wortt in einene
1638 3040 2566 3131 himpff hete mögen louffen lasen, sölliches
1616 3091 2583 3191 se aber keiner böser infention nit beschechen
1634 3154 2554 3245 nist vermeine erwoll, mit gotteshilff
1594 3202 2556 3300 der glychen sachen (wo von nöthen) mit
1611 3269 2546 3361 sonderbarete instrumenten schiffen unnd
