3024 4032
346 747 1193 888 Werners haber zu Aysach, ein schlechten i
356 792 1161 913 dener zu Burctorff umb funff batzen
344 844 1190 987 kaufft, denne ein hunt, den er ynem gsen
354 892 1113 1007 gheben uff einem hoff glych daselbst
353 937 652 1031 senntragen
331 998 1124 1114 Item ein will in part hosen, das imme
338 1071 1137 1167 widerumb abgezagt worden genommen.
313 1098 1178 1260 zu kilchberg in dem wirthshus ein wuli
359 1167 1156 1285 par haßen sampt einem argoüwer hint
281 1209 1152 1321 zu weyden ein höchen hutt so Ime wide¬
362 1269 1004 1366 rumb abgezagt worden genomen,
298 1311 1166 1439 Damit im Krauchtal habe es auch ein wüllin var
314 1367 1169 1498 hoßen vnnd Tschoppen entzuckt, ob wellich
329 1406 1130 1549 hatt er aber bezogen wohrden. dergstalt
305 1475 1105 1576 das er solche zwey stuck auch widerumb
335 1527 860 1633 mußen von handen Laßen
298 1582 1156 1714 Item zu Riedt by Frouwenbrinnen, ein wollin
322 1653 1107 1754 par hosen, deßglychen by Hubingen, mit
332 1712 1155 1823 hilff synes osellen 1 par ermel zwasippe
343 1774 1157 1877 gestohlen, dieselben zu Zuchwyl, vmb xybath
333 1821 1151 1958 verkaufft, dauon ime in batzen worden,
293 1884 1135 2015 Maer inn einem darff ab arwangenn ein
277 1967 1096 2070 Weyberschürlitz, wellicher synem gsellenn
326 2011 1145 2125 verbliben unnd ein wyß par köntsch hosen.
278 2084 1126 2171 Die inen aber widerumb abertagt worden.
299 2126 1128 2222 zu Melchnaua zewyber Hembdli von einet
221 2186 1124 2288 Wosts, denne unhers da dannet ein wer
269 2234 1111 2348 daruserzeihen bathen erläßt und zu Rogg
283 2300 1054 2386 wyl auch ein wzeen mit einem köniren
296 2352 1106 2452 Hopff, so ime unbatzen galten gestolenn.
272 2417 1083 2526 Irem zu Arburg habe er mit hilff synes
296 2491 1122 2576 gsellen ein parwyberstiffel, dach ein mans
296 2548 1097 2633 hembdentragen unnd syent diestiffell
337 2600 1073 2698 ines gsellen dirnen zugstelt worden.
266 2671 1116 2778 zu Hägendorff Sallathurner gepiettn, ein
232 2739 1101 2837 Trucken wybertüchli sampt einem gruß
280 2794 615 2880 tuch ennthuckt
244 2827 1083 2964 denne sohabennt, sy im stein by Aschiand
252 2919 1104 3014 Sollashurner gepietts. Zwey hembder(dem
278 2980 1107 3072 nach ein hohenhutt, welches Inen zuzuch
217 3044 992 3144 Wyl peij batzen galten einthragen
2186 723 2230 767 26
1276 756 2208 899 deßglychen inn den hachengrichten einem kramer
1294 816 2250 939 dry ellen schürlitz unnd in einem anderen Dorff
1300 884 2163 980 Ein hutt vnnd zu Oberwyl, zweihembden
1327 925 2220 1034 ampt einem par zwilch hasenn, entfrömbdeth
1236 996 2192 1135 Zu Sollathurn inn der stag zwey parheütschen
1313 1058 2198 1172 unnd ein gelspar glißmeth strumpff erwüstscht
1285 1129 2251 1247 zu Tschalnnen ein kippen unnd ein aynlachen
1328 1196 2151 1278 enomen unnd umb siben latzen. verkaufft
1319 1255 2178 1366 zu aimpach ein par wyberstiffelt genomen
1325 1319 1829 1409 darußf vierbatzen erlaßte
1307 1378 2224 1478 erner zu Bieltun der mul hab er ein fleinen
1202 1446 2206 1546 chappen inn wellichem ein guthen theyl gelts
1304 1505 2236 1606 ise enntragen unnd alsman imenachgeylt.
1292 1543 2187 1669 hab er denselben fallen laßen. Das Ime allso
1309 1606 1727 1698 mitzit danon worden,
1304 1664 2116 1778 Istei zu Wallperscwyl uß des Meyers hus
1300 1726 2151 1833 zweymanshembdett ein par Länntsch hosen
1295 1797 2171 1879 vnd ein Tchoppen enthufft, die hosen vmb Sech
1282 1837 2143 1930 Zechen bathen. vnnd die Hembder Jedes vmb
1292 1883 1657 1965 in batzen verkoufft
1226 1957 2167 2059 zu Diesbach by Buren, ein wyberroff dauon
1229 2019 2185 2121 Imme pein batzen worden zu Kaluach sidt dem
1279 2078 2116 2181 Herpst ein gembdli ein parschuentragen.
1253 2124 2171 2236 das ihnen aber im spial zu Arberg aber-
1247 2179 1572 2269 sagt wordenn.
1253 2236 2175 2369 denne in einem darff by Arberg unnderriedt
1277 2316 2223 2418 genempt einem knecht ein schwartzen manttel
1265 2357 2178 2472 gestahlen, syn gsell habe inde aber yn theyen
1274 2418 2146 2532 an demselbigen manttell, der glych auch
1254 2467 2161 2580 hernachaan einem annderen, den sy zu Ziegel¬
1279 2528 2119 2644 nedt sampt einem sythen weer entwenndt.
1265 2580 1755 2682 mit wilen abgeweumen
1208 2639 2171 2748 Wythers zu Bundtkonen ein par hosen zu ste
1243 2702 2187 2815 darff einem landtman emn schlaff den seckel
1240 2762 2140 2862 unnd syn wheer dauon imme siben batzen shn
1255 2814 2171 2918 gellt verlangeth unnd zu Munchen Ruchsti
1254 2864 2121 2981 im kalbfäl, Daruß sy zu Frienisperg
1235 2916 1858 3019 viele guldt erläßt enntzuckt.
1206 2967 2137 3097 Item by der Lannderen, inn einem dorff us
1250 3049 2056 3126 inem Keller. Dry kesen eintragenn
1242 3109 2106 3201 en einen genoßen, die übrigen zwen inn
1238 3159 1816 3261 ein schuren gehallten habe,
