5472 7296
817 4636 1044 4803 alsbald
1133 1598 2687 1868 merge Erlach von Jenigen, In dem dien
1169 1679 1212 1784 1
1157 1732 2655 1978 selbige schon vorzeichen und mehr jahren
1139 1848 2651 2126 In ungehorsamme und schnöder verachtung
1135 1963 2639 2272 deß h. worts und gebotten gotten, sich
1145 2063 2630 2333 durch die strik deß leidigen Satans, In¬
1145 2187 2665 2487 disem schandtlichen laster rever, der
1140 2292 2649 2584 buren und unzeicht hat umbher zechen
2578 2480 2619 2572 .
1160 2439 2557 2683 vnd Schleipffen laßen, vnd von deß¬
1170 2556 2650 2800 wegen albereit vor 8 jahren ao 1657.
1147 2706 2659 2967 Im october alhier zu dern wegen einer
1135 2785 2634 3074 fergebend mit einem annoch vnbekan¬
1138 2934 2642 3204 ten Peter Meyer von Sanen vnehelich
1173 3046 2605 3332 erzeügeten kindts in banden und
1153 3182 2650 3430 gefangenschafft gewesen, vnd im Oberen
1168 3312 2589 3535 Spittal, mit dem darmessen gefellt
1173 3447 2607 3658 doch aber auß sonderbaren gnaden
1165 3559 2668 3794 mit einer scharpffen censur uff
1143 3708 2664 3920 verhoffte beßerung ledig gelaßen worden
1184 3915 1346 4022 n.
1126 4040 2669 4279 solche gantz gnedige Vätterliche zuchtigung
1168 4200 2633 4368 und ernstliche warnung aber hat bey
1145 4299 2613 4485 Iren leider anderst nicht frechten
1169 4430 2568 4606 mögen, alls daß sy das schandtliche
1154 4524 2533 4724 b�se laster rever, der huren und
2589 4700 2650 4792 .
1168 4652 2600 4857 Ehebruchs widrumb angefangen zu
1168 4764 2580 4960 treiben, alwo sy es zu vor gelaßen.
1153 4897 2582 5096 hatte, und also sich demselben und
1144 5032 2662 5219 dem leidigen müeßiggang gentzlich
1153 5150 2674 5331 ergeben: Wie dan dieselbe in der
1140 5270 2672 5482 vergicht, der jüngst zu wachselwald
1123 5402 2525 5599 hingerichten bösen landts wienen
1128 5530 2640 5731 Catrin dankhuser mit umbstenden
1122 5669 2501 5860 angeben und beschriben worden.
1061 5818 2665 6072 Als habend mein gnedig herren vnd
1090 5991 2620 6172 oberen von tragenden oberkeitlichen
1084 6106 2699 6306 Ampts wegen, durch dero anordnung
2758 4963 2843 5070 2.
2755 5709 2856 5830 3.
2775 4111 2864 4236 1.
2989 2310 3116 2499 a
4558 1512 4695 1645 47
3126 1594 4617 1804 und bemelden auff sy achten geworsamlich
3143 1728 4668 1861 egreiffen und gefengklich alhar füehren
3129 1866 4609 1999 laßen, und ist volgends auff hochgedacht
3134 1940 4641 2087 Ir Gndt, als meiner gnedigen herrn
3146 2030 4777 2197 Vnd Oberen beuelich den 10. 16. vnd etlich
3125 2145 4657 2332 der volgenden Tagen, Jungst verschmie¬
3150 2265 4738 2442 nen Meymonats, durch die hochgeachten
3140 2390 4727 2588 ehrenuesten kommen fürnemmen, für
3150 2491 4803 2673 sichtigen und weysen herren Hen. Nielins
3139 2622 4661 2804 Sultzer, deß kleinen nachts
3139 2736 4816 2921 In beysein hern alten vogts beat Fischers
3128 2862 4581 3047 Hn. Johanns Anthoni Kilchbergers
3122 2981 4598 3184 Großweibels, Junckhen. Sammels
3128 3095 4705 3289 von Wattenwyl hrn. Niclaus Dachsel¬
3106 3220 4572 3415 Hofers all deß großen rahts diser
3124 3337 4718 3553 Statt Bern, auch etlicher In Gut, die¬
3123 3442 4794 3652 neren und weiblen, so wol ernstwortig
4713 3597 4758 3747 o
3126 3580 4714 3745 als auch hernach und entlich durch pein¬
3127 3697 4560 3870 liche marter examinirt und gefekt
3557 3815 4657 4000 Die hat nun bekent, wie
3120 3850 3552 3963 worden.
3113 3953 3410 4152 volget:
3028 4075 4724 4312 rfflichen, als sy vor ohngefehrd 10 jahren
3142 4245 4860 4422 alhier zu Bern bim weißen, wenn sich be
3065 4325 4789 4539 funden, habe sy sich mit einem gwüßen
3111 4461 4787 4676 man darin genant, daselbsten in unzucht
3123 4612 4054 4774 und ehebruch vertrabt.
3376 4772 4040 4929 weder seit grosche
3109 4887 4768 5106 Item als vor ohngeferd 10 jahren.
3133 5039 4793 5204 als sy noch im schlegweg gedient, habe
3132 5146 4674 5350 sy bey Hansen kinder einem jungen
3108 5288 4631 5462 Scheman im Jaßbach, sich etliche mahl
3100 5395 4176 5605 In ehebruch vergeßen.
3091 5585 4776 5852 und das umb gleiche zeit, mit hansen
3100 5751 4837 5974 lauwer einem jungen knecht, so uff
3105 5881 4797 6126 obersald gedent und dißmahl am kurtzen,
3113 6007 4730 6227 berg wohnen soll, habe sy sich auch nachts
3102 6096 4713 6323 auff einer kune, in fleischlicher Vnzucht
3107 6267 3647 6437 vergriffen.
