5472 7296
1002 1431 1165 1606 36.
1425 1421 2673 1714 Hans Hartman Heüßler.
1661 1599 2312 1806 von Lentzburg
1598 1673 1670 1778 d
1319 1744 2809 2018 Iher ist auß der vorgrichtlichen gefangen.
1216 1896 2805 2135 schafft hinauß in furn gesetzt worden.
1133 2011 2839 2274 wegen hartnekiger Verlaugnung fleis
1355 2120 2821 2304 licher vermischung mit Susanna Stadler
1359 2220 2822 2414 von Birwyl und volgends den 9. mart
1339 2337 2781 2519 1657 auß mihr und oberen beneliben
1322 2439 2817 2643 durch meinen hochgeehrten herrn Niclach
1344 2551 2800 2780 Gatschet deß kleinen rahts, in beysein
2223 2655 2351 2775 pa
1362 2686 2717 2915 Den: Großweibels von Lanternome
1345 2819 2757 3019 hierüber ernstwirtig examinet
1349 2928 2805 3132 worden, weillen sy Schwancheren leibs
1373 3030 2768 3226 er aber wieder der theuersprechung
1368 3163 2784 3372 noch deß Kindtshalber, keines wegs
1350 3271 2226 3492 bekantlich sein wöllen.
1726 3355 2469 3502 brot vortreten worden.
1811 3476 2119 3631 mitt er e
1734 3576 2314 3758 tgerwerkt wordt se
1561 3744 1604 3820 e
1788 3702 2520 3854 ervenhart von cristissim
1501 3840 1587 3951 r
1750 3820 2423 4001 vehr die gethen
2068 3960 2508 4113 ar
2199 4078 2477 4216 teure
1688 4441 2518 4622 fbar beten tag hert
1360 4565 2646 4917 Scillaume Bonn¬
1354 4905 1480 5001 d
1614 4851 2543 5065 10tr ein verdächtiger
1623 4968 2417 5181 Faltscher Meiniger
1371 5126 2836 5391 Diser, so außem wallis gepiet zu sein an
1399 5295 2833 5488 gegeben, ist vor etwas tagen von einte
1381 5417 2837 5611 gewarsamlich alhar gefuert, vnd vol¬
1358 5479 2824 5728 gends wegen er im verdacht haltschen
1398 5633 2833 5895 nung gemacht, vnd In das landt geschlechen
1391 5735 2822 6002 zu haben, auff mehren, nachts bemelch, der
1389 5835 2823 6082 meinen hochgeehrten herren Niclaus sul
1370 5957 2805 6209 eher deß alleinen rahts in beysein
1383 6070 2796 6361 rn. Großw von Lanternow irn
3082 1587 3200 1713 e
3079 1687 3229 1845 .
4598 1454 4715 1588 33
4683 1476 4765 1596 d
3273 1556 4767 1770 Sebastian von Lauternow Sittalmeisters
3225 1698 4799 1847 Von der Nurenstatt vnd hrn. Jacob Jenners
3234 1803 4760 1954 deß großen nachts ernstwortig examinirt.
3268 1874 4709 2035 worden, vnd hat derselbig, neben demme,
3260 1980 4840 2144 was die seinthalber von vnns alhar geschikte
3248 2080 4805 2242 procedus sub 7. martii jungsthin vermögen.
3242 2182 4804 2364 deß substänzlichen inhalts, daß er gantz nicht
3240 2280 4817 2447 der ermeipalen einer, sonder mir etwas
3240 2390 4800 2570 wenig zeit vor seiner gefangenschafft, In
3241 2495 4807 2651 einem wirtshauß zu Metsch im Burgend
3236 2608 4835 2796 unnerhoffter weyb under ire der haltschen
3229 2734 4824 2906 Munderen gesellschafft komen, alwo der
3262 2839 4812 3022 einte derselben, namens Charter Presat
3252 2955 4845 3146 zu bezalung der Vrin etliche halbe conps¬
3262 3087 4733 3253 blanck, vnd zunffbatler Berngepracht
3226 3162 4893 3433 herfur gezogen, welche Inne sehr schön gedunkt,
3243 3299 4822 3524 darüber diser presat zu imme gesagt, so er
3260 3441 4843 3621 wolte keinen mund halten wolte er
3244 3540 4857 3735 ihn an ein ort mehren, da er etwas sehen
3251 3654 4938 3838 wurde, wie man dise species machen kont
3169 3764 4889 3975 Darauff er mit demselben auß obgedüten
3243 3879 4857 4089 dorff unfehr in ein wald gegangene da¬
3284 3988 4823 4179 selbsten hinder einer Fluch, die Jenigen
3225 4104 4784 4323 In obanzogner Verzicht vnd procedur
3240 4218 4889 4446 genanten haltschen munger angetroffen.
3266 4366 4935 4563 welche zum mit Lupfer oder Mosch geschmeltzt
3230 4481 4909 4684 holemne mödel von reiner aschen gefelt die
3265 4597 4894 4787 sorten darein getruckt und also mit gedacht
3242 4713 4872 4912 der materia die diken vnd daher gegoßen
3254 4836 4841 5029 se aber habe darzu nit geholffen, sonder sy
3238 4934 4821 5134 habind imme von den mur gegoßnen sorten.
3248 5060 4844 5233 bey. 7. oder 8. stuken gegeben, welche er her¬
3252 5171 4865 5350 nach zu unns für gut habe außgeben wolle,
3252 5267 4814 5472 und einzig die ursach seyen, daß er also
3239 5406 4489 5592 gefencklich ergriffen worden.
3206 5533 4874 5726 Weiters habe er laut anzogner seiner Ver¬
3220 5637 4925 5827 gicht von Minis vor etwas zeits zwar einem
3278 5754 4786 5896 seiner nachbauren in wollis, reuer, ein
3222 5849 4764 6026 stueter entfrömbdet, jedoch weillen er
3253 5955 4858 6107 entdekt worden, demselben ein anderbro
3239 6041 4780 6281 zustellen, vnd dem hein Amptsman dort
3248 6181 4536 6362 ein große buß bezalen müeßen.
