5472 7296
997 1393 1096 1548 2
1321 1463 2910 1743 gesehen, vnd auch die nachgeburt anze
1336 1612 2917 1819 ort verschaffet habend, und sey also mit
1357 1732 2930 1936 solcher genißt ehrlich umbgangen und
1363 1844 2920 2051 zwar auch noch ein Ire nachbenem be¬
1316 1939 2898 2182 bschikt, die aber zu spaht kommen, vnd schon
1353 2058 2827 2257 alles fürüber gsin, sy aber in großer
1319 2169 2875 2369 Frecht, vnd Anmer gelegen, Im selben
1316 2280 2898 2471 das kindt eingewigklet, und vnder
1339 2377 2898 2613 ein webergestell gelegt, Jedoch auff
1316 2517 2862 2755 kein böst undt hin, sonder weillen
1336 2645 2877 2882 sonst kein andrer klag daherumb ge
1349 2764 2867 2980 wesen, und werde sich nit erfunden,
1314 2870 2933 3093 daß sy micherley tranker noch arm
1342 2982 2940 3178 ween gebraucht das kind unzeitig.
1316 3127 2124 3303 von ir zu treiben.
1298 3232 2925 3470 Item befragt warumb dan das todter
1308 3347 2840 3580 gefundne kind an der stirnen ein
1326 3444 2933 3648 masen gehebt, vnd darneben sonst auch
1315 3549 2938 3775 übel beschaffen gsin, antwort sy könn
1317 3647 2943 3845 hierüber kein bericht geben, sy habe daßel
1311 3772 2926 3982 big durch auß wol zu versorgen begert und
1314 3908 2908 4097 In gemein, seye sy an deßelben todt gantz
1314 3988 2944 4238 und gar kein schuldt noch Vrsachen, das vnd
1320 4091 2872 4296 anders was sy geredt vnd furgeben
1304 4217 2927 4430 wolle sy erhalten, auff was form Iren
1291 4318 2736 4548 Imer wurde angemutet wurde
1293 4457 2952 4687 hat also ungeacht angetrawter Marter.
1303 4576 2917 4792 anders noch weiters mit bekennen
1298 4687 2951 4887 wollen, sonder mit hocher vnd vilfal¬
1304 4805 2934 5045 tiger bethuirrung Irer Vnschuld, auff
1296 4932 2934 5141 dem einen vnd anderen besonndig ver¬
1250 5110 1624 5307 harret.
2041 5115 2274 5296 s
2341 5190 2444 5279 ot
2046 5274 2706 5449 oher von der
2130 5424 2490 5585 vorwieden
2371 5564 2744 5705 wler vor
2563 6313 2754 6465 verk
4789 1441 4871 1586 3
3357 1512 4394 1726 Jacob Stuti von
3523 1677 4386 1845 dienetingen
3306 1686 3386 1891 d
3160 1806 3225 1878 e
3138 1808 4843 2041 Als derselbige vor etwas tagen, von Fra¬
3243 1977 4821 2112 venCapelen gefengklich vnd gewart
3160 2078 4827 2253 samlich alhar gebracht, In die Oberr ge¬
3228 2181 4839 2380 fangenschafft gelegt und volgends den
3216 2285 4766 2443 10. und 16. Decembris 1656 durch
3205 2395 4842 2593 meinen hochgeehrten herren Carolum
3213 2521 4778 2721 von Bonstetten verordneten herren
3221 2643 4834 2839 examinatorn vom kleinen Raht, in
3210 2757 4890 3001 beysein hern alten vogt Durecheins und
3217 2884 4977 3079 Herr Großweib von Lauternar zum ersten,
3231 2997 4910 3188 Vnd dan den Berongin von Erlach herrn
3204 3119 4902 3329 zu Riggisperg, zum anderen mahl der
3225 3224 4925 3443 Vrsachen seiner gefangenschafft, vnd ver¬
3236 3357 4907 3557 uebter mißethaten halber ernstwortig
3229 3470 5000 3634 examinirt worden, hat derselbige bekent¬
3542 3624 3938 3710 deerber dort
3200 3618 4925 3845 Namlichen als er vor angeferd 14 tagen
3223 3764 5049 3935 uß der Combe der herrschafft trauers, auff welchem
3248 3868 5049 4014 berger mit weil und kinden bey herren talipttors
3221 3983 5032 4152 In diensten sey, zu seinem Vatter gan Reütigen
3218 4082 5036 4262 gereiset, habe er im zurugk kommen, ain zwisel¬
3187 4189 5013 4379 berg auß einem Stall zwey junge fule nit,
3223 4294 5056 4495 erkendt und dieselben (vorhabens nacher hauß
3085 4348 3235 4468 woten
3212 4413 5067 4596 zufuehren, biß gan Capellen gebracht, alwo der
3005 4542 3204 4698 l
3231 4517 4999 4729 jenige, deßen sy gsin, Inne angetroffen, imme
3231 4676 4996 4835 dieselben wider abgenommen, er aber alhar ge¬
3241 4769 4901 4942 priert worden, vnd darneben keines
3241 4876 4997 5029 anderen Fehlers bekantlich werden wollen,
3004 4972 3100 5093 et
3222 4994 5072 5142 biß imme vorgehalten ward, daß er vor etwas
3222 5096 4978 5284 zeits zu viel ein boß gestolen, deßen er
3241 5200 5051 5418 nit absein können, Vnd weillen er vber diß
3225 5319 4996 5473 hin, abermal mit weiters bekennen wollen
4992 5410 5052 5518 5
3208 5412 5109 5610 habend mein gnedig herren nacher Newenburg
3216 5532 5073 5721 geschriben, vmb den proces, so daselbst, wegen
3211 5652 5044 5850 obigen gestolnen roßes vber ihn ergangen,
3214 5768 5121 5956 und sub. 18. 20. Julii 1655. In der Cantzley alhier
3202 5862 5090 6087 zufinden sein solle und nach dem er volgends
3183 6023 5129 6220 Den 16. dito darüber nochmahlen ernstlich exam
3235 6122 5135 6331 miirt worden, umb zu sehen, ob er die warheit
3260 6241 5079 6467 selbiger that und empfangener straff halber
