5472 7296
780 1754 875 1870 4
797 2474 880 2588 5
811 5451 935 5600 9.
835 2901 948 3062 6
870 3930 950 4083 7.
853 4435 951 4580 8
1063 1613 2622 1867 Item vor 8 oder mehr Jahren mit Ni¬
1116 1725 2572 1962 laus rufenach deß Löwenwirts bruder
1102 1843 2569 2080 zu Munsingen, habe sy zu Rubigen Im
1101 1966 2515 2220 wirtshauß, als er noch ledig gsin, sich
1107 2105 2206 2317 einmahl in unzucht vertrabt.
1101 2305 2607 2568 Vnd schon vor langen Jahren, da Iren die
1119 2438 2641 2674 zeit nit mehr bekant, habe sy mit Hannsen
1109 2550 2585 2832 oberholdt sel auch ein ehebruchen begangen.
1115 2815 2633 3037 gleicher gestalt mit Uli Murer in der
1109 2947 2641 3162 Ermatt, der kilchhöre Munsingen, sonst
1119 3083 2652 3298 Ermatt Vllin genant, einem Korngwer¬
1098 3179 2590 3393 ber, habe sy auff ein zeit, die Iren nit
1126 3304 2586 3513 mehr bewußt, zu Nouelfingen Im¬
1115 3411 2571 3645 hochstraß, sich fleischlich vermischt und
1130 3587 2215 3784 die ehegebrochen
1991 3719 2360 3881 oder gard
1123 3846 2644 4077 mit Jacob Amman einem scheman und
1138 3990 2670 4181 bauren zu Rechingen, zum andren mahl
1132 4117 2103 4303 den Ehebruch begangen
1165 4355 2547 4591 vor ohngefehrd 6 jahren mit ludi
1156 4483 2550 4691 Grußen einem haußman ußerhalben
1148 4614 2673 4811 Marhile, als deßelben fraw nit zu hauß
1173 4745 2539 4934 sonder zu wort gewesen ein gantze
1164 4844 2573 5046 nacht dorten bey Marzile in seinem
1134 4978 2598 5163 hauß unzucht getriben und den ehe
1143 5083 1798 5275 bruch begangen.
2045 5328 2250 5436 s
1115 5417 2637 5619 vor ohngf Vierthalb Jahren, an einem
1132 5548 2632 5732 langnow marit mit einem genant
1108 5655 2643 5859 Felix in Nider Lehn, unfehr von Schwendi
1116 5776 2621 5976 wonhafft zwüschen Rengnow und
1120 5915 2619 6134 Langene gleicher gestatt die ehe ge¬
1112 6042 1536 6223 brochen.
2769 1688 2854 1778 10
2778 2806 2908 2919 11.
2748 3398 2898 3521 12.
2765 4070 2878 4164 13.
2746 4985 2893 5080 14.
2753 5706 2885 5836 15.
4548 1520 4688 1658 48
3113 1615 4672 1830 und dan mit dem zum eingang vermelten
3119 1772 4597 1946 Peter Meyer von Sanen einem ledigen
3127 1877 4752 2030 gsellen, fürgebend er iren die ehe versprochen
3138 1971 4704 2149 haben solle, habe sy auch alhier zum weyßen
3141 2070 4604 2217 wen und sonst an underschidlichen orten
3139 2166 4524 2333 reveri hurey und unkeüschheit getriben.
3141 2256 4713 2448 daß iren die zahl nit bekant, maßen, sy auch
3130 2368 4721 2567 vom selben geschwengert, vnd ein vnehelich
3115 2488 3730 2667 kind erzeüget.
3122 2695 4704 2880 Mehr mit Amman Mosiman von Riglen
3136 2840 4765 3016 In der Rieder bollen, habe sy sich auch zwüschen
3131 2955 4746 3118 Signir vnd Oberhofen, zu ehebruch ver¬
3139 3104 3401 3239 trabt.
3132 3320 4635 3512 ohngefehrd vor 4 jahren mit Ulli
3110 3446 4613 3625 orieg von großen höchstetten, habe sy
3135 3556 4620 3761 zu zweyen underschidlichen mahlen.
3138 3679 4748 3885 sich in unzucht und ehebruchen vergeßen.
3700 3965 3956 4083 letstlich
3127 3986 4683 4162 Vnd als Ir Landts Volk in Dalmatiam
3116 4149 4707 4294 Verschikt, habe Hanns Sterch Ires ver¬
3139 4261 4670 4432 meinens von Rohtenbach iren alhier
4130 4356 4174 4426 1
4173 4375 4338 4452 noch e
3115 4371 4757 4576 zum sein hergeben, ob sey er ledig, so aber
3102 4493 4611 4660 nicht ware maßen sy sich auch mit
3137 4604 4567 4793 demselben in ehebenden vertrabt.
3083 4901 4757 5108 mit Niclaus Krebs, dem alten weibel
3128 5044 4744 5233 von Wichtrach verndrigen jahrs, umb
3099 5162 4625 5352 heüwens Zeit alich aller zu Bern
3103 5286 4707 5471 zum weyßen wen, einmahl die ehe
3109 5430 3580 5575 gebrochen.
3087 5654 4756 5847 und mit Bendicht gerig von deißwyl
3097 5776 4699 5995 sammers zeit uffem Breitfeld, rever.
3127 5936 4225 6127 in ehebruch begangen.
