5472 7296
1199 1549 2835 1803 Schreiben vnderem 27. Junii obgemelten Jahren
1349 1698 2814 1920 haltet in sich, daß dem fronschin ein Marcken
1357 1805 2824 1991 der batzen überschickt worden, welche imme auch
1361 1896 2822 2137 alß wohlgemacht gefallen habend allein, daß
1368 2017 2846 2204 der meister inen ein umb etwas rohtlechter
1351 2127 2830 2362 farb geben solte, volgendts er vier Kister
1355 2233 2823 2442 vol einpacken laßen, so in die 238 Marck
1370 2334 2814 2573 selbiger batzen mit dem Bernstempfel de
1332 2471 2802 2656 Anno. 1627. gemacht Ingehalten, so er gan
1337 2564 2811 2806 Hauff dem andrae Paction vberschickt, das
1358 2700 2827 2921 dritte Schreiben sub 3. julii darnach weißt
1361 2850 2834 3043 under anderen auß, daß er bericht begehren,
1381 2958 2799 3149 ob man die 670 Sonnen fronen verbraucht,
1403 3076 2812 3269 so man zu schlachung derselben batzen über
1399 3189 2824 3380 schickt und daß man dieselben machen sölle
1360 3304 2863 3494 In der farb gleich wie fronchin am muster
1369 3405 2853 3629 übersendt habe, daß vierte schreiben den 3.
1380 3540 2871 3728 Augusti darnach vermag, wie das fronckin
1394 3659 2876 3853 von ermeltem andre Pattion zu Griff
1342 3803 2866 3996 In bysein gedants bourguets empfangen
1338 3900 2789 4098 habe die hievorgemelten 238 Marck
1321 4032 2817 4248 derselben batzen per olb 5 ß, die Marck
1308 4150 2852 4356 darumb sy mit einandern gerechnet den
1363 4268 2883 4485 24. augusti obstaht. Daß funffte schreibe
1369 4403 2884 4611 vermag underem 5. septembr sechs kisten
1377 4531 2884 4745 Wol der faltschen betzen, so nacher Kamber
1390 4655 2749 4885 habend sollen gefercket werden, durch
1376 4796 2805 5007 ordnung gedants fronchins und seiner
1394 4918 2861 5135 gespanen durch welche obige und andere
1354 5072 2856 5277 schreiben mehr so beschribner maßen für
1410 5192 2832 5426 und wider gesendt worden, klarlich zu
1419 5325 2848 5538 sechen, daß gedachter Fronhin selbsten ein
1367 5440 2836 5695 rincipal Anthor haupt ursach und
1379 5575 2867 5790 Instrument ist diser faltschen muntz
1377 5708 2838 5965 peragung und das alles durch sein
1374 5826 2639 6094 hand und anordnung gegangen.
1361 6023 2810 6331 funfftens dann durch ein Schreiben
1342 6192 2867 6427 welches fronchin auß eyon dem augustin
1335 6276 2860 6572 Dindt nacher Glauff gesandt vnderen
3181 4591 3223 4785 d
3184 6009 3296 6182 .
4694 1490 4791 1608 17
3133 1560 4831 1813 Und am 20. febris 64. Ist zu sechen, wie von kein
3253 1729 4850 1896 denselben berichtet, daß er imme alles kleine hand
3255 1822 4871 1995 gelt inn klumpen und anders dergleichen ungere
3266 1914 4846 2084 schmeltztes gelt vberschicken sölle, sovil er deßen
3253 2002 4913 2187 bekommen möchte, darumb sagte er weilen er umb
3258 2110 4939 2294 den verkauff deßelbigen tractirt habe, welches
3273 2185 4901 2374 anders nit ware, alß daßelbigen seinen corren
3283 2296 4845 2497 pondenten und gespanen zu zeschicken, daruß
3236 2400 4929 2643 faltsch gelt zu machen, wie etliche auß fronckins
3266 2527 4901 2788 correspondenten mit Bindt außgezogne Rech¬
3273 2647 4942 2911 nungspunckten söliches glaubwurdig zu ver¬
3290 2767 4933 2990 tahn, gebend, darby sich befindt ein Nota bo
3262 2917 4788 3099 und sovil klumpen unwarschaffter Mater
3233 2998 4886 3248 welche durch Bindt gedeuten Fronckin sind,
3273 3138 4807 3389 gewahrt unnd gelifferet worden, under
3171 3240 4975 3473 welchen es by den 30. und mehr klumpen hatte
3204 3376 4841 3569 Vnderem Titul der Alten Bern batzen.
3281 3668 4840 3878 um dechten kompt heiter an tag, daß
3264 3793 4934 4009 fronckin sich nit vernügt, diß schandtliche und
3272 3901 4941 4120 verderbliche werck der faltschen Ratzen auf
3291 4037 5008 4230 die bahn zu bringen, sonder noch vber diß den
3279 4150 5000 4356 herren Caspar Schömpfen sel erben zu St. Gallen
3261 4305 5003 4499 sein gwüße anzahl duraten und erschidenlichen
3254 4402 4957 4611 gefragt zugeschickt, so zu Grange geschlagen.
3291 4534 4980 4720 worden, die er inn einem gewüßen freis zu
3274 4643 4967 4836 Eyon hat ablegen laßen, also wann dieselben
3298 4761 4980 4977 den Rechten Titul der Warschafft halber ge¬
3287 4890 5034 5086 hebt hettend, er ein namhafftes daran wurde
3267 5007 4967 5227 Merlieren müeßen, aber handgrifflich ist es
3271 5127 5032 5353 daß er dieselben in einen solchen wärth wirt
3298 5271 4833 5477 gemacht haben, daß er sein compte und
3286 5390 4952 5608 rechnung wohl wirt darby gefunden haben,
3331 5518 5017 5740 gleich wie mit den haltschen batzen auch geschehen,
3270 5846 4937 6076 unnd hat auch nit weniger ao 1653. herren
3287 5964 4910 6202 pander so zu selbiger zeit muntzmeister zu
3302 6065 4962 6319 Eyon gewesen by den 15. oder 16. Marck eben
3300 6164 4951 6428 derselben ducaten uberschickt, welche nach dem
3304 6287 4943 6565 sy geschefeltzt gar von bösen halt und ditul
