5472 7296
998 1853 1263 2058 tpresent.
1333 1479 2742 1702 meinen hochgeehrten herren Can¬
1348 1603 2748 1837 lum von Bonstetten, als verordnete
1325 1709 2726 1957 herren examinatorn vom kleinen
1334 1817 2743 2069 Raht hern Großweibel kilchber.
1289 1927 2744 2253 gers und hrn. Dauid Müllers, deß
1344 2054 2783 2339 großen rahts ernstwürtig und bey
1356 2212 2764 2418 angetrawter Marter examinis
1356 2336 2747 2550 Vnd befragt worden, wie es eigen,
1359 2436 2767 2645 lich mit dem durch inne entwend¬
1307 2549 2742 2787 sten roß, rever, eigenlich hergangen
1403 2664 2759 2901 3, hat derselbig vmbständtlich be¬
1343 2809 2095 3013 ekent, wie volget:
1355 3000 2687 3205 Namlichen nachdem er von seinem
1358 3126 2736 3353 gehebten meister zu Bergdorff außge
1344 3241 2767 3434 tretten und zu bern sich under herren.
1368 3354 2707 3550 oberst weyßen Companen underhalten
1371 3479 2623 3689 laßen, habe er sich widrumb gan
1386 3570 2798 3779 Burg dorff begeben und sein losament
1374 3716 2686 3876 zur kronen daselbsten genommen.
1345 3826 2766 4001 alwo er sich schon bey 14 Tagen lang¬
1400 3922 2750 4121 auffgehalten hatte und als deß hern
1379 4071 2785 4233 oberst wyßen under officirer dorthin
1377 4187 2784 4363 kommen, volk zu werden, habe Bartli
1373 4311 2787 4490 R�tikofer von Rohrmos sich auch alde
1381 4439 2778 4630 befunden und mit imme berig einen
1387 4549 2747 4749 trunk gethan, anzeigende sein Sohn
1378 4662 2734 4878 habe auch underhen Oberst weyßen
1357 4790 2774 4998 gedinget, vnd nach etlich gehaltnen
1348 4930 2766 5143 gesprach, habe Rütivofer angefangen
1279 5054 2741 5286 ligen inne auffzuweysen, zu sehen
1363 5175 2756 5391 wo er etwa ein roß antreffen
1336 5278 2777 5530 und aufftreiben könte, solle etwan
1350 5411 2741 5645 gan Walthauß hinauff eins gan
1318 5548 2613 5755 holen und eine nemmen, das nit
1327 5669 2693 5907 beschlagen sey, welches er hernach
1326 5790 2662 6026 verkauffen und das gelt mit
1326 5923 2757 6160 sein betikoffers sohn theillen oder
1342 6086 2749 6319 so er das nit verkauffen könte
4579 1448 4679 1556 20
3217 1484 4603 1667 wolte er Butikhofer daßelbig in sein
3253 1608 4593 1756 stall nemen, es etwa drey tag darin
2798 1703 4663 1888 ngeschehe nit dem behalten neinanden zeigen noch auß
3242 1786 4547 1979 laßen, sonder imme zu tranken, das
2805 1822 3215 1947 ale er zegehren
2789 1896 3158 2060 s hinweg zeiche
3249 1895 4646 2081 waßer in stall tragen, durch weliches
3247 2019 4565 2184 auffweysen und anhalten er gerig
3257 2097 4531 2285 endtlich hingangen und bey nacht zu
4674 2267 4738 2338 .
3230 2218 4667 2391 Oberburg auß Christen Hoffmans stall
3256 2317 4075 2493 ein roß entfraubdet.
3220 2397 4728 2602 welches er alsbald imme Rütikofer gezeigt.
3195 2531 4701 2708 der imme noch ein fühlin hinden angebenden,
3253 2624 4596 2811 mit vermelden, solle alsbald darmit
3261 2730 4798 2908 nacher Pater kinden reisen und daselbsten
3247 2844 4593 3039 imme betikofer warten maßen er
3287 2952 4645 3118 selbigen morgens vor tag ohngefehrd
3273 3050 4669 3237 umb 3 uhren daselbsten angelanget
3289 3166 4657 3350 welches dan auch Hanns Bohnman der
3248 3262 4699 3455 Arbergerbott Conrad Laboldt der Müller
3258 3360 4800 3571 und andres Klingler, so hierüber verhört
3290 3485 4771 3678 worden gehenget habend, und nachdem
3281 3593 4767 3778 er dise beide pfennwert zu welchem
3278 3711 4721 3921 Büttikofer imme in einem seklin das
3241 3821 4803 4008 hutter sampt einem rytkußen auffge
3278 3941 4854 4133 bunden) gefutert und ein bötlin kommen
3278 4061 4820 4239 daß er sich fort machen solle, sey er mor
3280 4166 4839 4351 gens am tag nach Solothurn verreiset als
3126 4273 4828 4498 wo er Inne Antikofer widrumb ange¬
3300 4398 4662 4564 troffen, und demselben sein Kulin
3288 4513 4781 4672 widergeben, das roß aber (weillen
4775 4547 4829 4633 .
3290 4617 4842 4813 es anbeiden angen blind umb 11 l.
3285 4725 4885 4892 verkaufft, einem genant Hans Bungiker
3283 4846 4848 5056 obigen Klinglers schwager, durch welche
3293 4952 4863 5160 obige gezeugen er auch entdekt worden.
3301 5092 4878 5262 als die da obgemelter morgens zu später
2818 5119 3249 5305 bey iren pferden
3313 5194 4858 5387 kinden im stall reuer vber nacht gelegen.
3300 5333 4898 5531 Verners nach dem diß roß verkaufft worden.
3290 5479 4903 5659 habe anderig wol in obacht genommen, daß
3315 5577 4805 5776 als gemelter Hoffman, deßen das roß
3318 5669 4721 5881 gsin, auch gan solothurn kommen, imme
3334 5777 4901 5981 Betikoher klägende, wie imme die nacht
3326 5890 4716 6101 ein unfahl begegnet, man habe imme
3329 5987 4772 6226 ein roß entwendt, ob er imme nicht
3321 6096 4791 6339 rahlen könte, wo er dasselbig wider
