5472 7296
3141 3204 3199 3293 E
4597 1474 4738 1584 26
3314 1629 4405 1839 Desula Bentzlin
3506 1792 4378 1937 von Etach Schugg
3158 1910 4731 2124 dan der mensch so gar in seiner ange¬
3238 2040 4702 2222 bornen schwachen nater und einfalt daher
3184 2138 4608 2302 lebt, vnd bey so haltscheinendem liecht deß
3224 2237 4674 2417 groffenbahrten willigen worts gottes
3261 2318 4758 2495 sich gleichsam In die dinsternuß seines eignen
4758 2437 4814 2497 .
3240 2403 4757 2560 und bösen willens verbirgt, gottes willen
3260 2493 4798 2668 und Allwüßenheit, auch deßelbigen Gebot
3250 2593 4755 2773 und verbat leichtsinniger weyß auß der
3242 2719 4742 2899 acht laßt, hindansezt und verachtet, und
3239 2808 4759 3015 dan hingegen auch Gott der Herr auß ge¬
3205 2889 4772 3102 rechtem Vrtheill, einen solchen menschen,
3268 3024 4806 3203 auß seiner handt und gnaden sicken und
3277 3144 4730 3315 fallen laßt, So ist derselbige demnach
3277 3234 4772 3424 In einem Vihellenderen, vnd gefahr¬
3275 3355 4771 3542 licheren zustandt, als immer einer sein
3258 3427 4833 3606 kant, welcher von seiner hochen oberkeit
3290 3530 4783 3732 umb seiner mußethaten willen in die
3273 3658 4808 3866 Acht geschlagen, vnd dem Vogel im lufft
3292 3750 4843 3911 erlaubt wirt, dan in solchem ellenden
3273 3852 4729 4049 zustandt, thut der leidige Satan der
3281 3962 4909 4139 Böllische raubvogel fürnemlich sein Vor¬
3301 4066 4880 4249 theill und gelegenheit ersehen und suchet
3239 4128 3280 4206 11
3228 4159 4884 4346 ttag vnd nacht, wie er seine klauwen in
3286 4302 4872 4448 die Seelen eines solchen armen menschen
3299 4418 4849 4573 noch weiser hinein schlagen, vnd diesel¬
3302 4488 4869 4663 bige Vollkomlich vnder sein Joch bringen
3283 4603 4864 4787 könte. Deßen haben wir abermahl
3307 4705 4816 4896 ein hochbedaurliches, vnd nicht minder
3311 4814 4832 5003 leidiges Exempel an gegenwertiger
3301 4918 4832 5091 Armen weibsperson Ursula Bäntzlin
3304 5023 4794 5190 von Erlach Tschugg, dan obwol dieselbe
3308 5145 4917 5302 In Irem dienst, vnd gemeinem lebwesen
3327 5236 4790 5432 für ein zeit lang sich ehrlich und wol
3333 5325 4907 5541 verhalten, so ist sy demnach in dem guten
3331 5436 4841 5639 Vnd wol angefangenen nicht verharret,
3334 5555 4880 5753 Ir gebet, vnd die heillichen gebot Gottes
3325 5654 4880 5861 in vergeß gestellt und auß der acht ge
3346 5762 4894 5945 laßen, sich in die finsternuß Ires eigenen
3336 5848 4908 6044 willens verborgen, fleischlichem mut
3348 5970 4829 6163 willen vnd bösen befirden den zaum
3352 6071 4714 6311 schießen laßen, Vnd nachdem sy vor
3338 6153 4887 6441 ohngefehrd einer jahrs frist mit anthonen.
4809 3051 4850 3137 .
