5472 7296
871 1578 1042 1719 43.
848 2445 1218 2632 44. Nihil.
871 2746 997 2871 44.
854 3458 995 3600 45.
876 4196 1000 4359 46.
849 4922 1000 5051 47.
782 5508 1164 5638 N. 35. Ehebruch
859 5593 1160 5751 11. huren fahler
1224 1476 2702 1679 Dern vor Curien marit, habe sy auch mit
1226 1604 2694 1772 Ulli Brung einem alten beystender oder
1225 1699 2713 1907 Gotten zu Burisey wonhafft, alhier zum
1249 1806 2705 2009 zeüg und anderstwo zu vilen underschi¬
1231 1921 2625 2105 denlichen mahlen, deßen sy die zahl nit
1240 2034 2658 2245 wuße rever, hurey vnd Vnzucht ge¬
1217 2218 1556 2346 triben.
1238 2391 2721 2627 Ane Jungst vorschingeten Curren mart
1194 2625 2596 2831 Weiters habe sy vern im samer
1230 2783 2708 2965 mit einem Knecht, so bey Gfellerhausen
1232 2892 2692 3125 zu Bigel gedreüt und sich Niggen namse
1211 3013 2613 3224 zwüschen Goldtbach und schaffesen
1213 3166 2277 3359 sich in unzucht vergangen.
1237 3353 2693 3587 Item mittsteter Moser Uli Mosers
1242 3491 2712 3715 Sohn von Zerblingen, habe sy auch vern
1245 3622 2712 3777 im sommer, in der engematt zwüschen
1227 3751 2601 3960 luhngschreit vnd heimberg, sich mit
1240 3898 1996 4076 shebend vergeßen
1211 4122 2679 4351 ohngferd vor 2 jahren bey einem
1224 4287 2659 4456 genant Zubelindauwman von dies
1240 4397 2638 4564 bach zwüschen disen und heimberg
1251 4517 2590 4713 sich gleicher gestalt in scheben Ver¬
1232 4647 1465 4798 trabt.
1236 4888 2615 5074 vor langen jahren, daß iren selbige
1210 5017 2667 5193 zeit nit mehr in wüßen mit hausen
1220 5128 2669 5346 Murer einem eheman von Beitingl
1216 5263 2636 5456 der kilchhöre Munsingen, alhier uffen
1208 5385 2564 5579 breitfeld ein ehebruch begangen.
2873 2454 2938 2571 .
4484 1486 4630 1599 51
3492 1460 3906 1660 Diebstähl
3191 1603 4583 1812 hemnachen hat sy auch bekent, daß sy vor
3213 1749 4568 1914 ohngeferd einem Jahr alhier zum Trinz
3220 1838 4728 2020 in zweymäßige kanten entfrembdet
3208 1951 4697 2130 Vnd selbige einem bauren von Rechtig
3195 2063 3663 2254 verkaufft.
3211 2223 4629 2453 Vnd ohngferd umb selbige Zeit auch
3196 2397 4628 2569 alhier in der statt, habe sy bey einem
3190 2504 4732 2678 kastenligen gefunden ein alten mantel
3201 2588 4622 2796 und einen alten rok, welchen es
3216 2718 4672 2925 auffgehaben, entragen, vnd zu seinem
3200 2859 4137 3060 gebrauch zerschnitten.
3204 3094 4719 3310 So habe es auch mit hilff und anwysung
3220 3238 4622 3434 der dißmahl auch gefangenen trin
3212 3359 4663 3565 Müller vor ohngferd 32 jahren uff
3227 3470 4755 3676 einem gwüßten Baurenhoff bey nacht
3216 3593 4669 3798 ob einer Stangen, etliche Stränglin
3218 3717 4717 3963 haden bey 12 lb schwär entfrembdet.
3191 3907 4676 4142 zu thun ein kleines kinds hembd
3182 4202 4737 4393 zu mirchel vor etlich jahren habe sy
3155 4358 4707 4516 Hunis Wilhelmen daselbsten, nachts
3220 4468 4756 4662 ab einer lauben, ein zimliche anzahl
3213 4596 4408 4823 strangen garn entwendet.
3214 4849 4668 5022 und auch noch vor etlichen jahren.
3205 4982 4841 5192 habe sy der alten wirthin sel zu worben
3216 5093 4765 5309 im wirtshauß auß einem gaden
3237 5214 4795 5432 ein alten ehrmen hafen entwendt.
3231 5369 4826 5592 vnd selbigen der Barbli Nuwenschwan
3222 5507 4754 5683 derin vmb ein Cronen Verkaufft
