5472 7296
1103 1527 2603 1793 bey eiden Verhoren zu laßen, wie dan
1122 1666 2629 1907 auch, durch meinen hochgeehrten herrn
1132 1765 2530 2028 Atzung herren Lerber, in beysein Ir
753 1783 1101 1974 In besten her
1111 1869 2643 2100 Gn. Dienern Großweibels, vnd Gricht¬
759 1922 943 2052 horts
1139 1970 2431 2253 schreibers, laut rahts zeduls den
1148 2060 2668 2324 12. novembris letsthin formklich geschechen
1143 2217 2654 2452 welche personen auch, ußert beiden
1127 2304 2654 2541 weiberen und gemeltem schulmeister
1135 2445 2649 2691 auß guter betrachtung zu irer aussag
2144 2540 2627 2698 dardurch
1130 2585 1996 2781 den eydt praestirt
1163 2654 2553 2894 sich aber die beklagte Vnthat gannz
2478 2842 2518 2886 .
1158 2767 2476 3038 nicht erfinden kan und anders
1143 2894 2672 3184 darauß nüt zu schließen, als daß solches
1156 3013 2581 3285 von einem genant Benedicht lech¬
1143 3174 2653 3386 der wider dorten auff die pahn ge-
1151 3280 2610 3507 bracht worden, welches vor etwas
1176 3394 2591 3641 zeits wegen anderen vbertret¬
805 3492 1148 3672 und vorlangen
1172 3531 2613 3770 tungen alhier im Schallenwerk ge¬
815 3637 1154 3796 jahren auff
1657 3703 1718 3776 os
812 3724 1173 3847 Tanglen Ver¬
1188 3682 2625 3896 wesen vnd auff seinem geschien
802 3794 1157 3952 rüfft worden.
1159 3842 2377 4064 nüt zu halten seye in
1953 3948 2221 4079 vor e
1094 3978 2669 4276 alß daß durch dise gange procedur
1151 4131 2592 4385 nichts ratisches auff Imme Term
1142 4264 2586 4504 sich erkindt, als zwen alte hievor¬
1155 4398 2618 4588 bekante fählen, vmb welche er al¬
1123 4519 2696 4735 bereit vor langen abgebüeßt den
1151 4650 2526 4860 ersten vor ohngefehrd 38 jahren
1144 4781 2486 4962 mit ermeltem Gugger Elsin
1125 4901 2616 5120 den anderen ohngefehrd vor 26 oder
1100 5029 2655 5241 22 jahren mit vorgedachtem lyren Anneli.
1059 5188 2471 5378 Item zwen andere, sitz seiner
1122 5311 2648 5534 verehelichung vor 6 oder 2 jahren
1119 5425 2680 5651 bey hievor gemelter Christina Zettel
1105 5544 2633 5767 by deren er ein Vnehrlich und er
1074 5690 1421 5890 zeüget.
1070 5795 2709 6016 Vnd dan Sitz 10 oder einliff Jahren
1074 5958 2487 6163 daher bey jetz verhaffter seiner
1055 6082 2601 6288 dienen bey deren er auch letstlich
4512 1439 4640 1582 4
3049 1434 4476 1710 Ein vnehelich kind erzeuget, vnd
3079 1610 4561 1782 dieselbige an der Marter erhalten
3075 1727 4614 1891 daß er sy angewisen vnd bevolchen
3072 1833 4658 2000 daßelbige kind einem anderen vatter
3051 1947 4471 2126 zegeben, er furm auch weder
3089 2040 4715 2221 durch informationen noch sonst ernst
3088 2150 4700 2366 liches examiniren zu keiner anderen
3082 2278 4657 2489 bekantnuß gebracht noch convincirt
3073 2434 3873 2618 werden mögen.
3174 2705 4561 2901 Nachdem diß process volgends vor
3092 2833 4638 3028 myhrn rahten und Burgern offenlich
3096 2938 4657 3183 abgelesen, ist darüber erkent vnd ge¬
3083 3091 4560 3319 gesprochen worden, daß er zuri
3104 3191 4743 3407 gleichwol auff doch oberkeitliche gnaden.
3092 3300 4575 3519 mit dem eyd von Statt und landt
3085 3435 4675 3653 verwisen werden solle, welches dan
3098 3574 4698 3776 auch an Ime alsbald erstattet worden,
3086 3719 4206 3880 den 6. decembris 1658.
3243 4029 4499 4397 Baeger Propst.
3546 4375 3988 4519 von inz
