5472 7296
911 3790 1332 3922 Jaggi Feldman
918 3885 1319 4022 von Moslefrauw
1339 3134 1378 3295 .
1619 1508 1724 1607 3
2080 1533 2229 1634 t
1345 1560 2853 1744 derren und oberen dievor den 12. vnd
1394 1654 2863 1874 13. januarii Jungsthin durch die ehren
1371 1765 2844 1971 Vesten fromen, furnemen fürsichtigen
1390 1856 2869 2048 und weysen herren hrn. Johann Rudolph
1374 1987 2844 2197 Kilchberger, deß kleinen, herren Sa¬
1373 2088 2829 2275 muel wybenbach, als Kornheeren, vnd
1376 2181 2808 2408 jungkherrn widerich von Lauternow.
1368 2298 2828 2482 Großweibel, vnd deß großen Rahts¬
1396 2387 2812 2570 alhier in der oberen gefangenschafft
1378 2502 2861 2692 diser leidiger sachen halbert alles ernsts
1375 2612 2825 2808 examinis und befragt worden, dat
1395 2706 2841 2922 dieselbige so wol dazumahl, als letstlich
1401 2824 2821 2994 widrumb den 29. tag verschinenen
1394 2937 2857 3099 brachmonats nachdemme sy auß gwüßten.
1394 3028 2838 3213 ursachen, wehrend gemelter Zeit dro¬
1407 3123 2795 3337 beit im spittal an eysen enthalten
1404 3238 2839 3411 worden im strekethurn gutwillig
1396 3347 2820 3526 bekent und bey angetrowter gezeigter
1387 3454 2729 3648 Marter, mit vilem erzeigten
1391 3566 2146 3735 reüwen erhalten.
2175 3618 2213 3718 s
2168 3719 2262 3821 5
1399 3738 2830 3960 erstlichen nachdeme Ir gehebte eheman bey¬
1374 3875 2846 4022 vnnd sy ein ehelich kind erzeuget, albereit
1421 3967 2876 4126 vor etwas zeit sy verlaßen und sich deß
1387 4059 2832 4228 landtsgensteret, habe sy sithero mit
2751 4183 2813 4252 .
1403 4145 2744 4299 mehrgemeltem Peter Pfruender
1398 4235 2729 4430 vil underschidenliche mahl die zahl
1410 4328 2796 4495 Iren nicht bekant, hurey und unzucht
1407 4444 2804 4625 getriben, daß sy endtlich vor dem
2780 4566 2831 4669 .
1401 4553 2761 4733 selben geschwangeret worden, als
1418 4646 2859 4834 welichem auch das kind, so sy nun vor
1384 4753 2864 4947 ohngefehrd sechs wochen auff die welt
1402 4869 2331 5039 geboren einzig gehöre.
1387 4967 2885 5169 Zum anderen, als ermelter Pfruender
1397 5107 2820 5287 hernach sich bemelter irer jüngeren
1424 5207 2865 5361 Schwester Catrin durch auch annemen.
1416 5302 2850 5467 vnd beladen wollen, habe sy dieselbige
1376 5427 2860 5582 zwar verwarnet, mit imme nichts zu
1450 5517 2837 5688 schaffen zu haben, Iren aber wüßent¬
1437 5617 2846 5798 ich verschwigen und verhalten, daß
1443 5726 2845 5910 sy selbs schon mit demselben zu thun geren
1404 5841 2829 6005 hebt und schwanger seye, sonder im
1422 5934 2838 6136 gegentheil inne feüender diser
1360 6053 2870 6228 Irer jüngeren schwester hinderrugks
1420 6156 2801 6344 auffgewisen und veranlaßet, sy
4739 1508 4862 1618 13
3421 1587 4871 1775 mahle imme ire jüngere schwester wol gangen
3353 1710 4830 1866 nen, wan er lust zu Iren habe hiemit gangen.
3401 1802 4885 1945 boßhafft und betreglich mit dem sachen umb
3410 1882 4859 2067 gangen, dardurch sy ire eigene schwester.
3274 1956 4376 2122 zum fahl verursachet habe.
3386 2048 4882 2220 und als darüberhin diser Peter pfrüender
3397 2186 4900 2337 gedachter Jungeren Schwester Sie ehe ver¬
3399 2273 4830 2433 gerogen, auch hernach in Ires Vatters
3388 2342 4944 2523 hauß zu Rümplin in einer kammeren und
3413 2452 4863 2616 In einem absonderlichen beth gelegen
3390 2549 4772 2692 als gemelte Jungere Schwester auch
3402 2636 4775 2797 litern kommen vorhabens sich zu diser
3402 2722 4871 2904 Irer schwester (die albereit auch daselbst
3392 2824 4868 2990 In einem besonderen beth gelegen) in
3409 2926 4886 3087 die Ruher zubegeben, habe gehenwer
3392 3015 4816 3178 tige ann durs Iren nicht blaz geben
3394 3108 4799 3275 wollen, sonder sy auffgewisen sich.
3389 3190 4896 3354 zu gedachtem Peter seelender ins bethen
3395 3303 4864 3453 zubegeben, vnd weillen auch derselbige
3390 3394 4824 3546 auff vilmahliges befragen tren nicht.
3388 3481 4831 3637 anzeigen wollen, sonder verneinet.
3388 3573 4816 3682 mit diser elteren techmahlen etwas zu
3392 3660 4824 3823 thun gehebt zu haben, seye also auff ires
3381 3737 4677 3889 anstifften der leidige Zahl selbiger
3363 3823 4820 3988 Fleischlichen Vermischung, und wüßent¬
3391 3917 4403 4065 licher Blutschandt, ervolget.
3388 4051 4903 4254 ungeacht nun gegenwürtige Anni durch.
3383 4174 4915 4335 angezogne ire jungere schwöster wider
3390 4262 4926 4429 wüßen und gewüßen treüwloserwegs
3393 4355 4706 4512 verpiert und zu disem schandtlichen
3389 4477 4845 4617 laster der Blutschanden gebracht, habe
3393 4541 4888 4714 deselbs widrumb mit ime pferender
3375 4636 4888 4823 hernach noch etliche mahl vermischung,
3360 4737 4735 4929 Zürich und blutschandt getriben.
3302 4924 4787 5109 Als nun hochgedacht mein gnedig herren
3382 5039 4714 5217 und oberen raht und Burger diser
3318 5122 3358 5276 s
3359 5155 4846 5307 gegen. Ain ders, theils freywillig
3382 5241 4822 5406 theils dan bey gezeigter und betrarter
3369 5335 4840 5494 Marter, gethane Vergicht, vnd bekant¬
4835 5399 4894 5475 .
3398 5435 4881 5604 nuß solches vilfaltigen entwilligen
3372 5541 4852 5711 groben sunden vnd lasteren, seiner
3406 5626 4804 5813 offenlichen blutschandt, darmit sy
3384 5740 4884 5882 wider gott den herren und sein verbott
3360 5835 4904 6008 hochlich gesundiget, Ire leibliche Schwester
3398 5921 4852 6110 schandtlich vorfüehrt, hoch oberkeitliche
3375 6014 4871 6208 deßhalb außgangene warnungen und
3394 6120 4785 6306 mandat vilfaltig übertretten den
3390 6210 4885 6401 nebend menschen, vnd hiemit mennigklich
