5472 7296
1294 1512 2868 1750 Welche den schaden haben Leider mueßen für
1469 1668 2891 1835 nemlich zur zeit alß die publication und auf
1448 1781 2895 1951 kündung selbigen mittels ergangnen, da das
1318 1857 2891 2025 dadann auch wegen solcher vbermachten reüben,
1473 1954 2904 2154 under boß gedacht Ir Gnaden Underthanen hatt
1450 2061 2885 2265 gefährliche unruhwen und emporungen entstehen
1404 2148 2856 2348 welche gnugsam gsin während, die gantzen
1426 2255 2889 2467 eydgnoschafft in zerrütung und undergangen
1466 2359 2870 2556 zubringen, wan nit durch hochgedacht ihr ge
1431 2470 2886 2683 fürsichtigkeit demselben gebührender mit
1408 2569 2404 2780 vorgebogen werden wäre.
1414 2659 2850 2922 Gestalten, weilen Ir gnaden deßen sich sehr
1463 2825 2889 3027 empfunden und dero hoch oberkeitliches ansehen
1448 2935 2874 3108 durch sölche außklaubung muntzer und ein
1459 3027 2886 3231 schleicker der haltschen batzen im höchsten gro
1454 3132 2881 3335 angriffen und beleidiget worden habendt haben
1459 3239 2898 3435 gedacht Ir gnaden, von Zeit zu Zeit nachtrachte
1459 3354 2878 3545 die verheber solches übels zu entdecken unnd
1436 3479 2883 3672 Entlichen nach vnderschydenlichen Information
1427 3591 2873 3786 und nachforschungen in erfahrung gebracht,
1404 3701 2866 3891 Daß Jagues Fronckin Jurger der statt
1420 3809 2841 3989 Gauff der furnemsten Authoren vnd
1444 3950 2869 4139 antreiberen einer ist, sölcher schändtlichen
1404 4061 2828 4264 Actionen und eingriffs in ir gnaden
1408 4186 2816 4349 hoches ansehen und gewaldt wie dann
1453 4283 2894 4473 sölches durch hienach beschribne unnd bezeichnet
1425 4402 2891 4600 Acta und informationen kahn belegt und
1424 4545 2057 4711 bewisen werden.
1363 4660 2887 4886 Betlichen befindt sich gedachter Froschin anne
1468 4806 2866 4988 am überzuget, daß er anno 1646 auff
1445 4904 2879 5076 einen Zurzachmarck (wie er dann zu vor
1452 5018 2884 5206 auch zu thun im brauch gehabt) der nach dem
1403 5118 2866 5334 bern geprag verglichnen faltschen batzen ein
1443 5257 2888 5458 große anzahl hinfüehren unnd ferckhen laßen,
1454 5368 2860 5575 auch zu verleütschung unnd vermantlung
1451 5480 2843 5692 solchen Criminalischen und malefizischen
1373 5594 2889 5811 wuchers zum eingang selbigen jahrmarck
1460 5698 2871 5950 der guten eingenosschen batzen zusamen geläsen,
1460 5808 2886 6081 solche under die faltschen zu vermissen, welche
1450 5917 2887 6168 hernach zu endt deß marcks under einander
1440 6086 2905 6318 gegen duplonen und anderen guten gelts s
1423 6167 2880 6423 zuverlurst deß zweit vom hundert bezahlen,
1386 6285 2882 6546 weiß und sonsten außgewechßlet, wie dann er
3034 4378 3146 4455 e
3249 4350 3326 4441 f
3233 4576 3316 4689 r
4687 1471 4811 1620 15
3340 1551 4866 1773 under anderem einem handelsman von Zürich
3392 1730 4876 1864 ein gewüße anzahl seiner faltschen batzen über
3375 1802 4864 1965 geben, welche aber zu Zürich zum Arrest ge¬
3391 1890 4877 2056 nommen worden unnd so wohl durch etliche bericht
3401 1987 4942 2158 schreiben auß Zürich an Ir gnaden abgeben vndere
3392 2088 4854 2251 7. septembr 1646 alß auch auß einer durch
3375 2173 4946 2340 Inne fronchin und Philippe de judert seinen
3362 2270 4910 2455 somahligem gemeinderen) anno 1650 vor ir
3391 2378 4845 2539 gnaden eingelegte supplication sich heitter
3369 2466 4902 2657 erfindt durch, welche sy freyen handel unnd
3337 2574 4945 2773 wandel in ir gers lander zu treiben angehalten
3402 2668 4933 2875 so ihnen aber auß rechtmäßigen ursachen ver
3389 2801 3912 2981 bätten gewesen.
3369 2917 4924 3145 jedoch in betrachtung der recommendation
3406 3055 4888 3226 sschreiben von Graff underem 16. martii
3299 3159 4978 3369 unnd 2. julii 1647. wie auch ihrer domahl under
3378 3259 4987 3452 faltschein schein angebnen unschuld, daß sy durch
3390 3360 4992 3571 supposierte vnd haltsche Brieffen auffgewisen
3390 3480 5009 3675 ob hettind sy dieselben faltschen batzen von Andra
3286 3577 4981 3763 Pattron und auch von theodore Bouronet für
3394 3701 4984 3904 pfangen, wie solches hernach an seinem ortt
3291 3816 4998 4011 wirt erzeigt werden, und man das erst seithar
3391 3936 4999 4121 inn erfahrung gebracht, ist ihnen ir begerten
3295 4037 5032 4201 handel zu landt verwilfahren worden mit
3366 4149 4988 4361 dder Condition, daß im fahl in das künfftige
3431 4282 5009 4474 sich erfunde, daß sy in so eigenwilliger von vor
3426 4402 4961 4588 setzlicher pragung und einschleichung sölcher
3379 4519 4938 4701 faltschen batzen begriffen gsin, man sy deßen
3374 4625 4937 4813 ungeacht darumb zu ersuchen und abzustraffen
3412 4744 4957 4928 haben sölle unnd dieweilen sy solcher faltschen
3401 4856 4972 5050 batzen sich beladen vnd angenomen dieselben
3416 4966 4947 5176 auch durch ihr gs landt gefercket, ohne, daß sy
3436 5094 4979 5307 sölche sy jemanden abgelegt, hat man sich auf
3412 5217 4954 5418 ir eigen anerbieten verglichen, daß sy 800 f
3385 5337 5014 5538 zu buß erlegt, wie zu sechen auß der erkantnus
3399 5471 4353 5651 underen 6. januarii 1651.
3466 5677 5001 5892 um anderen erfindt sich auch das gedachter
3431 5808 4945 5996 pronkin und seine gespanen durch list unnd
4870 5973 4945 6035 e
3390 5924 4869 6086 subtile Inuention die Richter beides zu
3395 6018 4992 6201 Kyon und auch zu Mümpelgardt in der wider
3391 6120 4985 6287 meodore Bougnet verüebten und schandtlichen
3395 6230 4983 6430 erdachten procedir hindergangen und betrogen
3357 6334 4960 6556 wegen einnemung selbiger faltscher batzen
