5472 7296
912 4363 989 4538 .
1085 1556 2644 1825 antrib und ahn einich sein anweysung ver-
1077 1669 2647 1938 meldet, der vnlangst zu todt gefallne habe Iren
2555 1786 2622 1888 .
1110 1781 2565 2053 die ehe versprochen, sy woll Ime demselben
1092 1872 2680 2145 das kind geben, darbey er es bewenden laßen.
1141 1973 2612 2267 sy zwar nicht weniger von etwas recom-
1096 2080 2657 2350 vens geredt, von Imme aber eigenlich mit ver¬
1101 2273 1746 2477 gsprochen worden.
1068 2418 2595 2644 Was dan seine fähler anlangen, deren sein
1137 2536 2663 2753 dienen Inne vmb funfft gegen anderen
1147 2650 2645 2867 Weibspersonen anklagen thue, mueße er
1130 2727 2608 2995 geständig sein, daß er schon vor vilen jaren
1160 2834 2648 3057 sich leider mit beiden gemelten leyren
2564 2983 2610 3046 .
1142 2930 2566 3188 Anneli und Gugger Elsi fleischlich ver-
1656 3054 2620 3273 der Christma hättel halber.
1169 3172 1481 3293 gesten
1163 3135 2600 3385 ist er bey diser confrontation zu keiner
1156 3270 2636 3508 vorkommenen bekantnuß zu bringen gsin.
1159 3390 2600 3650 sich auch der übrigen beiden als Thorelins
1184 3512 2637 3711 seiner dienstmagt und dabis mueterlich
1170 3610 2656 3848 deren halber Vnschuldig sey, gentzlich ent¬
1143 3744 2624 3933 schlagen. Wie solches die alhar gebrachte
1155 3859 2613 4081 Schrifftliche confrontation, vnd examina¬
1116 3958 2669 4190 ction, sub dato 17. septembr mit mehre
1151 4127 1676 4286 rein außwyßt.
2022 4258 2262 4366 o
1143 4268 2635 4472 Warauff mein gnedig herren wegen
1157 4386 2679 4602 noch etlicher andrer hinzugeschlagner und
1171 4516 2638 4700 von erlach har eingelangter anklegten.
1146 4637 2712 4815 vnd informationen, das beste sein befen¬
1141 4750 2683 4937 oen beide den furm und sein wernen.
1145 4881 2658 5061 zu verneren examination gewarsam,
1109 4964 2671 5190 slich aller bergken zu laßen, wie dan
1145 5106 2680 5297 auch geschechen, vnd darauff vorgemel¬
1154 5236 2646 5408 ter mein hochgeehrter Herr alt zeügherr
1171 5334 2688 5519 lerben laut zeduls underm 23. sept 1658.
1132 5436 2674 5614 an mihr die kenner, zum examinatore
1152 5551 2698 5753 verordnet worden, mit beuelch sy beide
1155 5657 2730 5887 über den verdacht deß eingegebnen trunke
1172 5822 2711 6008 sonderlich inne mein zu examiniren
1157 5925 2700 6111 sy gegen einanderen zu confrontiren
1139 6041 2684 6239 und mit zimlicher Marter beken zu
1118 6150 1491 6329 glaßen
4500 1512 4627 1651 39
3045 1463 4617 1716 Nachdemme nun dise beide personen alhier
3062 1639 4619 1808 gefengklich angelangt, vnd mein hochgeehrter.
3066 1736 4566 1902 herr alt zeugherr Lerber dieselbigen, vnd
3040 1824 4661 1974 zwar anfängklich die dienen den 20. Octob.
3058 1916 4677 2050 1658 in beysein hern alt Castlanen Abraham
3074 2017 4683 2194 Lienharts auch ir gn. Dienern großwei
3082 2110 4635 2289 fals grichtschreibers und weiblen, ernst
3048 2200 4630 2382 w�rtig uber ire hievor gethane vergicht be¬
3077 2303 4599 2521 fragt und examinirt, hat dieselbige über
3028 2409 3074 2496 11
3090 2436 4604 2608 den puncten deß von Turn empfangnen
3065 2529 4644 2716 trunks und außgetribner leibsfruchten
3090 2641 4615 2840 halber, daß sy daßelbig bekent und den
3093 2746 4647 2965 turni darumb anklagt habe, sich gentzlich
3092 2865 4707 3092 bestürzt und dergestalt sich gestelt, als ob sy
3082 2959 4714 3174 auch nit wüßte, daß vorgemelte meine
3085 3071 4668 3315 hochgeehrten herren Venner Bucher, vnd
3085 3185 4719 3363 Herr Weber bey iren zu erlach gsin seyen.
3086 3286 4770 3471 weniger, daß sy solches bekent habe und
3101 3392 4675 3580 ob es schon geschechen were, hette sy imme
2666 3426 2759 3578 .
2733 3537 3087 3657 van habe Iren
3100 3493 4862 3685 und ihren selbs diß orts unrecht gethan, zwar
2712 3620 3067 3735 aber selbigen
3125 3625 4804 3819 habe der weibel Gyßler von ins sy auff
2711 3683 3095 3808 morgens guten
2730 3758 3099 3889 starken weinen
3117 3725 4706 3917 gewisen dergleichen sachen zu bekennen
2717 3838 3076 3959 zu trincken geben
2725 3843 4781 4065 ind der gene, das werde sich aber gar nicht erfinden, habe
2713 4002 3109 4113 weibel zuer
3141 3961 4681 4156 kein leibsfrucht weder von Turm
2726 4064 3136 4183 getriert sollen
2713 4084 4755 4264 has sagen, sonste noch sonsten niemahlen gehebt, ußert
2707 4249 3124 4353 de man sy an ein
3118 4199 4809 4383 allein das letste kindt, in maßen sy diß
2724 4299 3160 4433 ert aufghencken und
3129 4290 4902 4511 ermeltem weibel undermundts erhalten.
2734 4383 3119 4517 ie par stund da
2728 4457 3465 4609 gangen laßen, sy wolle.
2723 4540 3082 4655 doch nur umb
2732 4615 3113 4718 im halten streich
4758 4671 4824 4740 .
2743 4607 4776 4836 s thun, sy als aber auff dise fürgefallene entschlache
3115 4731 4852 4941 nuß und anklegt ermelten weibels mein
3098 4845 4663 5054 hochgeehrter Herr alt zeügherr herber
4647 4994 4707 5069 .
3116 4965 4660 5155 sch und vor anwendung der Marter
3109 5072 4696 5282 die sach widrumb fur mein gnedig.
3104 5169 4842 5389 herren getragen und dieweillen under
4783 5359 4829 5458 .
3116 5286 4770 5503 deßen auch darzu geschlagen, was gestalten
3142 5445 3188 5526 .
3138 5386 4836 5627 turm sehr viler verüebter extorsionen
3122 5516 4770 5745 vnd vbernutzungen, von 25. Vnderschi¬
3140 5644 4764 5871 denlichen personen anklagt worden.
3127 5748 4799 5994 und daß er auch auff ein zeit solle seinen
4671 5889 4733 6002 .
3125 5864 4683 6104 Vatter geschlagen haben, habend mein
3122 5967 4792 6200 gnedig herren und oberen gut funden.
3144 6102 4770 6349 und bemolchen, weillen die zween ire
