5472 7296
1376 1599 2525 1855 Caigiel Buren
1453 1752 2482 1951 Hans Burens tochter ab
1460 1873 2417 2074 dem Surenhorn hinder
1695 2000 2263 2197 Berensperg.
1143 2101 2701 2400 Nachdem vorgeschribner s früender
1149 2271 2674 2539 Mathis Küechler, zu Friensperg ge¬
1179 2394 2599 2666 fengklich ergriffen und eingesezt
1180 2496 2689 2742 worden, und allerhand umbständ sich
1185 2638 2705 2859 eringt, daß er nit nur das gemel
1170 2738 2602 2980 te Jörlin Anni Hagelstein, sonder
1186 2855 2682 3102 auch, die andren beide Babi Berner
1190 2960 2675 3201 und das arme Stumlin gefellt und
1202 3101 2695 3354 in unzucht mißbraucht haben werde.
1185 3218 2662 3457 neben demme diß Margreth Buren
1202 3346 2676 3619 sonst sondergredt genant, sich bey
1186 3486 2703 3689 vorigem küechler sehr vil zugezogen
1179 3612 2629 3832 furgebend, daß es alle wol die
1169 3751 2668 3978 Junge Suppen, oder muß bruch¬
1192 3877 2677 4102 alda abgeholt, ist daßelbige glei
1170 4011 2654 4228 cher gestalt zu red gestelt worden.
1170 4147 2606 4340 denselben deß zweymahligen bey¬
1144 4288 2717 4526 schlauffs anklagt, deßhalb nach bey
1152 4419 2625 4625 gefuret, gegen Küechler (weillen
1170 4542 2640 4743 er deßen gentzlich nit gestendig sein
1162 4662 2709 4871 wollen alhier im Thurn confrontirt
1167 4771 2713 4982 worden, und obwol es bey selbigen
1171 4895 2687 5120 examine von seiner anklag wider
1143 5038 2645 5247 küechler gar nit abstohn wollen.
1132 5163 2623 5364 hat es doch hernach auff Kuerren
1144 5295 2676 5511 bekent, daß es imme unrecht gethan
1112 5422 2704 5642 hingegen einen Kuchgerbuben ange
1151 5547 2692 5770 den und den küechler diß orts
1105 5685 2700 5880 genzlich entschlagen und weillen
1130 5801 2708 6006 Küechler diß punctens halber sein
1112 5926 2676 6138 unschuld zugleich an der Marter
1123 6066 2680 6284 erhalten, habend mehren in geseß
1094 6190 2698 6428 nem Raht, auff geschechne relation
4486 1460 4637 1588 45
3074 1542 4590 1792 erkent und gesprochen, daß von solchen
3069 1716 4482 1906 betrugs und freüerlicher haltscher
3069 1823 4602 2006 anklag wegen, ein monat lang in
3073 1941 4417 2132 das schallenwerk eingeschmidet
3059 2065 4361 2249 und enthalten werden solle.
3052 2183 4144 2341 Actum 12. martii 1659.
