5472 7296
4792 1475 4848 1605 1
3397 1543 4426 1783 Asbet Winkler
3531 1726 4121 1908 auß der lengg.
3210 1990 4862 2217 Ist weybsperson ist auß der lengk alhar¬
4005 2107 4360 2200 deß spithalten
4811 2162 4867 2245 .
3165 2121 4813 2352 In die obere gefangenschafft verschaffet
3201 2232 4777 2416 und wegen töchsten Verdachts, daß sy
3205 2360 4957 2560 Ires todt auff die welt geborne Vnehrliches
3192 2457 4899 2666 kind, an der geburt eintwillig verwahr¬
3213 2599 4863 2805 loset habe, den 29. Novembr. 1656. durch
3218 2706 4742 2917 meinen hochgeehrten herren Niclaus
3195 2829 4766 3057 Lombach deß kleinen Rahts, in bey sein
3171 2960 4819 3196 Herren Johannes Stuelers alten handt¬
3202 3081 4874 3269 vogts von Chillen, und den Großweibels
3215 3202 4870 3405 von Lauternow, anfangs ernstwortig
3196 3348 4892 3523 folgends aber den 2. decembris diß jahrs
3201 3497 4800 3689 obstahl mit antrowung der Marter
3229 3576 4883 3825 examinirt worden, und hat bekent, wie
3211 3770 3726 3936 volget
3206 3889 4867 4096 Wie daß Anthoni Steiret ab der langg sy
3252 4014 4848 4188 oweit bethöret, daß sy imme und also er
3233 4137 4939 4327 Iren die ehe verherochen einen Zalpfennung.
3227 4240 4926 4449 anstatt einer ducaten auff die ehe geben
3209 4355 4926 4550 der sy volgends beschlaffen und geschwan
3186 4479 4977 4676 geret habe maßen sy ire daher ervolgte
3713 4603 3831 4695 D
3227 4603 4914 4795 leibsfrucht bey 7 monat lang getragen.
3222 4714 4926 4936 endtlich aber bey ohngefehrd dreyen wochen
3209 4866 5000 5085 vor der gemißt In Irem leib kein regung.
3216 4989 4917 5193 deß kindts mehr geheürt, sonder müeße
3231 5117 4924 5333 erachten, daß es schon so lang in muter
3234 5239 3902 5442 leib todt gelegen.
3196 5412 4980 5635 Als aber die zeit irer geburt herzu gemachet
3215 5542 4974 5751 und man iren etwas seine oder lischen in
3224 5658 4948 5866 die stuben getragen, weillen sonsten im
3228 5795 5041 6006 hauß kein andrer blag gewesen, habe sy das
3211 5926 5000 6131 lind daruff geboren, In maßen daßelbig
3190 6036 5007 6231 keinen dahl bekommen, noch sonsten ver¬
3220 6186 5016 6375 warloset worden, wie dan ire schwester
3223 6297 5002 6527 vnd Catrin Schleppin, die sy darzu beruefft
