5472 7296
1313 4189 1381 4314 I
1355 1446 2922 1683 Die Vrsach aber, daß sy selbiges kind hieuor
1363 1571 2874 1757 dem Gilgen schmid zugesprochen, seye ge¬
1396 1665 2905 1863 wesen, daß besagter Willen ihro versprochen
1416 1784 2329 1958 ir beklag guts zu thun.
1245 1894 2915 2086 Anlanget den Girer Reuter habe schadenselben
1425 1999 2910 2179 hieuor vnschuldig angeben, dann derselbig sich
1412 2083 2882 2247 niemahlen mit ihro vergang, Inmaßen sey
1417 2171 2516 2371 Ihne hiemit offentlich entschlattze.
1368 2278 2927 2477 Sonst habe sy sich auch gleich zu anfang deß 1656
1386 2399 2869 2574 jahrs mit Heinrich Schmid, welcher nachts
1398 2498 2909 2670 zu ira hinein gestigen und über alles warnen
1391 2601 2905 2760 daß sein Bruder Gilgen albereit sich mit tra
1380 2694 2834 2870 vergeßen, darab nichts thun wellen, sonder
1403 2785 2830 2962 gantz wider ihren willen sich an ihro mit
1370 2897 2189 3080 wekenschheit vergeßen
1289 2981 2939 3186 Als aber sey gedachter Heinrich Schmidt volgen
1382 3116 2788 3287 Den 6. junii weilen er disen fähler gentzlich
1407 3218 2859 3379 vernemen gegen diser abman Wandflich
1407 3307 2861 3437 persohnlich confrontiert worden, hat die
1396 3417 2857 3548 selbige imme under mundts erhalten, daß er
1389 3487 2891 3663 nachts zu tra hinein gestigen, da sy albereit
1376 3581 2874 3768 im beth by iren kinderen gelegen und nach
1620 3702 1668 3751 d
1395 3692 2851 3866 dem er dren auff befragen gesagter heiße
1385 3791 2899 3931 Heini Schmid habe sich imme geantwortet, syn
1342 3885 2881 4050 Bruder kilchen sy albereis by tragentschen
1405 3984 2663 4147 es gebe nichts, sölle sich fort machen.
1337 4086 2758 4237 Darüber vonicht erwindend gesagt, habe.
1361 4183 2844 4339 was inne das siev) geheye und ohngeacht
1402 4278 2840 4440 i es imme hefftig abgewehrt, sey er doch
1368 4372 2891 4558 endtlich ires lybsmächtig worden und
1385 4465 2900 4653 ohngefahrlich by einer halben stund by iren
1340 4581 2845 4764 gebliben und über die frag, wie sich und
1397 4686 2859 4869 habe nachts erkennen können, gahr sy zum
1388 4788 2868 4966 antwort an seinen langen fingeren und
1375 4893 2849 5105 an der stimm auch etlicher gstalt im angsicht
1344 4987 2678 5202 dan der mand habe heiter geschinden.
1283 5110 2881 5304 Vnd nachdeme sy volgendts den 25. Junii durch
1324 5266 2887 5437 wolermelten herren heimlicher Sackbrott und
1344 5363 2887 5523 Ire Großweibel von Paternome anst ober
1364 5483 2908 5648 keitlichem befelch In by syn mittel Rahts wy
1376 5571 2875 5760 vatschehe, auch herr altvogt Brak Fipfers
1351 5672 2895 5879 und Her Johannes Holtzers im streckethurn
1331 5770 2870 5963 weiters zwar anfangs nit worten wolle
1354 5886 2891 6056 gendts aber mit einfacher Marter peinlich
1335 6011 2926 6192 examinirt worden, hat dieselbige by einmahlige
1333 6089 2917 6347 lehren auffzug vorige ere bekantnuß bestattget
4773 1458 4859 1541 8
3207 1467 4943 1707 Weilen aber mehr anzogner Heini Schmidt hierüber
3276 1670 4920 1810 ungracht er glycher gestalt zur marter gefüert und
3300 1724 4929 1908 Ime dise bständige bekantnuß vorgehalten, vnd synen
3241 1831 4897 2000 fähler nun mehr zu bekennen starck zugesprochen
3272 1924 4871 2053 worden) nochmahlen auff seiner vernemung und
3292 2043 4970 2144 entschuldigung mit bewegenden worten verharret
3292 2113 4980 2280 und von deßwegen noch verners in dise lichtfertige
3291 2212 4931 2378 dienen gesezt worden, hat dieselbe nach langenn
3269 2312 4936 2493 ufferigten zusprechen mit jr großweibel aber
3272 2419 4980 2585 sonderlich zu reden begerdt, demme sy nach genommen,
3293 2521 4907 2695 nein aberit einzig hernach aber vor übrigen
3287 2617 4987 2806 mherren examinatoren ohne und volgendts wider
3302 2714 4963 2910 rumb an der marter erhalten und bekent, daß
3270 2814 4994 3003 sy gesagtem Heini Schmid unrecht gethan, dan nicht
3294 2930 4961 3110 er, sonder vor anzogner Hans Willen sey nachts
3265 3030 4914 3221 zu Ihren hierin gestigen sey also nur auß neid
3274 3140 4971 3327 geschechen, weilen er sich Jederwylen angefindet
3258 3250 4946 3449 habe, sonsten habe dem gemelts willens frauw
3257 3369 4934 3559 s dergestalten auch am Kopf zerschlagen, daß
3265 3475 5006 3658 sy wenig sinns mehr habe, und also schier nit wüße
3198 3615 3749 3748 was sy redt.
3464 3755 3790 3844 hergerier
3211 3750 5018 3986 Weilen aber selbiger zeit die dienen schwangern
3288 3887 4881 4082 leibs gewesen ist dieselbe den 27. Juny 1636. Im
3281 3981 4924 4162 Oberen spittal biß zu Tror gerißt anseysen
3262 4093 4945 4284 geschlagen mehr gedachter Heini Schmid aber
3242 4220 4920 4392 der gfangenschafft vnd obiger anklag halber
3256 4330 4735 4498 ledig erkent worden Actum ut supra.
3187 4468 5004 4692 Aufgegebenn bericht, daß gemelte dienen deß
3259 4608 5022 4743 Schwangeren leibs entladen vnd außgekindt,
3239 4719 5046 4885 bettet habe, ist diß process auß deß hievor
3251 4819 5051 5022 gewesnen grichtschrybers fr Hans Leonhard
3240 4930 5008 5134 Engels vberlaßnen Thurnbuch auß Ober¬
3248 5051 4981 5270 keitlichem beuelich außgeschriben Ir Gull
3254 5166 4967 5386 zu dero verneren erkantnuß vorzutragen
3234 5297 4026 5511 Den 25. febr 1657.
