5472 7296
1311 1560 2758 1878 gefunden worden und gar umb vil schlechter
1275 1702 2825 1924 Halß duraten gold, welches ein zimliches nach reden
1330 1805 2812 2061 verursachet, so weit daß ermelter herr
1321 1909 2803 2174 vanstor auff offener wedel gaßen zu lygen
1322 2021 2825 2265 Inna Fronckin einen dieben geschalten, wellen
1329 2132 2783 2447 Inne fencken laßen, ohne daß fronckin
1280 2275 2826 2546 wider solche wort einiche instand gethan, noch
1351 2420 2823 2674 reparation gesucht habe, endtlichen nach dem
1352 2508 2819 2776 diser faltsche duraten schlag zu St. Gallen laut
1351 2677 2782 2929 brecht worden hat man dieselben offentlich
1376 2775 2783 3018 verrünfft und den schlag oder abtruck an
1377 2909 2814 3161 alle Eggen der statt auffgekleibt solcher
1370 3069 2806 3262 faltschen duraten pragung und einschlein
1362 3195 2816 3398 kung derselben by zeiten den weg abzu¬
1403 3313 2836 3514 chneiden, welches also selbigen mahls deß
1371 3427 2857 3646 frontins verfluchte arbeit deß orts gestelt,
1371 3579 2226 3735 und verhinderet hette.
1316 3746 2792 3990 Vber diß alß man noch alle weil an
1318 3910 2821 4122 pragung der faltschen batzen gearbeitet
1383 4034 2835 4217 sind imm Mönchin für 12000 florin der
1366 4152 2797 4356 geschmeltzten Klumpen faltscher materi
1401 4267 2866 4472 erdapt worden, die er Inn Gruff verordnet
1386 4383 2855 4612 hatte gegen aller gattung wahr und sachen
1358 4504 2844 4730 so er seinen gespanen zu schickte vnd aber
1407 4658 2809 4838 mit urtheil und recht ime confiscirt
1343 4761 2850 4965 worden, der meiste theil aber so zuvor der
1380 4890 2824 5106 Enden durch passiert, hat nit mögen ent¬
1412 5010 2825 5246 deckt werden, ohngeachten diser schandtliche
1408 5160 2818 5388 handel schon vil jahr dahar im schwanck
1338 5266 1767 5474 gegangen.
1517 5459 1603 5565 5
1367 5536 2869 5746 Zum Sibenden die Information betreffend
1377 5623 2848 5867 Iso mehren landtvogt zu Lausannen auß ober
1431 5727 2853 5974 keitlichem befelch und auf verwilligung
1405 5825 2839 6078 Der hochgeachten herren Syndicques
1421 5919 2815 6158 und raht zu Gruff den 21. maii 1657.
1430 6001 2872 6289 auffgenommen, ist bey der außag under
1422 6126 2865 6406 schidenlicher zeugen wohl daruff zu
1429 6239 2828 6494 mercken, sonderlich under anderen
1428 6378 2822 6627 auff hievor gedachts Andre Patrons
4678 1502 4763 1588 16
3209 1561 4737 1813 welcher by seine eyd, geredt er habe gedeütem
3248 1714 4838 1927 Fronckin zumalen einiche batzen auffgewechßlet
3264 1809 4825 2008 noch überlifferet, habe auch diser sach halbern
3229 1911 4818 2127 mit meodore Bourgnet, Alß er von demselben
3233 2010 4791 2206 Ao 1646. deßwegen ersucht worden niemahlen
3252 2174 4820 2331 tractieren wollen in bedencken sprach er daß
3262 2244 4772 2418 es verbotten wahre, da er doch durch einen
3251 2348 4775 2567 gwüßen accord den er den 23. sept 1646.
3168 2416 3253 2541 e
3207 2465 4816 2674 zu gunsten deß fronckins und inderts ein
3252 2598 4884 2791 gegangen und mit eygner hand underschriben,
3260 2702 4811 2921 Alß man denselben in Gerich ire haltsche
3206 2823 4833 3024 Batzen in arrest genommen hatte selbs be
3235 2955 4845 3178 kent auff betrügliches vorschriben und bei
3271 3089 4865 3311 gehren deß gemelten Conchins vnd Inderts
3268 3204 4847 3418 er habe mit denselben tractiert, daß sy für
3258 3340 4926 3554 Inne zu Eyon durch herren stassel gutmachen
3273 3459 4903 3693 söllindt 2174 franck lb von weßwegen er
3265 3610 4952 3837 denselbes in Bern und anderen eydtgnösischen
3217 3752 4988 3979 Batzen übergeben und gelineret habe 7480 fl.
3293 3879 4879 4121 per 3 baren daruß abermahl zu sehen, daß
3292 4021 4930 4243 der obgemelte accord haltsch und erdichtet
3291 4151 4896 4374 gewesen beides die oberkeit zu Zürich
3204 4280 4958 4509 wie auch bern hinder das liecht zu füehren
3277 4423 3983 4631 und zu betriegen.
3258 4611 4912 4860 sein dem Schreiben deß herren Jean Laubigen
3314 4786 4876 4942 von Gruff welches aber die rahtsherren
3274 4903 4912 5089 zu Wauff der Information und procedir
3305 5009 4981 5191 einzusetzen nit habend gestatten wollen, ver
3306 5128 4926 5332 meldet, er alß er im dienst by herren binet
3284 5256 4974 5447 Ao 1654. im Wepell begriffen wahre, habe
3297 5368 4995 5590 er gesechen underschidenliche mahl Bernbaren
3306 5485 4984 5693 schmeltzen und sy zu klumpen machen, die dem
3278 5612 4969 5827 fronckin seyend ubergeben worden, wüße aber
3313 5745 4977 5943 nit, wo oder wie er dieselben verbraucht und
3324 5879 4974 6123 gracht er im selbigen Wegel gemeinder
3323 5965 4934 6261 gsin sey auß welchem man aber klarlich
3335 6073 4932 6381 fließen kan die heimliche continuation und
3308 6196 4929 6472 fortsetzung der bosen und Criminalischen wor
3274 6307 4954 6613 responden und verstandtnußen gemelten fronckins.
