5472 7296
928 1388 1024 1540 6
1261 1525 2834 1729 hafften worten examinirt und befragt worden.
1262 1656 2755 1818 hat derselbige, so wol frey willig, als auch da¬
1270 1749 2789 1893 rüberhin im streke thurn mit angewendter
1281 1849 2750 2024 einfacher peinlichen marter bekent und be
1234 1963 1954 2140 gstendigklich erhalten.
1257 2036 2804 2232 lamlich und deß ersten, als er steter pfruen,
1234 2172 2791 2324 der mit voranzogner elteren schwester Anna
1268 2264 2774 2416 durs durch vilfaltigen unkenschen beyschlaff, sein.
1265 2358 2760 2521 bösen fleischlichen mutwillen vil und offtmahl
1285 2457 2782 2618 getriben, deßen zahler selber nicht wüße und
1274 2556 2721 2729 sy endtlich von imme schwanger worden, habe
2704 2717 2747 2777 .
1291 2653 2708 2835 er es bey diser that nicht bewenden, sonder in
1291 2758 2653 2915 seinem bösen mutwillen verharrend, sich
1281 2878 1755 3020 gelusten laßen.
2095 2875 2756 3027 die ermelte Jungere
1279 2933 2626 3134 schwester Catrin durs, vermitleß einer
2622 3005 2714 3082 .
1254 3058 2737 3230 durch inne geschechner eheversprechung, her¬
1257 3149 2795 3317 nach auch zu dellen, in demme er pfrüender
1269 3250 2724 3442 vor ohngefehrd 6 wochen, in Ires vatters
1247 3355 2735 3513 hauß drußen zu Bümplin in einer kammeren
1255 3451 2614 3626 und in einem absonderlichen reth gelegen.
1239 3562 2646 3734 zwar auß anlaß und auffweysung der
1190 3664 2687 3827 elteren schwester, die jungere (deren
1259 3789 2637 3941 er die Ehe versprochen) zu sich genomen,
1245 3878 2558 4061 und dieselbige gleicher gestalten seines
2549 3953 2610 4031 .
1243 3994 2508 4162 bösen willens mißbraucht und also sy
1247 4084 2705 4265 wüßentlich und boßhaffter wëgs in das
1235 4208 2577 4375 greüwliche laßer der blutschändt ge
2578 4275 2619 4335 .
1205 4306 2717 4488 stürzt, ohne, daß er ungeacht vilmahligen.
1241 4420 2733 4589 fragens, item habe entdeken, noch anzeigen
1215 4539 2629 4699 igen wollen, daß er schon zu vor mit
1227 4646 2690 4822 Irer elteren schwester zu thun gehabt habe.
1228 4748 2723 4918 als welche er auch in disem fahl, der Vn¬
1187 4879 2755 5050 wüßenheit halber mit vergreßung viler
1211 4965 2149 5145 frahnen selbs entschlagen.
1201 5069 2712 5286 uber diß und obwol er s früender von
1230 5184 2756 5370 so offt und dik verüebten fähleren wegen
1249 5315 2763 5477 mit der elteren schwester eigenlich nit
1224 5404 2716 5558 weßen, noch peinlich bekennen wollen
1249 5498 2691 5683 sonder nur in zweyfel gesezt, daß nach
1225 5585 2729 5788 geschechnem beyschlaff der jüngeren er
1243 5701 2779 5889 nachmals widrumb auch mit der elteren
1224 5802 2599 5967 sich vertrabt habe, hat er doch durch die
1211 5896 2759 6104 rende bekantnuß der elteren schwester
1198 6007 2343 6195 selbs sich überzeiget befunden.
3293 1479 4800 1706 Uber welche semißeter pfruenders bekente
3303 1641 4713 1799 schwere mißhandlungen und hochstraffliche
3309 1725 4819 1891 ergernußen, mein gnedig herren schuldtheiß
3309 1813 4869 1959 räht und burger zu desto mehrer abhaltung der
3315 1897 4775 2038 gleichen bösen lasteren und menngklichen zu
3328 1973 4756 2138 einem exemper auff Iren Eidt zu Recht
4378 2071 4867 2234 daß sy er nechst
4326 2130 4386 2200 .
3313 2091 4169 2234 erkent und gesprochen.
3315 2161 4847 2353 empfehlung seiner selen gott dem herren
3299 2264 4926 2422 dem nachrichter übergeben, der inne oben auß
3316 2351 4884 2535 auff gewohnliche Richtstatt fuehren, daselbsten
3303 2439 4865 2630 Imme das haupt abschlachen, vnd also denselben
3306 2550 4836 2727 nach dem Reiserlichen, vnd loblicher Statt Bern
3285 2644 4812 2827 Rechten, mit dem Schwerdt vom leben zum
3978 2770 4049 2882 .
3302 2766 3979 2941 todt hinrichter solle.
3279 2844 4604 3074 Aequirt sambstags 17. jan 1687.
3342 3330 4646 3555 raht Landt fluch
3631 3502 4519 3659 von Trutinge
3326 3627 4985 3788 Lacherin Anna Wandtlich Peter Sumin
3298 3768 4964 3952 von Trutingen ehewyb vor ohngewahr acht
3283 3863 5013 4059 monaten wegen gefüerten ergerlichen übers
3293 3991 5041 4176 vnd vnderschidenlichen Ehebruchen alhar in die
3293 4100 5078 4271 chorgrichtliche und wylen sy sich einer blut
3295 4205 4902 4399 shand verdächtig gemacht volgendts in die
3276 4323 4979 4500 obere gefangenschafft gebuert auch gleich
3273 4454 5107 4617 daruff den 16. junii 1656 durch mitten heimlicher
3259 4551 5113 4754 Sackbrett, gern. Alt Kaßlan Bubelweiß vnd Inn
3259 4674 5094 4864 Großweibel von Luternouw by betroüwung
3270 4781 5044 4980 der marter ernstwortig examinirt worden,
3260 4898 3979 5070 Die hat nun bekent.
3276 4986 5079 5237 daß vor vngefahr funff Jahren, vnd sie har noch
3275 5139 5049 5358 ein mahl williges am herbst 1653 wey jar
3266 5230 5073 5469 gewesen sy mit Hansen sibenthaler deßglych
3284 5343 5104 5531 vor anderthalb Jahren mit Gilgen Schmid vnd
3274 5457 5019 5649 in 14 tagen darnach mit Hans Willen sich
3265 5586 4997 5766 fleischlich vertrabt vnd weilen der letste
3267 5679 5100 5903 zu underschidenlichen nach in eine ihro zu thun
3256 5801 5086 6022 gehabt, gloube vnd wüße sy anders mit, dan
3259 5898 5104 6114 daß ihr letst unehrlich kind, so sy vor etwas
3272 6028 4957 6240 mehr, als einem Jahr erzeuget, deßelben
3256 6128 4253 6343 Hanßen willens seye.
