5472 7296
939 2917 1068 3032 e
1155 1506 2683 1723 Namlichen als dieselbige, wie vorgehört
1187 1619 2705 1868 Im verschinenen Somer von Walter zeig
1195 1697 2692 1924 alhar zu iren kommen, sy fründtlich zu besuchen,
1187 1822 2641 2019 haben disere Margret angin iren, in
1178 1916 2610 2126 einer vorgestelten blatten mit dischen
1183 2018 2647 2220 den einten by dem auffscheit innenhar
1175 2135 2673 2322 von dem Kopff dem grat nach absonder¬
1164 2226 2682 2441 sich vergifftet, welchen dieselbige zu Item
1179 2340 2694 2538 Vngluck in der blatten erheiffen vnd geschen
1175 2453 2702 2669 Nachdemselben, als sy sich vbel darauff
1199 2585 2549 2779 befunden, vnd von deßwegen das
1169 2676 2625 2922 hievorgemelte purgertrank, sich
1147 2828 2656 3016 darmit zu curiren, eingenomen, habe.
1189 2927 2660 3168 disere vnzien Iren daßelbige, wie¬
1202 3039 2660 3271 gemelt, auch kinderregks mit ar¬
1147 3179 2694 3387 senico vergifftet, mit disem sy es
1203 3290 2645 3497 nachmahlen nit bewenden laßen.
1167 3439 2714 3651 sonder als gedeute Schonen darüber,
1153 3557 2652 3753 hin auch noch ein odern auffthun,
1187 3671 2692 3870 laßen und sich darauff umb etwas
1177 3811 2694 3994 beßer befunden, auch nach gewohnter¬
1168 3936 2644 4116 sein ein beuehlin genommen, habe.
1171 4041 2673 4254 sy inen daßelbige abermahlen mit
1153 4156 2674 4353 antimonio oder gifft verderbt, da¬
1155 4284 2673 4473 aber diß alles nach einanderen zum todt.
1162 4401 2697 4618 nit nach irem wunsch und bösen wil
1110 4526 2669 4735 lenwerken wollen, habe sy endtlich
1149 4658 2678 4862 von dem bösen findt unabläßlich geregt
1146 4805 2544 4989 vnd getriben, das hievorgedachte
1140 4926 2687 5116 Item vberschikte mal, mit Arsenici¬
1149 5045 2669 5256 so vil sy mit dreyen fingeren faßen.
1155 5184 2693 5386 mögen dergestalt vergifft, daß
1145 5314 2667 5467 sy endtlich daran und von dem dauon
1121 5410 2680 5609 gekochten und gegeßeren drey habe bleiben.
1132 5541 2496 5749 und das leben laßen müeßen.
1137 5708 2685 5971 ferners vor vilen jahren, da sy die
1110 5866 2708 6072 zeit nit habe namsen können, als
1103 6001 2713 6213 sy noch mit irem vorgehnden ehe
1059 6123 2713 6355 man in der ehe verpflichtet gsin
4507 1470 4646 1616 59
3080 1543 4596 1740 und auff einmal zu Burgdorff in der
3093 1661 4580 1826 statt einen gweßen jungen man von
3093 1767 4601 1922 werden, den Sy wol der person, aber
3103 1857 4705 2038 namens halber nit kenne, angetroffen
3106 1964 4668 2128 seye sy auff sein begeren auß der Statt¬
4634 2108 4673 2174 .
3083 2082 4631 2198 mit imme an ein ort gangen, alwo der
3095 2157 4542 2299 weltsche gwüste läre, daß gehebt, nüt
3093 2253 4655 2432 demme habe sy sich fleischlich vertrabt und
3093 2347 4649 2542 also irer syts einem ehebruchen begangen.
3032 2546 4607 2748 weiters in gleichem jahr, als sy irer
3091 2680 4583 2873 geschefften halb von hier hinauff gegen
3085 2760 4575 2939 thun gegangen, vnd gegen abend ein¬
4007 2846 4656 2976 sein grichen man
3114 2892 4583 3068 sterlich by disen, den langen dosen
3051 2961 3099 3043 1
3085 2981 4689 3176 bändler angetroffen und weillen sy
3102 3103 4657 3283 die nacht ergriffen, habe sy mit dem
3091 3218 4666 3414 selben, auff sein begeren, sich auff ein
3085 3333 4596 3534 anne begeben, vnd daselbsten gleicher
3088 3450 4690 3644 gestalt mit imme sich vergeßen und die
3093 3595 3667 3779 ehe gebrochen.
3088 3877 4693 4076 und auch noch im selben jahr mit ein
3202 4002 3711 4101 andern gewüßen.
3088 4007 4733 4186 sein gwüßen hat macher von Wenigen
3103 4119 4719 4324 Jochum genant habe sy sich auch in un¬
3099 4253 4466 4421 zucht und ehebruchen vergeßen,
3075 4447 4716 4679 Warauff nun hochgedacht mehren, vnd
3091 4618 4668 4756 oberen schuldtheiß raht und Burger
3093 4722 4584 4926 nach anhörung so Vnmenschlicher
3103 4851 4771 5036 morderischer auch vnderschidenlicher
3090 4954 4652 5158 unkeüschen bösen thaten und ehr
3093 5087 4715 5284 bruchen, vilen grausammen sunden
3105 5212 4759 5393 vnd laßeren auff Iren eydt zu Recht¬
3118 5312 4678 5531 erkent und gesprochen, daß zu
3107 5464 4758 5640 offenlicher exemplarischen abschafft,
3093 5598 4763 5788 vnd außreutung solcher vnerhörten
3103 5709 4637 5916 rachschreyenden funden und schandt
3108 5834 4656 6017 thaten disere Margreth Hennin
3102 5947 4669 6117 dem Nachrichten anbeuolchen und
3090 6068 4615 6253 übergeben werden, welcher sy
