5472 7296
1229 1602 2702 1757 mit gemlicher marter examinirt.
1234 1707 2706 1922 und gefekt worden, das dieselbige
1243 1811 2722 2028 vor Gott dem herren, der In alles
1236 1928 2715 2164 verborgene sicht, vnd deßen angen¬
1247 2063 2672 2292 nicht könnend betrogen werden.
1239 2223 2709 2444 sich in irem eigenen gewüßen
1222 2315 2700 2590 diser schröklichen, vnd Vnmenschlichen
1227 2463 2638 2729 that überzeüget befunden und
1226 2595 2721 2803 endtlichen, Vngeacht vilen freuen,
1196 2722 2709 2971 rlichen verlaugnens, da sy die schulden
1219 2859 2659 3103 und die that auff ander leüt hat
1247 3006 2657 3248 schieben, und wellen wollen
1237 3098 2694 3340 mit der marter zu diser bekant,
1245 3287 2690 3506 nuß der warheit gebracht worden.
1171 3378 1217 3453 9
1207 3489 2692 3759 namlichen, daß neben dem es
1234 3658 2711 3871 auß underschidenlichen auffgenom¬
1142 3774 2715 3965 menen informationen und kundt¬
1265 3914 2644 4130 schafften sich erfindt, daß sy das
1169 4001 1278 4173 .
1243 4034 2641 4231 heilige wort gottes selten und
1231 4180 2704 4362 nit fleißig besucht, hingegen aber¬
1229 4282 2643 4507 deß einen und anderen orts
1232 4422 2641 4604 ein Gottloses ergerliches leb¬
1223 4546 2664 4746 wesen gefüert Iren nebend
1150 4625 1231 4775 1
1166 4659 2691 4892 menschen verfolget, jederweylen
1192 4833 2685 5054 grausamlich Gott gelestert, geflu¬
1218 4949 2709 5182 ehet und geschworen, daß gleichsam
1207 5096 2653 5310 niemands neben iren mit frid
1203 5232 2676 5415 und ruhwen habe leben können,
1202 5364 2663 5585 und nachdem sy mit und neben
1185 5514 2677 5708 vorgemeltem Irem eheman Hans¬
1172 5631 2667 5850 kein sel von zimlich großen
1183 5777 2675 5998 schulden wegen von einer zeit
1179 5895 2663 6147 zur anderen sehr streng ge
1081 6042 2645 6237 plaget und verfolget worden.
1175 6139 2715 6403 seye sy auß ungedult, und ankommene
3130 3730 3170 3884 1
4497 1490 4657 1616 54
3142 1535 4685 1814 forcht, daß er iren ire zugebrachten
3177 1735 4702 1901 mittel angreiffen dieselben ver¬
3146 1826 4721 2030 thun und sy also endtlich völlig in die
3158 1939 4678 2115 ermut und auff die gaßen bringen.
3166 2037 4664 2229 mochte, gegen demselben Irem
4548 2201 4620 2279 .
3173 2142 4544 2360 eheman sel in solchen Vnwillen
3164 2261 4715 2458 und kleinmüetigkeit gerahten vnd
3154 2375 4692 2575 hiemit von dem eytelen und bösen.
4622 2538 4663 2614 .
3158 2492 4619 2714 gytz, als einer bitteren würgel
3184 2605 4768 2766 aller laßeren, vnd gemeinen Instru¬
3183 2721 4713 2885 ment deß leidigen Satans (welcher
3175 2829 4697 3037 dan bey dergleichen leichtfertigen
3169 2940 4714 3157 knachlosen leüten und bey solchen
3177 3051 4594 3301 glegenheiten seine dahlsteil
3197 3185 4772 3406 meisterlich anzulegen weyßt vnd
3177 3297 4709 3543 nicht feyret, daß er einen solchen
3188 3436 4714 3628 menschen vnder seinen gewalt
3174 3556 4752 3793 Vnd gehorsam gebracht, vnd ge¬
3203 3687 4775 3929 burget hat sich so weith in vergeßen,
3177 3816 4760 4042 ligkeit vberwinden, vnd einfueh¬
3163 3953 4787 4178 ten laßen, daß nachdem vor ohnge
3147 4064 4649 4283 ferd auff oder sechs wochen, sy
3188 4214 4649 4399 durch einen gewüßen armen
3185 4325 4729 4548 knaben, Vnder vorgegebnen schein
3194 4479 4633 4660 den meinsen zu richten etwas
3190 4565 4787 4839 giffts erkaufft, daßelbig mit haber,
3227 4718 4646 4956 mal geröstet, und auff einem
3210 4846 4820 5067 Schaufelin vnder einen schafft Ver¬
3211 4992 4828 5201 stoßen habe sy hernacher an einem
3230 5071 4785 5322 donstag ohngeferd umb 11 Vhrern Vor¬
3235 5218 4773 5436 mittag auff den anlaß daß ir¬
3206 5347 4794 5581 Mann sel ein suppen begert seinen
3212 5479 4815 5739 theill deß gemelten giffts in einer
3222 5596 4796 5844 gemachten abermalsupen, vnd
3175 5726 4698 6002 hernacher, weyllen es bey disem
3231 5840 4720 6076 ersten mahl nit wurden wollen,
3212 5950 4701 6186 den auffbehaltenen Vberresten
3213 6073 4636 6353 diser giffts In einer gekochten
4205 6222 4689 6383 gersterbe
