<?xml version="1.0" encoding="UTF-8" standalone="yes"?>
<PcGts xmlns="http://schema.primaresearch.org/PAGE/gts/pagecontent/2013-07-15" xmlns:xsi="http://www.w3.org/2001/XMLSchema-instance" xsi:schemaLocation="http://schema.primaresearch.org/PAGE/gts/pagecontent/2013-07-15 http://schema.primaresearch.org/PAGE/gts/pagecontent/2013-07-15/pagecontent.xsd">
    <Metadata>
        <Creator>prov=University of Rostock/Institute of Mathematics/CITlab|PLANET AI GmbH/Gundram Leifert/gundram.leifert@planet-ai.de:name=German_Kurrent_XVI-XVIII_M1(htr_id=19584)::::v=2.6.6
prov=University of Rostock/Institute of Mathematics/CITlab|PLANET AI GmbH/Tobias Gruening/tobias.gruening@planet-ai.de:name=de.uros.citlab.module.baseline2polygon.B2PSeamMultiOriented:v=2.6.6
prov=University of Rostock/Institute of Mathematics/CITlab|PLANET AI GmbH/Tobias Gruening/tobias.gruening@planet-ai.de:name=/net_tf/LA73_249_0mod360.pb:de.uros.citlab.segmentation.CITlab_LA_ML:v=2.6.6
Transkribus</Creator>
        <Created>2020-10-05T14:13:20.111+02:00</Created>
        <LastChange>2022-09-09T16:21:25.276+02:00</LastChange>
        <TranskribusMetadata docId="1334832" pageId="52361059" pageNr="25" tsid="114642837" status="IN_PROGRESS" userId="9570" imgUrl="https://files.transkribus.eu/Get?id=WOFBJKNYANXCRILRAGDZNRSH&amp;fileType=view" xmlUrl="https://files.transkribus.eu/Get?id=UXYGSVHSCCHILUUFJZOPVJQC" imageId="16059648"/>
    </Metadata>
    <Page imageFilename="Turmbuch_StAB B IX 477_00025-20200925_090247.jpg" imageWidth="5472" imageHeight="7296">
        <ReadingOrder>
            <OrderedGroup id="ro_1687513718448" caption="Regions reading order">
                <RegionRefIndexed index="0" regionRef="r1"/>
                <RegionRefIndexed index="1" regionRef="r2"/>
                <RegionRefIndexed index="2" regionRef="r3"/>
                <RegionRefIndexed index="3" regionRef="r4"/>
                <RegionRefIndexed index="4" regionRef="r5"/>
            </OrderedGroup>
        </ReadingOrder>
        <TextRegion orientation="0.0" id="r1" custom="readingOrder {index:0;}">
            <Coords points="968,1694 968,1866 1278,1866 1278,1694"/>
            <TextLine id="r1l1" custom="readingOrder {index:0;} place {offset:3; length:6;}">
                <Coords points="961,1867 1016,1867 1082,1805 1124,1827 1176,1823 1229,1856 1242,1840 1292,1830 1285,1741 1228,1716 1188,1740 1160,1723 1138,1740 1124,1728 1094,1743 1064,1733 1001,1765 952,1750"/>
                <Baseline points="968,1812 993,1815 1019,1816 1045,1816 1071,1814 1097,1813 1123,1811 1148,1807 1174,1804 1200,1801 1226,1797 1252,1796 1278,1794"/>
                <TextEquiv>
                    <Unicode>zu Erlach.</Unicode>
                </TextEquiv>
            </TextLine>
            <TextEquiv>
                <Unicode>zu Erlach.</Unicode>
            </TextEquiv>
        </TextRegion>
        <TextRegion orientation="0.0" id="r2" custom="readingOrder {index:1;}">
            <Coords points="1298,1607 1298,6346 2810,6346 2810,1607"/>
            <TextLine id="r2l1" custom="readingOrder {index:0;} person {offset:0; length:5;}">
                <Coords points="1382,1833 1617,1728 1733,1756 2221,1668 2673,1684 2664,1571 2519,1621 2316,1499 2039,1654 1848,1571 1574,1691 1366,1629"/>
                <Baseline points="1386,1756 1449,1750 1513,1745 1577,1738 1641,1729 1705,1722 1768,1715 1832,1707 1896,1699 1960,1691 2024,1686 2087,1678 2151,1673 2215,1668 2279,1664 2343,1662 2406,1660 2470,1660 2534,1663 2598,1667 2662,1672"/>
                <TextEquiv>
                    <Unicode>Bario einem irem mit knecht und</Unicode>
                </TextEquiv>
            </TextLine>
            <TextLine id="r2l2" custom="readingOrder {index:1;}">
                <Coords points="1397,1858 1791,1850 1845,1791 1934,1831 2181,1770 2316,1804 2373,1752 2445,1793 2688,1785 2718,1690 2467,1716 2329,1667 2252,1730 2089,1681 2045,1722 1861,1696 1736,1756 1691,1721 1572,1778 1502,1752 1394,1815"/>
                <Baseline points="1406,1850 1471,1844 1536,1840 1602,1832 1667,1826 1733,1819 1798,1811 1863,1803 1929,1796 1994,1789 2060,1781 2125,1776 2190,1768 2256,1764 2321,1762 2387,1760 2452,1758 2517,1759 2583,1763 2648,1768 2714,1774"/>
                <TextEquiv>
                    <Unicode>nebend dienst sich in unzucht vertrabt</Unicode>
                </TextEquiv>
            </TextLine>
            <TextLine id="r2l3" custom="readingOrder {index:2;}">
                <Coords points="1377,1973 1477,1931 1622,1966 1794,1902 1945,1932 2337,1847 2511,1903 2736,1884 2731,1813 2541,1762 2480,1815 2394,1755 2315,1823 2181,1771 2016,1837 1961,1805 1804,1859 1696,1822 1539,1885 1370,1869"/>
                <Baseline points="1386,1932 1452,1930 1519,1925 1586,1920 1653,1915 1720,1909 1787,1902 1854,1896 1921,1889 1988,1882 2055,1875 2121,1869 2188,1864 2255,1860 2322,1856 2389,1854 2456,1854 2523,1854 2590,1856 2657,1860 2724,1868"/>
                <TextEquiv>
                    <Unicode>Vnd nechst vor wiehnacht von demselben</Unicode>
                </TextEquiv>
            </TextLine>
            <TextLine id="r2l4" custom="readingOrder {index:3;}">
                <Coords points="2173,1919 2185,1920 2202,1911 2217,1919 2229,1916 2242,1920 2246,1917 2250,1921 2260,1912 2273,1912 2270,1862 2250,1867 2239,1859 2222,1860 2208,1875 2200,1873 2187,1880 2171,1881"/>
                <Baseline points="2182,1910 2208,1908 2235,1907 2262,1906"/>
                <TextEquiv>
                    <Unicode>auch</Unicode>
                </TextEquiv>
            </TextLine>
            <TextLine id="r2l5" custom="readingOrder {index:4;}">
                <Coords points="1384,2103 1651,2006 2047,1979 2129,2018 2388,1955 2780,1997 2793,1894 2521,1914 2344,1851 2285,1917 2001,1894 1940,1933 1763,1911 1593,1982 1479,1930 1377,1969"/>
                <Baseline points="1390,2024 1459,2021 1529,2018 1599,2013 1669,2007 1739,2000 1808,1993 1878,1985 1948,1978 2018,1971 2088,1965 2157,1959 2227,1954 2297,1950 2367,1948 2437,1948 2506,1948 2576,1950 2646,1955 2716,1962 2786,1972"/>
                <TextEquiv>
                    <Unicode>geschwangert worden, wenig zeit</Unicode>
                </TextEquiv>
            </TextLine>
            <TextLine id="r2l6" custom="readingOrder {index:5;}">
                <Coords points="1366,2168 1703,2104 1856,2137 1941,2088 2021,2129 2068,2082 2283,2126 2475,2052 2769,2093 2764,2014 2472,2004 2419,1959 2238,2016 1902,1990 1360,2070"/>
                <Baseline points="1374,2126 1443,2124 1512,2119 1581,2115 1650,2110 1720,2103 1789,2096 1858,2089 1927,2082 1996,2075 2066,2068 2135,2062 2204,2057 2273,2054 2342,2051 2412,2049 2481,2050 2550,2051 2619,2056 2688,2062 2758,2070"/>
                <TextEquiv>
                    <Unicode>hernach durch iren großen schwängeren</Unicode>
                </TextEquiv>
            </TextLine>
            <TextLine id="r2l7" custom="readingOrder {index:6;}">
                <Coords points="1409,2246 1604,2213 1690,2248 1837,2192 1913,2234 2163,2166 2312,2212 2457,2152 2759,2189 2766,2125 2533,2056 2409,2118 1403,2141"/>
                <Baseline points="1418,2222 1485,2219 1552,2216 1619,2210 1686,2205 1753,2199 1820,2195 1887,2188 1954,2182 2021,2176 2088,2171 2155,2166 2222,2160 2289,2158 2356,2154 2423,2151 2490,2150 2557,2150 2624,2150 2691,2153 2758,2158"/>
                <TextEquiv>
                    <Unicode>leib, vnd selbs eigene geweßne sich der</Unicode>
                </TextEquiv>
            </TextLine>
            <TextLine id="r2l8" custom="readingOrder {index:7;}">
                <Coords points="1402,2386 1552,2373 1623,2316 1831,2357 1924,2292 2442,2264 2512,2320 2600,2252 2761,2271 2756,2200 2550,2157 2265,2227 2040,2180 1909,2233 1832,2193 1690,2249 1602,2214 1393,2246"/>
                <Baseline points="1408,2332 1475,2327 1542,2321 1609,2315 1676,2310 1743,2304 1810,2298 1877,2292 1944,2287 2011,2281 2079,2276 2146,2272 2213,2267 2280,2264 2347,2260 2414,2258 2481,2256 2548,2254 2615,2254 2682,2254 2750,2256"/>
                <TextEquiv>
                    <Unicode>that überzeüget befunden, hat sy doch</Unicode>
                </TextEquiv>
            </TextLine>
            <TextLine id="r2l9" custom="readingOrder {index:8;}">
                <Coords points="1406,2475 1539,2422 1690,2466 1965,2394 2161,2382 2209,2419 2402,2359 2543,2405 2616,2355 2775,2383 2751,2302 2334,2265 2015,2328 1906,2297 1835,2358 1620,2317 1400,2387"/>
                <Baseline points="1414,2432 1481,2426 1548,2420 1616,2414 1683,2408 1751,2403 1818,2396 1885,2392 1953,2384 2020,2379 2088,2375 2155,2370 2222,2365 2290,2362 2357,2359 2425,2356 2492,2356 2559,2354 2627,2355 2694,2357 2762,2360"/>
                <TextEquiv>
                    <Unicode>so wol, als Jengedachter Ir Zuerig reuer¬</Unicode>
                </TextEquiv>
            </TextLine>
            <TextLine id="r2l10" custom="readingOrder {index:9;}">
                <Coords points="1389,2557 1563,2581 1871,2524 1997,2557 2154,2491 2366,2484 2434,2538 2512,2475 2577,2518 2649,2466 2776,2484 2774,2438 2403,2360 2209,2419 2155,2382 1805,2423 1704,2483 1519,2430 1385,2469"/>
                <Baseline points="1398,2538 1466,2533 1534,2528 1603,2524 1671,2519 1740,2514 1808,2508 1876,2503 1945,2497 2013,2492 2082,2486 2150,2483 2218,2478 2287,2476 2355,2472 2424,2470 2492,2468 2560,2468 2629,2468 2697,2470 2766,2472"/>
                <TextEquiv>
                    <Unicode>vor Jederman, vnd bey vilen ehrlichen</Unicode>
                </TextEquiv>
            </TextLine>
            <TextLine id="r2l11" custom="readingOrder {index:10;}">
                <Coords points="1389,2670 1513,2643 1604,2714 1695,2640 2010,2651 2089,2601 2246,2651 2314,2593 2418,2651 2509,2581 2785,2618 2795,2498 2529,2490 2456,2542 2171,2490 2080,2549 1704,2528 1615,2585 1382,2551"/>
                <Baseline points="1398,2646 1467,2643 1537,2638 1606,2633 1676,2628 1746,2623 1815,2617 1885,2611 1954,2605 2024,2600 2094,2594 2163,2591 2233,2586 2302,2584 2372,2580 2442,2580 2511,2580 2581,2580 2650,2582 2720,2586 2790,2592"/>
                <TextEquiv>
                    <Unicode>leuten deßelben gantz gefenlich, vn</Unicode>
                </TextEquiv>
            </TextLine>
            <TextLine id="r2l12" custom="readingOrder {index:11;}">
                <Coords points="1399,2796 1486,2809 1598,2752 1703,2796 1869,2736 2035,2736 2107,2793 2257,2738 2301,2777 2383,2703 2537,2725 2692,2686 2689,2644 2394,2654 2313,2594 2242,2663 2071,2604 1849,2685 1696,2640 1614,2714 1508,2647 1393,2683"/>
                <Baseline points="1408,2760 1471,2756 1535,2751 1599,2745 1662,2741 1726,2736 1790,2732 1853,2727 1917,2723 1981,2717 2045,2714 2108,2709 2172,2705 2236,2702 2299,2698 2363,2696 2427,2693 2490,2690 2554,2690 2618,2688 2682,2688"/>
                <TextEquiv>
                    <Unicode>gescheucht, Ja mit hochen theuwren.</Unicode>
                </TextEquiv>
            </TextLine>
            <TextLine id="r2l13" custom="readingOrder {index:12;}">
                <Coords points="1372,2896 1464,2923 1549,2861 1780,2894 1946,2845 2019,2892 2140,2838 2317,2864 2375,2813 2658,2857 2782,2828 2776,2692 2520,2760 2377,2706 2301,2776 2255,2737 2130,2795 1870,2735 1568,2824 1446,2775 1368,2806"/>
                <Baseline points="1382,2858 1451,2858 1520,2858 1590,2856 1659,2854 1729,2852 1798,2848 1867,2845 1937,2840 2006,2836 2076,2832 2145,2828 2214,2825 2284,2820 2353,2817 2423,2814 2492,2812 2561,2810 2631,2808 2700,2808 2770,2808"/>
                <TextEquiv>
                    <Unicode>Schweeren, vnd ehrverletzlichen schelt,</Unicode>
                </TextEquiv>
            </TextLine>
            <TextLine id="r2l14" custom="readingOrder {index:13;}">
                <Coords points="1399,3007 1601,2968 1684,3004 1741,2962 1798,2997 1903,2949 1980,2990 2100,2948 2330,2987 2421,2927 2557,2974 2804,2924 2801,2843 2574,2869 2492,2813 2450,2855 2140,2840 2050,2910 1912,2853 1395,2915"/>
                <Baseline points="1408,2964 1477,2963 1546,2962 1615,2960 1685,2957 1754,2954 1823,2952 1893,2948 1962,2945 2031,2941 2101,2938 2170,2935 2239,2931 2308,2928 2378,2926 2447,2924 2516,2922 2586,2920 2655,2918 2724,2918 2794,2918"/>
                <TextEquiv>
                    <Unicode>worten, daßelbige alles beständig versten</Unicode>
                </TextEquiv>
            </TextLine>
            <TextLine id="r2l15" custom="readingOrder {index:14;}">
                <Coords points="1363,3099 2022,3076 2095,3133 2170,3071 2384,3121 2542,3051 2632,3103 2777,3022 2774,2953 2719,2936 2598,2998 2426,2930 2201,3014 2115,2957 1978,2990 1899,2951 1718,3031 1515,2985 1360,3028"/>
                <Baseline points="1374,3086 1443,3084 1513,3083 1582,3082 1652,3080 1722,3078 1791,3076 1861,3072 1930,3070 2000,3067 2070,3064 2139,3061 2209,3058 2278,3054 2348,3050 2418,3046 2487,3043 2557,3038 2626,3034 2696,3030 2766,3026"/>
                <TextEquiv>
                    <Unicode>neinen vnd verlaugnen dörffen, da¬</Unicode>
                </TextEquiv>
            </TextLine>
            <TextLine id="r2l16" custom="readingOrder {index:15;}">
                <Coords points="1395,3207 1802,3187 1866,3239 1944,3178 2015,3228 2124,3184 2205,3222 2625,3138 2800,3181 2795,3038 2743,3034 2593,3119 2192,3075 2095,3133 1679,3074 1499,3130 1391,3088"/>
                <Baseline points="1404,3194 1473,3191 1542,3189 1611,3186 1680,3184 1750,3182 1819,3180 1888,3178 1957,3176 2026,3173 2096,3170 2165,3168 2234,3166 2303,3163 2372,3160 2442,3158 2511,3156 2580,3154 2649,3152 2718,3150 2788,3148"/>
                <TextEquiv>
                    <Unicode>dan ein theill selbiger schwüeren und</Unicode>
                </TextEquiv>
            </TextLine>
            <TextLine id="r2l17" custom="readingOrder {index:16;}">
                <Coords points="1396,3326 2791,3303 2787,3188 2627,3140 2541,3214 2416,3168 2196,3233 2134,3193 1975,3244 1909,3196 1866,3239 1789,3189 1544,3234 1392,3205"/>
                <Baseline points="1406,3302 1474,3300 1543,3298 1611,3296 1680,3293 1749,3290 1817,3289 1886,3286 1954,3284 2023,3282 2092,3280 2160,3278 2229,3274 2297,3273 2366,3271 2435,3270 2503,3268 2572,3266 2640,3264 2709,3264 2778,3262"/>
                <TextEquiv>
                    <Unicode>Gottslesterlicher worten, vor Christ¬</Unicode>
                </TextEquiv>
            </TextLine>
            <TextLine id="r2l18" custom="readingOrder {index:17;}">
                <Coords points="1408,3428 1493,3462 1571,3407 1824,3448 1950,3416 1999,3452 2081,3390 2264,3413 2446,3362 2537,3442 2674,3370 2755,3390 2753,3340 2565,3290 2426,3340 2258,3306 2069,3340 1996,3291 1903,3332 1866,3300 1681,3342 1405,3325"/>
                <Baseline points="1418,3414 1484,3413 1550,3411 1616,3409 1683,3406 1749,3404 1815,3400 1882,3398 1948,3395 2014,3392 2081,3389 2147,3386 2213,3383 2279,3380 2346,3378 2412,3376 2478,3374 2545,3372 2611,3372 2677,3372 2744,3372"/>
                <TextEquiv>
                    <Unicode>lichen und züchtigen ohren ohne</Unicode>
                </TextEquiv>
            </TextLine>
            <TextLine id="r2l19" custom="readingOrder {index:18;}">
                <Coords points="1436,3545 1794,3547 1849,3497 1896,3531 2096,3497 2193,3538 2376,3499 2451,3547 2546,3504 2659,3530 2755,3502 2751,3393 2615,3454 2368,3455 2211,3389 1831,3462 1564,3411 1434,3478"/>
                <Baseline points="1446,3522 1510,3520 1575,3518 1640,3516 1705,3514 1770,3512 1835,3508 1900,3506 1965,3503 2030,3500 2095,3498 2159,3495 2224,3492 2289,3490 2354,3488 2419,3488 2484,3486 2549,3486 2614,3486 2679,3488 2744,3488"/>
                <TextEquiv>
                    <Unicode>sonderbare gottslesterung nicht</Unicode>
                </TextEquiv>
            </TextLine>
            <TextLine id="r2l20" custom="readingOrder {index:19;}">
                <Coords points="1423,3646 1572,3670 1615,3631 1978,3604 2107,3649 2202,3601 2308,3644 2702,3587 2700,3535 2483,3562 2383,3500 2274,3546 2221,3510 1895,3531 1850,3497 1803,3546 1614,3532 1421,3579"/>
                <Baseline points="1432,3630 1495,3624 1558,3621 1621,3618 1684,3614 1747,3612 1810,3610 1873,3608 1936,3606 1999,3604 2062,3603 2125,3602 2188,3600 2251,3599 2314,3598 2377,3597 2440,3596 2503,3595 2566,3594 2629,3593 2692,3592"/>
                <TextEquiv>
                    <Unicode>wol zu melden sind. Nachdem aber</Unicode>
                </TextEquiv>
            </TextLine>
            <TextLine id="r2l21" custom="readingOrder {index:20;}">
                <Coords points="1437,3740 1640,3796 1768,3726 1835,3765 2177,3696 2308,3756 2357,3713 2539,3709 2649,3764 2776,3713 2774,3619 2702,3605 2511,3660 2451,3609 1435,3642"/>
                <Baseline points="1448,3728 1513,3728 1579,3726 1645,3726 1711,3724 1777,3722 1843,3720 1909,3718 1975,3717 2041,3714 2107,3712 2172,3710 2238,3708 2304,3707 2370,3706 2436,3704 2502,3704 2568,3704 2634,3704 2700,3705 2766,3706"/>
                <TextEquiv>
                    <Unicode>die zeit herbey kommen und obwol sy</Unicode>
                </TextEquiv>
            </TextLine>
            <TextLine id="r2l22" custom="readingOrder {index:21;}">
                <Coords points="1413,3846 1568,3882 2172,3817 2312,3863 2519,3825 2775,3860 2774,3789 2608,3730 2483,3780 2175,3695 2125,3746 1744,3737 1640,3797 1412,3733"/>
                <Baseline points="1424,3836 1491,3836 1558,3836 1625,3836 1692,3834 1759,3834 1826,3832 1893,3831 1960,3829 2027,3828 2094,3826 2161,3824 2228,3823 2295,3822 2362,3822 2429,3822 2496,3822 2563,3823 2630,3826 2697,3828 2764,3832"/>
                <TextEquiv>
                    <Unicode>Vnderem Vorwandt einer anderen</Unicode>
                </TextEquiv>
            </TextLine>
            <TextLine id="r2l23" custom="readingOrder {index:22;}">
                <Coords points="1403,4000 1459,3962 1587,3997 1735,3952 1796,4001 1867,3951 2187,3946 2473,3950 2562,4012 2783,3950 2782,3876 2724,3850 2670,3892 2594,3847 2473,3889 2171,3816 1772,3838 1708,3883 1402,3841"/>
                <Baseline points="1414,3940 1481,3942 1549,3942 1617,3944 1685,3943 1753,3942 1821,3942 1889,3940 1957,3940 2025,3938 2093,3937 2160,3936 2228,3935 2296,3934 2364,3934 2432,3934 2500,3934 2568,3934 2636,3934 2704,3936 2772,3938"/>
                <TextEquiv>
                    <Unicode>Krankheit, von dem alten nachrich¬</Unicode>
                </TextEquiv>
            </TextLine>
            <TextLine id="r2l24" custom="readingOrder {index:23;} place {offset:19; length:9;}">
                <Coords points="1427,4091 1778,4076 1959,4132 2146,4050 2539,4052 2653,4109 2719,4074 2719,4014 2547,4012 2475,3952 1426,3985"/>
                <Baseline points="1438,4066 1501,4064 1565,4062 1628,4060 1692,4056 1755,4054 1819,4052 1882,4052 1946,4050 2009,4048 2073,4047 2136,4046 2200,4046 2263,4046 2327,4046 2390,4046 2454,4046 2517,4047 2581,4048 2644,4050 2708,4052"/>
                <TextEquiv>
                    <Unicode>der allhier und zu Newenburg</Unicode>
                </TextEquiv>
            </TextLine>
            <TextLine id="r2l25" custom="readingOrder {index:24;}">
                <Coords points="1416,4199 1556,4253 1750,4192 1983,4255 2123,4190 2727,4220 2727,4141 2499,4120 2409,4060 2210,4064 2152,4112 2102,4077 1959,4134 1780,4075 1660,4071 1600,4117 1416,4095"/>
                <Baseline points="1426,4178 1490,4178 1555,4178 1619,4178 1684,4176 1748,4176 1813,4176 1877,4176 1942,4175 2006,4174 2071,4174 2135,4174 2200,4174 2264,4174 2329,4174 2393,4174 2458,4176 2522,4176 2587,4176 2651,4177 2716,4178"/>
                <TextEquiv>
                    <Unicode>Vnderschidenliche treibende arm¬</Unicode>
                </TextEquiv>
            </TextLine>
            <TextLine id="r2l26" custom="readingOrder {index:25;}">
                <Coords points="1398,4309 1776,4340 1845,4301 1956,4348 2234,4306 2334,4360 2533,4303 2621,4356 2764,4270 2645,4208 2500,4255 2419,4206 2122,4190 1984,4256 1748,4195 1687,4249 1530,4252 1399,4192"/>
                <Baseline points="1408,4290 1475,4292 1542,4292 1609,4292 1676,4292 1744,4292 1811,4292 1878,4292 1945,4292 2012,4293 2080,4294 2147,4294 2214,4294 2281,4296 2348,4296 2416,4298 2483,4299 2550,4300 2617,4302 2684,4304 2752,4306"/>
                <TextEquiv>
                    <Unicode>negen begeren und abholen laßen.</Unicode>
                </TextEquiv>
            </TextLine>
            <TextLine id="r2l27" custom="readingOrder {index:26;}">
                <Coords points="1422,4417 1805,4411 1873,4461 1949,4414 2082,4456 2136,4407 2538,4460 2777,4437 2779,4347 2726,4377 2664,4320 2613,4357 2535,4303 2348,4371 2257,4308 2155,4355 2073,4305 1975,4358 1732,4308 1670,4348 1562,4309 1424,4336"/>
                <Baseline points="1432,4398 1498,4398 1565,4400 1632,4400 1698,4400 1765,4400 1832,4400 1898,4400 1965,4400 2032,4400 2099,4402 2165,4402 2232,4404 2299,4405 2365,4407 2432,4410 2499,4412 2565,4414 2632,4418 2699,4422 2766,4428"/>
                <TextEquiv>
                    <Unicode>auch darüber hin, biß aller nechst vor¬</Unicode>
                </TextEquiv>
            </TextLine>
            <TextLine id="r2l28" custom="readingOrder {index:27;}">
                <Coords points="1392,4573 1544,4591 1641,4512 1862,4587 2009,4513 2073,4562 2337,4525 2544,4562 2751,4530 2752,4451 2580,4485 2487,4423 2206,4457 2135,4408 1972,4475 1721,4406 1393,4422"/>
                <Baseline points="1402,4510 1468,4512 1535,4512 1602,4512 1669,4512 1736,4512 1803,4512 1870,4512 1937,4512 2004,4512 2071,4512 2137,4512 2204,4512 2271,4514 2338,4514 2405,4516 2472,4517 2539,4519 2606,4522 2673,4524 2740,4526"/>
                <TextEquiv>
                    <Unicode>der genißt, gar offt und dick nach</Unicode>
                </TextEquiv>
            </TextLine>
            <TextLine id="r2l29" custom="readingOrder {index:28;}">
                <Coords points="1427,4656 1916,4609 2409,4668 2763,4647 2778,4540 2663,4521 2552,4586 2418,4525 2320,4573 2242,4529 2062,4571 1922,4542 1845,4590 1711,4519 1613,4592 1427,4579"/>
                <Baseline points="1436,4630 1502,4628 1569,4628 1635,4628 1702,4626 1768,4626 1835,4624 1901,4624 1968,4624 2034,4622 2101,4622 2167,4622 2234,4622 2300,4622 2367,4623 2433,4624 2500,4625 2566,4627 2633,4629 2699,4632 2766,4636"/>
                <TextEquiv>
                    <Unicode>einanderen rever, das heimliche</Unicode>
                </TextEquiv>
            </TextLine>
            <TextLine id="r2l30" custom="readingOrder {index:29;}">
                <Coords points="1405,4798 1463,4756 1641,4791 1708,4751 1781,4812 1938,4759 2063,4807 2120,4759 2607,4770 2751,4749 2751,4644 2448,4697 2326,4639 2132,4665 1925,4619 1404,4687"/>
                <Baseline points="1416,4750 1482,4748 1548,4746 1614,4746 1680,4744 1747,4744 1813,4743 1879,4742 1945,4742 2011,4742 2078,4742 2144,4742 2210,4742 2276,4742 2342,4742 2409,4742 2475,4744 2541,4744 2607,4744 2673,4744 2740,4744"/>
                <TextEquiv>
                    <Unicode>gemach besucht, ist sy gleichwol endt,</Unicode>
                </TextEquiv>
            </TextLine>
            <TextLine id="r2l31" custom="readingOrder {index:30;}">
                <Coords points="1288,4905 1523,4934 1604,4873 1811,4863 2409,4925 2784,4874 2784,4770 2625,4753 2514,4835 2223,4754 2064,4806 1842,4771 1771,4810 1709,4752 1594,4821 1466,4754 1288,4796"/>
                <Baseline points="1298,4868 1371,4868 1445,4868 1519,4868 1593,4868 1667,4868 1740,4868 1814,4868 1888,4868 1962,4868 2036,4868 2109,4868 2183,4868 2257,4868 2331,4868 2405,4868 2478,4868 2552,4868 2626,4866 2700,4866 2774,4866"/>
                <TextEquiv>
                    <Unicode>lich ires unehelichen lebendigen kindts</Unicode>
                </TextEquiv>
            </TextLine>
            <TextLine id="r2l32" custom="readingOrder {index:31;}">
                <Coords points="1355,5076 1491,5009 1683,5047 1938,4991 2321,5020 2419,4980 2599,5035 2752,5012 2752,4920 2553,4880 2451,4937 2014,4871 1915,4943 1800,4949 1604,4873 1355,4963"/>
                <Baseline points="1366,4998 1434,4996 1503,4992 1572,4990 1641,4990 1710,4990 1778,4990 1847,4990 1916,4990 1985,4990 2054,4992 2122,4992 2191,4992 2260,4994 2329,4994 2398,4994 2466,4994 2535,4994 2604,4992 2673,4991 2742,4990"/>
                <TextEquiv>
                    <Unicode>genesen und niderkommen und hat</Unicode>
                </TextEquiv>
            </TextLine>
            <TextLine id="r2l33" custom="readingOrder {index:32;}">
                <Coords points="1391,5113 1501,5148 1822,5116 1957,5181 2071,5123 2218,5182 2340,5114 2409,5180 2780,5127 2780,5058 2538,5012 2433,5079 2254,4996 1854,5056 1639,5018 1392,5046"/>
                <Baseline points="1402,5106 1470,5104 1538,5102 1607,5102 1675,5104 1744,5104 1812,5106 1880,5108 1949,5109 2017,5112 2086,5114 2154,5116 2222,5116 2291,5118 2359,5118 2428,5118 2496,5118 2564,5117 2633,5115 2701,5112 2770,5108"/>
                <TextEquiv>
                    <Unicode>nach vilem antreiben, und ernstlichem</Unicode>
                </TextEquiv>
            </TextLine>
            <TextLine id="r2l34" custom="readingOrder {index:33;} person {offset:26; length:6; continued:true;}">
                <Coords points="1372,5231 1731,5235 1787,5282 1861,5225 1940,5281 2156,5231 2272,5292 2470,5242 2613,5306 2748,5250 2749,5200 2618,5134 2439,5206 2319,5128 2182,5192 2060,5123 1984,5182 1880,5127 1812,5176 1713,5134 1588,5182 1374,5133"/>
                <Baseline points="1382,5216 1449,5216 1517,5218 1585,5218 1653,5220 1721,5222 1788,5224 1856,5226 1924,5228 1992,5230 2060,5231 2127,5232 2195,5234 2263,5236 2331,5238 2399,5238 2466,5240 2534,5240 2602,5240 2670,5240 2738,5240"/>
                <TextEquiv>
                    <Unicode>vermahnen, den obgemelten Anthon</Unicode>
                </TextEquiv>
            </TextLine>
            <TextLine id="r2l35" custom="readingOrder {index:34;} person {offset:0; length:5; continued:true;}">
                <Coords points="1355,5337 1432,5325 1493,5387 1798,5356 1873,5408 1938,5358 2371,5408 2479,5362 2562,5413 2760,5364 2761,5314 2674,5288 2270,5294 2133,5238 1985,5315 1853,5226 1787,5282 1682,5229 1603,5269 1357,5237"/>
                <Baseline points="1366,5324 1435,5326 1504,5327 1573,5330 1642,5332 1712,5334 1781,5336 1850,5339 1919,5342 1988,5344 2058,5348 2127,5350 2196,5352 2265,5354 2334,5356 2404,5356 2473,5358 2542,5358 2611,5358 2680,5357 2750,5356"/>
                <TextEquiv>
                    <Unicode>Darro für deß kinds Vatter angege¬</Unicode>
                </TextEquiv>
            </TextLine>
            <TextLine id="r2l36" custom="readingOrder {index:35;}">
                <Coords points="1300,5471 1519,5439 2362,5541 2425,5497 2660,5540 2741,5501 2691,5386 2521,5451 2099,5363 1938,5424 1708,5354 1304,5372"/>
                <Baseline points="1312,5446 1383,5444 1454,5444 1525,5444 1596,5446 1667,5448 1738,5452 1809,5456 1880,5461 1951,5467 2022,5470 2093,5475 2164,5479 2235,5484 2306,5486 2377,5488 2448,5488 2519,5488 2590,5485 2661,5482 2732,5474"/>
                <TextEquiv>
                    <Unicode>ben und vernamset, dahero auch</Unicode>
                </TextEquiv>
            </TextLine>
            <TextLine id="r2l37" custom="readingOrder {index:36;}">
                <Coords points="1363,5568 1513,5647 1628,5576 1821,5575 1900,5641 2030,5587 2220,5647 2438,5630 2518,5683 2644,5606 2768,5605 2756,5537 2643,5571 2424,5497 2362,5543 1875,5468 1704,5520 1526,5445 1424,5508 1366,5487"/>
                <Baseline points="1374,5560 1443,5558 1512,5560 1581,5561 1650,5564 1720,5568 1789,5572 1858,5576 1927,5580 1996,5584 2066,5589 2135,5592 2204,5596 2273,5599 2342,5602 2412,5604 2481,5604 2550,5602 2619,5601 2688,5596 2758,5590"/>
                <TextEquiv>
                    <Unicode>ein ehrbarkeit zu erlach ursach ge</Unicode>
                </TextEquiv>
            </TextLine>
            <TextLine id="r2l38" custom="readingOrder {index:37;}">
                <Coords points="1364,5687 1926,5695 2110,5765 2300,5715 2414,5770 2473,5724 2568,5778 2821,5697 2822,5657 2711,5665 2637,5611 2516,5683 2110,5601 2044,5650 1985,5598 1894,5642 1820,5575 1511,5645 1365,5626"/>
                <Baseline points="1374,5680 1445,5678 1517,5680 1589,5681 1661,5683 1733,5687 1804,5690 1876,5694 1948,5698 2020,5701 2092,5705 2163,5709 2235,5712 2307,5714 2379,5714 2451,5714 2522,5714 2594,5712 2666,5707 2738,5701 2810,5694"/>
                <TextEquiv>
                    <Unicode>nomen beides der thatt, als auch Irem</Unicode>
                </TextEquiv>
            </TextLine>
            <TextLine id="r2l39" custom="readingOrder {index:38;}">
                <Coords points="1347,5805 1846,5813 2031,5871 2193,5829 2449,5893 2587,5820 2787,5836 2790,5719 2743,5707 2575,5801 2480,5733 2412,5771 2297,5713 2178,5781 1998,5711 1802,5760 1668,5676 1570,5732 1350,5696"/>
                <Baseline points="1358,5794 1429,5796 1500,5798 1571,5801 1642,5804 1713,5808 1784,5811 1855,5815 1926,5820 1997,5822 2068,5826 2139,5828 2210,5831 2281,5834 2352,5834 2423,5834 2494,5834 2565,5833 2636,5830 2707,5826 2778,5822"/>
                <TextEquiv>
                    <Unicode>veruebten ergerlichen lebwesen vnd</Unicode>
                </TextEquiv>
            </TextLine>
            <TextLine id="r2l40" custom="readingOrder {index:39;}">
                <Coords points="1344,5923 1541,5921 1603,5987 1680,5936 1805,5992 2019,5945 2178,5990 2224,5953 2464,5972 2510,6016 2600,5970 2648,6010 2759,5958 2762,5904 2586,5820 2418,5920 2179,5835 2061,5903 1849,5814 1732,5857 1348,5829"/>
                <Baseline points="1356,5902 1425,5906 1495,5909 1565,5914 1634,5918 1704,5922 1774,5927 1843,5931 1913,5936 1983,5939 2053,5943 2122,5947 2192,5950 2262,5952 2331,5956 2401,5958 2471,5958 2540,5960 2610,5960 2680,5960 2750,5958"/>
                <TextEquiv>
                    <Unicode>gottslesterlichen worten ernstlichen</Unicode>
                </TextEquiv>
            </TextLine>
            <TextLine id="r2l41" custom="readingOrder {index:40;}">
                <Coords points="1341,6040 1463,6029 1626,6111 1730,6051 1824,6129 1911,6072 2149,6130 2354,6086 2443,6143 2545,6081 2693,6126 2760,6095 2764,6012 2596,5976 2382,6033 2260,5955 2155,5998 1995,5949 1806,5992 1679,5935 1601,5986 1540,5920 1344,5971"/>
                <Baseline points="1352,6022 1421,6024 1491,6028 1561,6030 1631,6034 1701,6038 1771,6042 1841,6046 1911,6050 1981,6056 2051,6060 2120,6063 2190,6068 2260,6072 2330,6074 2400,6077 2470,6080 2540,6080 2610,6082 2680,6082 2750,6080"/>
                <TextEquiv>
                    <Unicode>nachforschen zu laßen, und also durch</Unicode>
                </TextEquiv>
            </TextLine>
            <TextLine id="r2l42" custom="readingOrder {index:41;}">
                <Coords points="1331,6200 1494,6229 1615,6164 1991,6228 2381,6204 2447,6270 2652,6236 2656,6146 2575,6106 2232,6142 2044,6087 1719,6140 1433,6033 1338,6046"/>
                <Baseline points="1344,6136 1409,6142 1474,6147 1539,6152 1604,6157 1669,6161 1734,6166 1799,6170 1864,6175 1929,6178 1994,6182 2059,6185 2124,6188 2189,6190 2254,6192 2319,6194 2384,6196 2449,6198 2514,6198 2579,6198 2644,6198"/>
                <TextEquiv>
                    <Unicode>auffgenomene information sich</Unicode>
                </TextEquiv>
            </TextLine>
            <TextLine id="r2l43" custom="readingOrder {index:42;}">
                <Coords points="1311,6347 1561,6341 1624,6289 1761,6368 1893,6309 2248,6380 2366,6331 2432,6379 2640,6322 2643,6279 2444,6271 2381,6202 2055,6270 1791,6181 1631,6237 1559,6183 1491,6232 1319,6194"/>
                <Baseline points="1326,6262 1391,6264 1456,6267 1521,6271 1586,6274 1652,6279 1717,6284 1782,6288 1847,6293 1912,6297 1978,6301 2043,6306 2108,6309 2173,6312 2238,6316 2304,6318 2369,6319 2434,6320 2499,6320 2564,6318 2630,6316"/>
                <TextEquiv>
                    <Unicode>gnugsam befunden, daß disere</Unicode>
                </TextEquiv>
            </TextLine>
            <TextEquiv>
                <Unicode>Bario einem irem mit knecht und
nebend dienst sich in unzucht vertrabt
Vnd nechst vor wiehnacht von demselben
auch
geschwangert worden, wenig zeit
hernach durch iren großen schwängeren
leib, vnd selbs eigene geweßne sich der
that überzeüget befunden, hat sy doch
so wol, als Jengedachter Ir Zuerig reuer¬
vor Jederman, vnd bey vilen ehrlichen
leuten deßelben gantz gefenlich, vn
gescheucht, Ja mit hochen theuwren.
Schweeren, vnd ehrverletzlichen schelt,
worten, daßelbige alles beständig versten
neinen vnd verlaugnen dörffen, da¬
dan ein theill selbiger schwüeren und
Gottslesterlicher worten, vor Christ¬
lichen und züchtigen ohren ohne
sonderbare gottslesterung nicht
wol zu melden sind. Nachdem aber
die zeit herbey kommen und obwol sy
Vnderem Vorwandt einer anderen
Krankheit, von dem alten nachrich¬
der allhier und zu Newenburg
Vnderschidenliche treibende arm¬
negen begeren und abholen laßen.
auch darüber hin, biß aller nechst vor¬
der genißt, gar offt und dick nach
einanderen rever, das heimliche
gemach besucht, ist sy gleichwol endt,
lich ires unehelichen lebendigen kindts
genesen und niderkommen und hat
nach vilem antreiben, und ernstlichem
vermahnen, den obgemelten Anthon
Darro für deß kinds Vatter angege¬
ben und vernamset, dahero auch
ein ehrbarkeit zu erlach ursach ge
nomen beides der thatt, als auch Irem
veruebten ergerlichen lebwesen vnd
gottslesterlichen worten ernstlichen
nachforschen zu laßen, und also durch
auffgenomene information sich
gnugsam befunden, daß disere</Unicode>
            </TextEquiv>
        </TextRegion>
        <TextRegion orientation="0.0" id="r3" custom="readingOrder {index:2;}">
            <Coords points="2822,3921 2822,5182 3318,5182 3318,3921"/>
            <TextLine id="r3l1" custom="readingOrder {index:0;}">
                <Coords points="2847,3992 2859,3991 2880,3972 2891,3973 2905,3969 2898,3896 2888,3897 2878,3907 2858,3900 2849,3912 2839,3913"/>
                <Baseline points="2854,3962 2894,3958"/>
                <TextEquiv>
                    <Unicode>4</Unicode>
                </TextEquiv>
            </TextLine>
            <TextLine id="r3l2" custom="readingOrder {index:1;}">
                <Coords points="2840,4080 2891,4105 2990,4059 3024,4061 3073,4098 3118,4066 3158,4093 3193,4065 3246,4066 3245,3995 3209,4000 3184,3977 3119,3995 3037,3963 2997,3959 2979,3972 2962,3959 2922,3975 2903,3962 2839,3994"/>
                <Baseline points="2850,4050 2875,4050 2901,4052 2926,4052 2952,4052 2978,4052 3003,4052 3029,4050 3054,4050 3080,4050 3106,4050 3131,4048 3157,4048 3182,4048 3208,4047 3234,4046"/>
                <TextEquiv>
                    <Unicode>dieselbige Ire</Unicode>
                </TextEquiv>
            </TextLine>
            <TextLine id="r3l3" custom="readingOrder {index:2;}">
                <Coords points="2829,4146 2850,4143 2862,4154 2871,4148 2909,4184 2932,4189 2961,4192 2997,4179 3020,4198 3047,4185 3051,4072 2991,4059 2963,4081 2942,4079 2891,4104 2852,4082 2831,4086"/>
                <Baseline points="2840,4134 2868,4137 2896,4140 2924,4140 2953,4140 2981,4140 3009,4141 3038,4144"/>
                <TextEquiv>
                    <Unicode>aussach</Unicode>
                </TextEquiv>
            </TextLine>
            <TextLine id="r3l4" custom="readingOrder {index:3;}">
                <Coords points="2811,4900 2964,4872 2989,4893 3144,4894 3190,4875 3223,4907 3263,4905 3264,4744 3147,4796 3015,4816 2812,4714"/>
                <Baseline points="2822,4864 2847,4866 2872,4867 2897,4868 2923,4869 2948,4870 2973,4870 2999,4870 3024,4870 3049,4872 3074,4872 3100,4870 3125,4870 3150,4870 3176,4870 3201,4870 3226,4868 3252,4868"/>
                <TextEquiv>
                    <Unicode>s auch endtlich</Unicode>
                </TextEquiv>
            </TextLine>
            <TextLine id="r3l5" custom="readingOrder {index:4;}">
                <Coords points="2822,4956 2929,4954 2986,4999 3031,4962 3067,4955 3087,4972 3128,4950 3309,4981 3312,4847 3199,4916 3102,4895 3051,4904 3029,4885 2997,4895 2968,4873 2823,4893"/>
                <Baseline points="2832,4942 2858,4942 2884,4944 2910,4945 2936,4946 2962,4946 2988,4946 3014,4946 3040,4946 3066,4946 3092,4946 3118,4947 3144,4948 3170,4948 3196,4949 3222,4950 3248,4953 3274,4954 3300,4956"/>
                <TextEquiv>
                    <Unicode>selbs de�en anrechen</Unicode>
                </TextEquiv>
            </TextLine>
            <TextLine id="r3l6" custom="readingOrder {index:5;}">
                <Coords points="2832,5054 2884,5037 2905,5054 2989,5026 3016,5043 3319,5029 3319,4990 3229,4975 3126,4988 3030,4963 2986,4999 2903,4949 2832,4960"/>
                <Baseline points="2842,5024 2867,5024 2893,5023 2919,5022 2945,5022 2971,5022 2997,5022 3023,5022 3049,5022 3075,5022 3100,5022 3126,5022 3152,5022 3178,5022 3204,5022 3230,5022 3256,5022 3282,5022 3308,5022"/>
                <TextEquiv>
                    <Unicode>und mit reüwen.</Unicode>
                </TextEquiv>
            </TextLine>
            <TextLine id="r3l7" custom="readingOrder {index:6;}">
                <Coords points="2819,5102 2918,5112 2947,5095 3028,5136 3135,5106 3233,5128 3327,5108 3328,5035 3190,5027 3142,5060 3092,5045 3040,5055 3000,5027 2906,5055 2845,5019 2820,5029"/>
                <Baseline points="2830,5092 2855,5094 2881,5095 2907,5096 2932,5098 2958,5098 2984,5098 3009,5099 3035,5100 3061,5100 3086,5100 3112,5100 3138,5100 3163,5100 3189,5100 3215,5100 3240,5100 3266,5100 3292,5100 3318,5100"/>
                <TextEquiv>
                    <Unicode>dem herren bekannt,</Unicode>
                </TextEquiv>
            </TextLine>
            <TextLine id="r3l8" custom="readingOrder {index:7;}">
                <Coords points="2809,5214 2819,5215 2837,5203 2880,5215 2898,5200 2910,5203 2917,5197 2923,5204 2938,5192 2949,5193 2956,5095 2946,5094 2917,5113 2903,5101 2880,5110 2874,5103 2849,5104 2841,5097 2827,5106 2817,5105"/>
                <Baseline points="2824,5158 2853,5161 2882,5163 2911,5166 2940,5166"/>
                <TextEquiv>
                    <Unicode>lich</Unicode>
                </TextEquiv>
            </TextLine>
            <TextEquiv>
                <Unicode>4
dieselbige Ire
aussach
s auch endtlich
selbs de�en anrechen
und mit reüwen.
dem herren bekannt,
lich</Unicode>
            </TextEquiv>
        </TextRegion>
        <TextRegion orientation="0.0" id="r4" custom="readingOrder {index:3;}">
            <Coords points="3228,2986 3228,3136 3248,3136 3248,2986"/>
            <TextLine id="r4l1" custom="readingOrder {index:0;}">
                <Coords points="3218,3093 3229,3093 3233,3097 3248,3083 3258,3083 3258,3036 3248,3036 3246,3039 3237,3039 3235,3036 3229,3043 3218,3043"/>
                <Baseline points="3228,3086 3248,3086"/>
                <TextEquiv>
                    <Unicode>11</Unicode>
                </TextEquiv>
            </TextLine>
            <TextEquiv>
                <Unicode>11</Unicode>
            </TextEquiv>
        </TextRegion>
        <TextRegion orientation="0.0" id="r5" custom="readingOrder {index:4;}">
            <Coords points="3230,1466 3230,6300 4934,6300 4934,1466"/>
            <TextLine id="r5l1" custom="readingOrder {index:0;}">
                <Coords points="4573,1547 4602,1550 4632,1589 4645,1589 4655,1602 4679,1597 4702,1463 4674,1467 4671,1462 4650,1461 4639,1448 4629,1446 4608,1460 4589,1454"/>
                <Baseline points="4588,1518 4618,1519 4649,1529 4680,1530"/>
                <TextEquiv>
                    <Unicode>27</Unicode>
                </TextEquiv>
            </TextLine>
            <TextLine id="r5l2" custom="readingOrder {index:1;} person {offset:0; length:13;}">
                <Coords points="3220,1660 3567,1620 3646,1670 3796,1612 4079,1676 4489,1648 4545,1693 4644,1672 4646,1534 4269,1581 4171,1539 4102,1584 3945,1539 3796,1587 3724,1523 3579,1585 3442,1520 3222,1547"/>
                <Baseline points="3230,1634 3300,1630 3370,1626 3440,1623 3510,1622 3581,1620 3651,1620 3721,1620 3791,1620 3861,1622 3932,1624 4002,1626 4072,1628 4142,1630 4212,1634 4283,1636 4353,1640 4423,1644 4493,1646 4563,1650 4634,1652"/>
                <TextEquiv>
                    <Unicode>Ursul Bonnlin neben vilen hochstraff,</Unicode>
                </TextEquiv>
            </TextLine>
            <TextLine id="r5l3" custom="readingOrder {index:2;}">
                <Coords points="3239,1755 3528,1738 3609,1789 3743,1715 3993,1803 4074,1727 4180,1774 4665,1780 4654,1669 4505,1711 4308,1707 4198,1640 4095,1690 4037,1632 3737,1690 3610,1646 3465,1705 3240,1670"/>
                <Baseline points="3250,1736 3320,1734 3390,1730 3460,1728 3530,1726 3601,1724 3671,1724 3741,1724 3811,1724 3881,1724 3952,1726 4022,1726 4092,1728 4162,1730 4232,1732 4303,1735 4373,1736 4443,1740 4513,1742 4583,1746 4654,1748"/>
                <TextEquiv>
                    <Unicode>lichen groben und bösen schwüeren sich</Unicode>
                </TextEquiv>
            </TextLine>
            <TextLine id="r5l4" custom="readingOrder {index:3;}">
                <Coords points="3257,1837 4621,1854 4621,1795 4406,1748 4172,1778 4090,1729 4002,1794 3743,1715 3607,1789 3522,1745 3258,1785"/>
                <Baseline points="3268,1822 3335,1822 3402,1821 3469,1820 3536,1820 3603,1820 3670,1820 3737,1820 3804,1820 3871,1820 3939,1820 4006,1820 4073,1820 4140,1822 4207,1822 4274,1823 4341,1824 4408,1826 4475,1828 4542,1830 4610,1832"/>
                <TextEquiv>
                    <Unicode>nit gescheucht zu verdekung deß ires</Unicode>
                </TextEquiv>
            </TextLine>
            <TextLine id="r5l5" custom="readingOrder {index:4;}">
                <Coords points="3252,1947 3446,1927 3549,1975 3608,1925 3850,1913 4206,1960 4258,1917 4371,1982 4446,1924 4680,1939 4681,1876 4478,1832 4149,1881 4070,1824 3876,1826 3781,1880 3574,1831 3380,1885 3252,1838"/>
                <Baseline points="3262,1920 3332,1918 3402,1915 3473,1914 3543,1912 3614,1912 3684,1910 3754,1910 3825,1910 3895,1910 3966,1912 4036,1912 4106,1913 4177,1914 4247,1914 4318,1916 4388,1916 4458,1918 4529,1918 4599,1920 4670,1920"/>
                <TextEquiv>
                    <Unicode>schandtlichen eintwillens und huren</Unicode>
                </TextEquiv>
            </TextLine>
            <TextLine id="r5l6" custom="readingOrder {index:5;}">
                <Coords points="3262,2049 3471,2032 3546,2087 3703,2010 3908,2067 3969,2012 4098,2044 4352,2007 4671,2045 4672,1976 4356,1980 4260,1917 4191,1969 4007,1973 3758,1922 3549,1976 3262,1933"/>
                <Baseline points="3272,2016 3341,2012 3411,2010 3480,2008 3550,2006 3619,2006 3689,2004 3758,2004 3828,2004 3897,2004 3967,2004 4036,2004 4106,2006 4175,2006 4245,2008 4314,2008 4384,2010 4453,2011 4523,2012 4592,2014 4662,2014"/>
                <TextEquiv>
                    <Unicode>fählers, so wol ins gemein den namen</Unicode>
                </TextEquiv>
            </TextLine>
            <TextLine id="r5l7" custom="readingOrder {index:6;}">
                <Coords points="4672,2024 4720,2017 4700,1930 4689,1932 4686,1937 4678,1939 4677,1942 4665,1940 4653,1943"/>
                <Baseline points="4682,2016 4708,2010"/>
                <TextEquiv>
                    <Unicode>.</Unicode>
                </TextEquiv>
            </TextLine>
            <TextLine id="r5l8" custom="readingOrder {index:7;}">
                <Coords points="4321,2070 4331,2070 4339,2062 4348,2062 4356,2068 4367,2068 4367,2008 4352,2008 4341,2014 4331,2024 4321,2024"/>
                <Baseline points="4332,2058 4356,2058"/>
                <TextEquiv>
                    <Unicode>al</Unicode>
                </TextEquiv>
            </TextLine>
            <TextLine id="r5l9" custom="readingOrder {index:8;}">
                <Coords points="3228,2133 3385,2115 3471,2186 3625,2110 3717,2156 3903,2122 3945,2164 4047,2117 4156,2178 4232,2119 4324,2152 4422,2099 4621,2140 4673,2121 4673,2046 4311,2075 4156,2014 4081,2071 3972,2017 3899,2072 3696,2018 3635,2069 3572,2025 3228,2059"/>
                <Baseline points="3238,2112 3309,2110 3380,2108 3451,2106 3522,2106 3594,2104 3665,2104 3736,2104 3807,2104 3878,2104 3950,2104 4021,2104 4092,2104 4163,2104 4234,2104 4306,2104 4377,2104 4448,2104 4519,2104 4590,2104 4662,2102"/>
                <TextEquiv>
                    <Unicode>gottes zu mißbrauchen, sondern auch</Unicode>
                </TextEquiv>
            </TextLine>
            <TextLine id="r5l10" custom="readingOrder {index:9;}">
                <Coords points="3245,2241 3359,2275 3419,2224 4255,2204 4446,2243 4629,2197 4629,2141 4560,2165 4423,2099 4319,2155 4248,2101 4159,2174 4047,2118 3945,2170 3867,2125 3723,2158 3614,2119 3464,2182 3384,2114 3245,2182"/>
                <Baseline points="3256,2216 3324,2214 3392,2211 3460,2210 3528,2208 3596,2206 3664,2206 3732,2204 3800,2204 3868,2202 3937,2202 4005,2202 4073,2200 4141,2200 4209,2200 4277,2200 4345,2200 4413,2198 4481,2198 4549,2198 4618,2198"/>
                <TextEquiv>
                    <Unicode>absönderlichen, Inne den allerhöchsten</Unicode>
                </TextEquiv>
            </TextLine>
            <TextLine id="r5l11" custom="readingOrder {index:10;}">
                <Coords points="4628,2208 4647,2208 4651,2204 4657,2208 4659,2206 4672,2206 4672,2160 4655,2158 4649,2164 4643,2160 4628,2162"/>
                <Baseline points="4638,2204 4662,2204"/>
                <TextEquiv>
                    <Unicode>.</Unicode>
                </TextEquiv>
            </TextLine>
            <TextLine id="r5l12" custom="readingOrder {index:11;}">
                <Coords points="3257,2363 3438,2297 3487,2340 3672,2306 3776,2354 4243,2292 4365,2337 4728,2253 4581,2220 4467,2264 4388,2215 4027,2265 3838,2205 3780,2254 3591,2211 3527,2262 3255,2248"/>
                <Baseline points="3266,2312 3338,2310 3411,2308 3483,2308 3556,2306 3629,2306 3701,2304 3774,2304 3846,2302 3919,2302 3992,2300 4064,2300 4137,2298 4209,2298 4282,2296 4355,2294 4427,2293 4500,2291 4572,2290 4645,2288 4718,2286"/>
                <TextEquiv>
                    <Unicode>Gott an seiner heilligen Gottlichen Ma¬</Unicode>
                </TextEquiv>
            </TextLine>
            <TextLine id="r5l13" custom="readingOrder {index:12;}">
                <Coords points="3220,2429 3339,2462 3468,2397 4044,2446 4353,2396 4445,2441 4599,2396 4657,2449 4704,2419 4702,2296 4557,2357 4474,2302 4366,2340 4067,2311 3980,2371 3678,2310 3498,2344 3439,2297 3219,2380"/>
                <Baseline points="3230,2412 3303,2411 3376,2410 3449,2408 3522,2408 3596,2406 3669,2406 3742,2404 3815,2404 3888,2402 3962,2402 4035,2400 4108,2398 4181,2397 4254,2396 4328,2394 4401,2392 4474,2391 4547,2390 4620,2387 4694,2386"/>
                <TextEquiv>
                    <Unicode>iestet und dritter person und wesen deß</Unicode>
                </TextEquiv>
            </TextLine>
            <TextLine id="r5l14" custom="readingOrder {index:13;}">
                <Coords points="3232,2569 3595,2512 3771,2563 3933,2508 4081,2549 4374,2489 4689,2534 4797,2517 4796,2445 4495,2398 4114,2458 3622,2424 3546,2482 3394,2423 3229,2438"/>
                <Baseline points="3242,2530 3319,2525 3396,2522 3473,2517 3550,2514 3628,2511 3705,2508 3782,2506 3859,2503 3936,2500 4014,2498 4091,2496 4168,2495 4245,2494 4322,2492 4400,2492 4477,2492 4554,2490 4631,2492 4708,2492 4786,2492"/>
                <TextEquiv>
                    <Unicode>heilligen Geistes, gantz Gottslesterlichen</Unicode>
                </TextEquiv>
            </TextLine>
            <TextLine id="r5l15" custom="readingOrder {index:14;}">
                <Coords points="3242,2643 3822,2614 4022,2657 4065,2614 4173,2661 4363,2585 4716,2608 4751,2528 4581,2509 4530,2553 4263,2495 4116,2556 3924,2520 3815,2587 3707,2532 3612,2583 3512,2525 3239,2566"/>
                <Baseline points="3252,2632 3326,2627 3401,2624 3475,2620 3550,2618 3624,2616 3699,2614 3773,2612 3848,2610 3922,2608 3997,2607 4071,2606 4146,2604 4220,2602 4295,2600 4369,2598 4444,2596 4518,2593 4593,2590 4667,2586 4742,2582"/>
                <TextEquiv>
                    <Unicode>vnd vilmahlen anzugreiffen vnd Gott¬</Unicode>
                </TextEquiv>
            </TextLine>
            <TextLine id="r5l16" custom="readingOrder {index:15;}">
                <Coords points="3254,2756 3349,2790 3553,2737 3701,2785 3789,2723 3922,2782 3992,2721 4081,2776 4259,2714 4392,2752 4826,2698 4824,2650 4653,2605 4496,2667 4375,2614 4245,2677 4070,2616 3969,2680 3858,2616 3447,2697 3372,2637 3251,2657"/>
                <Baseline points="3264,2742 3341,2738 3419,2734 3496,2731 3574,2728 3651,2726 3729,2722 3806,2720 3884,2718 3961,2717 4039,2714 4116,2712 4194,2710 4271,2708 4349,2706 4426,2704 4504,2700 4581,2697 4659,2693 4736,2688 4814,2684"/>
                <TextEquiv>
                    <Unicode>loserwegs zu beschuldigen, auch noch un</Unicode>
                </TextEquiv>
            </TextLine>
            <TextLine id="r5l17" custom="readingOrder {index:16;}">
                <Coords points="3226,2875 3721,2817 4374,2846 4649,2788 4703,2826 4781,2788 4778,2724 4467,2709 4373,2754 4260,2713 4085,2776 3991,2720 3922,2782 3813,2735 3471,2805 3220,2762"/>
                <Baseline points="3236,2860 3312,2853 3389,2848 3466,2843 3542,2838 3619,2834 3696,2830 3772,2825 3849,2822 3926,2818 4003,2814 4079,2812 4156,2808 4233,2805 4309,2802 4386,2798 4463,2795 4539,2791 4616,2788 4693,2783 4770,2778"/>
                <TextEquiv>
                    <Unicode>dermahlen durch benamsung der heilige</Unicode>
                </TextEquiv>
            </TextLine>
            <TextLine id="r5l18" custom="readingOrder {index:17;}">
                <Coords points="3251,2979 4007,2925 4170,2977 4274,2913 4370,2949 4471,2904 4578,2956 4661,2895 4770,2903 4767,2832 4663,2851 4589,2800 4458,2869 4310,2817 4214,2874 3899,2821 3808,2886 3247,2891"/>
                <Baseline points="3260,2960 3334,2955 3409,2951 3484,2947 3559,2943 3634,2939 3709,2934 3784,2930 3859,2926 3934,2922 4009,2918 4083,2916 4158,2913 4233,2909 4308,2906 4383,2904 4458,2901 4533,2898 4608,2896 4683,2895 4758,2892"/>
                <TextEquiv>
                    <Unicode>keit und reinigkeit der heilligen jung</Unicode>
                </TextEquiv>
            </TextLine>
            <TextLine id="r5l19" custom="readingOrder {index:18;} person {offset:5; length:5;}">
                <Coords points="3298,3084 3619,3042 3853,3073 3917,3023 4747,3030 4742,2940 4571,2955 4502,2908 4444,2959 4253,2920 4174,2977 4001,2979 3921,2929 3740,2997 3292,2965"/>
                <Baseline points="3308,3072 3379,3064 3450,3058 3521,3052 3593,3046 3664,3040 3735,3034 3807,3030 3878,3026 3949,3022 4021,3018 4092,3016 4163,3012 4234,3010 4306,3008 4377,3005 4448,3002 4520,3002 4591,3000 4662,2999 4734,2998"/>
                <TextEquiv>
                    <Unicode>fraw Maria für kein und unschuldig</Unicode>
                </TextEquiv>
            </TextLine>
            <TextLine id="r5l20" custom="readingOrder {index:19;}">
                <Coords points="3305,3234 3417,3173 3589,3212 3657,3158 3909,3131 4133,3135 4188,3181 4341,3107 4480,3150 4559,3105 4656,3157 4760,3109 4757,3042 4671,3013 4607,3071 4362,3068 4273,3014 4174,3081 3912,3028 3778,3101 3695,3049 3297,3084"/>
                <Baseline points="3312,3176 3383,3169 3455,3162 3527,3155 3599,3150 3671,3144 3743,3140 3815,3133 3887,3128 3959,3126 4031,3121 4102,3117 4174,3113 4246,3110 4318,3108 4390,3104 4462,3102 4534,3100 4606,3098 4678,3096 4750,3094"/>
                <TextEquiv>
                    <Unicode>sich dahrstellen dörffen, deßwegen sy</Unicode>
                </TextEquiv>
            </TextLine>
            <TextLine id="r5l21" custom="readingOrder {index:20;}">
                <Coords points="3298,3297 3638,3323 3769,3250 3918,3305 4014,3236 4066,3278 4610,3224 4836,3273 4848,3126 4657,3157 4550,3107 4317,3182 4102,3134 4035,3187 3932,3135 3880,3185 3296,3249"/>
                <Baseline points="3308,3282 3384,3274 3461,3268 3538,3260 3614,3254 3691,3249 3768,3244 3844,3240 3921,3237 3998,3232 4075,3230 4151,3228 4228,3224 4305,3222 4381,3221 4458,3220 4535,3218 4611,3217 4688,3216 4765,3216 4842,3214"/>
                <TextEquiv>
                    <Unicode>sampt anzogner schrifftlichen weitleüffigen.</Unicode>
                </TextEquiv>
            </TextLine>
            <TextLine id="r5l22" custom="readingOrder {index:21;} place {offset:33; length:6;}">
                <Coords points="3273,3412 4106,3345 4291,3414 4381,3326 4802,3369 4796,3246 4663,3268 4611,3224 4507,3275 4459,3233 4174,3241 4041,3314 3777,3252 3640,3325 3386,3298 3270,3341"/>
                <Baseline points="3282,3390 3357,3384 3432,3378 3508,3373 3583,3368 3659,3363 3734,3360 3809,3356 3885,3352 3960,3348 4036,3345 4111,3342 4186,3340 4262,3336 4337,3334 4413,3332 4488,3329 4563,3328 4639,3326 4714,3324 4790,3322"/>
                <TextEquiv>
                    <Unicode>information vnd Kundtschafft von Erlach</Unicode>
                </TextEquiv>
            </TextLine>
            <TextLine id="r5l23" custom="readingOrder {index:22;}">
                <Coords points="3286,3507 3376,3552 3420,3508 3733,3531 3878,3452 4004,3494 4272,3456 4337,3509 4512,3448 4648,3486 4698,3443 4693,3345 4380,3325 4291,3413 4103,3343 4034,3384 3754,3364 3452,3434 3387,3397 3283,3457"/>
                <Baseline points="3296,3494 3365,3492 3435,3490 3504,3486 3574,3484 3644,3480 3713,3476 3783,3471 3852,3468 3922,3463 3992,3459 4061,3454 4131,3451 4200,3446 4270,3444 4340,3441 4409,3438 4479,3436 4548,3436 4618,3436 4688,3436"/>
                <TextEquiv>
                    <Unicode>alhero verschikt volgends auß beuelich</Unicode>
                </TextEquiv>
            </TextLine>
            <TextLine id="r5l24" custom="readingOrder {index:23;}">
                <Coords points="3286,3624 4753,3565 4771,3497 4566,3451 4129,3527 3972,3462 3870,3530 3768,3498 3584,3557 3281,3509"/>
                <Baseline points="3296,3606 3369,3602 3442,3598 3515,3594 3589,3590 3662,3587 3735,3583 3809,3580 3882,3577 3955,3574 4029,3571 4102,3568 4175,3566 4248,3562 4322,3560 4395,3556 4468,3553 4542,3550 4615,3547 4688,3544 4762,3540"/>
                <TextEquiv>
                    <Unicode>unserer gnedigen herren und oberen</Unicode>
                </TextEquiv>
            </TextLine>
            <TextLine id="r5l25" custom="readingOrder {index:24;}">
                <Coords points="3286,3768 3505,3699 3823,3750 3892,3690 4119,3726 4330,3668 4456,3721 4584,3635 4769,3640 4765,3571 4566,3555 4434,3607 4134,3580 3942,3646 3818,3586 3708,3650 3582,3606 3523,3644 3279,3619"/>
                <Baseline points="3294,3712 3367,3706 3440,3704 3513,3700 3586,3696 3660,3693 3733,3690 3806,3688 3879,3685 3952,3682 4026,3680 4099,3676 4172,3673 4245,3670 4318,3666 4392,3663 4465,3659 4538,3655 4611,3649 4684,3645 4758,3638"/>
                <TextEquiv>
                    <Unicode>In die obere gefangenschafft gesezt, die</Unicode>
                </TextEquiv>
            </TextLine>
            <TextLine id="r5l26" custom="readingOrder {index:25;}">
                <Coords points="3265,3892 3354,3821 3479,3861 4343,3787 4397,3827 4876,3762 4828,3671 4753,3718 4644,3660 4556,3714 4211,3683 4130,3747 3775,3723 3261,3787"/>
                <Baseline points="3272,3818 3351,3816 3431,3813 3511,3809 3590,3806 3670,3804 3750,3800 3829,3798 3909,3794 3989,3791 4069,3788 4148,3785 4228,3782 4308,3778 4387,3775 4467,3772 4547,3768 4626,3765 4706,3763 4786,3760 4866,3756"/>
                <TextEquiv>
                    <Unicode>gezeigen nochmahl persönlich und sampt¬</Unicode>
                </TextEquiv>
            </TextLine>
            <TextLine id="r5l27" custom="readingOrder {index:26;}">
                <Coords points="3292,3956 4724,3924 4735,3802 4552,3777 4458,3858 4082,3799 3649,3888 3527,3848 3289,3873"/>
                <Baseline points="3302,3928 3373,3926 3444,3926 3515,3923 3586,3920 3658,3918 3729,3915 3800,3912 3871,3909 3942,3906 4014,3904 4085,3900 4156,3898 4227,3896 4298,3892 4370,3890 4441,3888 4512,3888 4583,3886 4654,3886 4726,3884"/>
                <TextEquiv>
                    <Unicode>lich alhar citirt und selbs mundtlich</Unicode>
                </TextEquiv>
            </TextLine>
            <TextLine id="r5l28" custom="readingOrder {index:27;}">
                <Coords points="3306,4054 3448,4118 3579,4028 3883,4035 3930,4076 4027,4039 4151,4104 4307,4018 4759,4026 4757,3945 4264,3979 4193,3927 3946,3994 3798,3931 3704,3993 3553,3933 3381,3995 3303,3953"/>
                <Baseline points="3316,4042 3387,4042 3459,4040 3530,4038 3602,4036 3674,4034 3745,4032 3817,4028 3888,4026 3960,4024 4032,4020 4103,4018 4175,4014 4246,4012 4318,4010 4390,4008 4461,4006 4533,4004 4604,4004 4676,4004 4748,4004"/>
                <TextEquiv>
                    <Unicode>verhört worden, welche nun nach</Unicode>
                </TextEquiv>
            </TextLine>
            <TextLine id="r5l29" custom="readingOrder {index:28;}">
                <Coords points="3282,4217 3358,4175 3450,4231 3726,4151 4246,4200 4311,4138 4792,4136 4791,4075 4475,4010 4312,4104 4091,4100 4007,4039 3933,4079 3855,4043 3775,4102 3575,4056 3447,4120 3278,4085"/>
                <Baseline points="3290,4158 3364,4156 3439,4154 3513,4153 3588,4152 3663,4150 3737,4150 3812,4148 3886,4147 3961,4146 4036,4144 4110,4142 4185,4140 4259,4138 4334,4136 4409,4134 4483,4130 4558,4128 4632,4124 4707,4119 4782,4114"/>
                <TextEquiv>
                    <Unicode>gnugsammes erleüterung mit sollen-</Unicode>
                </TextEquiv>
            </TextLine>
            <TextLine id="r5l30" custom="readingOrder {index:29;}">
                <Coords points="3297,4279 3423,4321 3614,4244 3992,4332 4064,4264 4235,4248 4656,4285 4835,4227 4835,4184 4708,4146 4605,4206 4533,4149 4376,4147 4241,4219 3907,4156 3846,4201 3657,4162 3513,4227 3296,4218"/>
                <Baseline points="3306,4262 3381,4260 3457,4260 3533,4259 3609,4258 3685,4258 3761,4256 3837,4256 3913,4256 3989,4254 4065,4254 4140,4252 4216,4251 4292,4250 4368,4248 4444,4246 4520,4244 4596,4242 4672,4238 4748,4235 4824,4232"/>
                <TextEquiv>
                    <Unicode>nischen vnd gelehrtem eidt bekreffti¬</Unicode>
                </TextEquiv>
            </TextLine>
            <TextLine id="r5l31" custom="readingOrder {index:30;}">
                <Coords points="3252,4434 3426,4355 3710,4417 4324,4357 4766,4412 4945,4373 4943,4260 4796,4235 4522,4314 4443,4259 4323,4315 4238,4258 3999,4334 3728,4264 3250,4333"/>
                <Baseline points="3262,4374 3345,4372 3429,4372 3512,4370 3596,4368 3680,4366 3763,4364 3847,4362 3930,4359 4014,4356 4098,4355 4181,4353 4265,4352 4348,4350 4432,4348 4516,4348 4599,4346 4683,4346 4766,4347 4850,4348 4934,4348"/>
                <TextEquiv>
                    <Unicode>iget und bestätiget, dardurch nun disere</Unicode>
                </TextEquiv>
            </TextLine>
            <TextLine id="r5l32" custom="readingOrder {index:31;} person {offset:0; length:13;}">
                <Coords points="3284,4505 3639,4488 3764,4550 4140,4453 4219,4495 4295,4455 4365,4514 4419,4469 4777,4473 4775,4410 4503,4423 4360,4368 3997,4429 3918,4370 3671,4441 3555,4381 3281,4409"/>
                <Baseline points="3294,4482 3367,4482 3441,4480 3514,4478 3588,4476 3662,4474 3735,4472 3809,4470 3882,4467 3956,4465 4030,4462 4103,4460 4177,4458 4250,4456 4324,4454 4398,4454 4471,4452 4545,4452 4618,4452 4692,4452 4766,4452"/>
                <TextEquiv>
                    <Unicode>Ursul Bonglin, so wol der schieneren</Unicode>
                </TextEquiv>
            </TextLine>
            <TextLine id="r5l33" custom="readingOrder {index:32;}">
                <Coords points="3288,4602 3462,4588 3601,4648 3669,4596 3983,4623 4143,4563 4514,4614 4899,4578 4853,4512 4617,4513 4543,4458 4124,4545 3997,4493 3850,4548 3589,4554 3483,4499 3287,4541"/>
                <Baseline points="3298,4584 3377,4586 3457,4586 3536,4586 3616,4584 3695,4584 3775,4582 3854,4580 3934,4577 4013,4574 4093,4571 4172,4568 4252,4566 4331,4564 4411,4562 4490,4560 4570,4560 4649,4560 4729,4560 4808,4562 4888,4566"/>
                <TextEquiv>
                    <Unicode>alls der greuwlichen Gottslesterung</Unicode>
                </TextEquiv>
            </TextLine>
            <TextLine id="r5l34" custom="readingOrder {index:33;}">
                <Coords points="3293,4755 3608,4710 3772,4754 3990,4697 4224,4756 4288,4697 4370,4743 4517,4686 4655,4756 4813,4716 4809,4576 4545,4644 4355,4570 4169,4646 4095,4604 3985,4658 3806,4613 3743,4663 3496,4674 3427,4613 3290,4646"/>
                <Baseline points="3302,4716 3377,4714 3452,4712 3527,4709 3602,4707 3677,4704 3752,4702 3827,4700 3902,4698 3977,4696 4052,4694 4127,4692 4202,4690 4277,4688 4352,4686 4427,4684 4502,4682 4577,4680 4652,4676 4727,4674 4802,4672"/>
                <TextEquiv>
                    <Unicode>halben, durch ein vberflußige anzahl</Unicode>
                </TextEquiv>
            </TextLine>
            <TextLine id="r5l35" custom="readingOrder {index:34;}">
                <Coords points="3310,4900 3449,4839 3563,4906 3650,4843 3982,4811 4150,4858 4260,4810 4338,4863 4394,4818 4787,4823 4819,4759 4344,4729 4221,4767 4044,4706 3763,4753 3712,4710 3604,4769 3380,4731 3308,4787"/>
                <Baseline points="3318,4830 3392,4830 3467,4828 3541,4828 3616,4826 3691,4824 3765,4824 3840,4822 3914,4820 3989,4820 4064,4818 4138,4816 4213,4814 4287,4813 4362,4812 4437,4810 4511,4808 4586,4806 4660,4804 4735,4804 4810,4802"/>
                <TextEquiv>
                    <Unicode>ehrlicher leüten vnd personen vber¬</Unicode>
                </TextEquiv>
            </TextLine>
            <TextLine id="r5l36" custom="readingOrder {index:35;}">
                <Coords points="3321,4958 4306,4953 4374,4906 4609,4968 4839,4940 4837,4852 4510,4811 4337,4865 4261,4810 4143,4861 3808,4836 3696,4908 3531,4903 3450,4838 3320,4905"/>
                <Baseline points="3330,4938 3404,4940 3479,4942 3554,4942 3629,4940 3704,4940 3779,4938 3854,4936 3929,4934 4004,4932 4079,4930 4153,4927 4228,4924 4303,4922 4378,4920 4453,4918 4528,4918 4603,4916 4678,4916 4753,4918 4828,4918"/>
                <TextEquiv>
                    <Unicode>wisen worden, und als durch ge</Unicode>
                </TextEquiv>
            </TextLine>
            <TextLine id="r5l37" custom="readingOrder {index:36;}">
                <Coords points="3359,5137 3615,5068 4109,5051 4200,5118 4274,5063 4348,5121 4460,5060 4687,5099 4862,5048 4861,4996 4722,4952 4595,5008 4451,4998 4366,4930 4269,4975 4159,4933 4081,5005 3796,4953 3602,5025 3517,4950 3357,4961"/>
                <Baseline points="3368,5056 3442,5058 3516,5058 3590,5060 3664,5060 3739,5060 3813,5058 3887,5058 3961,5057 4035,5056 4110,5054 4184,5053 4258,5051 4332,5050 4406,5048 4481,5046 4555,5044 4629,5044 4703,5042 4777,5042 4852,5040"/>
                <TextEquiv>
                    <Unicode>hechene relation deß Ehrenuesten</Unicode>
                </TextEquiv>
            </TextLine>
            <TextLine id="r5l38" custom="readingOrder {index:37;}">
                <Coords points="3303,5210 3679,5157 3778,5210 4307,5182 4399,5237 4447,5194 4809,5183 4808,5127 4653,5114 4564,5048 4329,5142 4253,5097 3978,5142 3770,5064 3597,5139 3459,5141 3370,5063 3302,5110"/>
                <Baseline points="3314,5176 3388,5176 3462,5178 3536,5178 3610,5180 3685,5180 3759,5180 3833,5179 3907,5178 3981,5178 4056,5177 4130,5176 4204,5174 4278,5172 4352,5170 4427,5168 4501,5166 4575,5164 4649,5162 4723,5160 4798,5156"/>
                <TextEquiv>
                    <Unicode>Fromen hernemen der sichtigen</Unicode>
                </TextEquiv>
            </TextLine>
            <TextLine id="r5l39" custom="readingOrder {index:38;} person {offset:21; length:7; continued:true;}">
                <Coords points="3329,5362 3676,5277 3884,5317 4028,5271 4200,5324 4643,5278 4700,5323 4789,5283 4788,5223 4505,5188 4209,5248 4097,5186 4029,5248 3731,5191 3634,5247 3505,5178 3326,5236"/>
                <Baseline points="3338,5286 3410,5288 3482,5288 3554,5288 3626,5288 3698,5290 3770,5290 3842,5290 3914,5288 3986,5288 4058,5287 4130,5286 4202,5284 4274,5282 4346,5280 4418,5276 4490,5274 4562,5270 4634,5265 4706,5261 4778,5256"/>
                <TextEquiv>
                    <Unicode>Weysen herren herren Georgen</Unicode>
                </TextEquiv>
            </TextLine>
            <TextLine id="r5l40" custom="readingOrder {index:39;} person {offset:0; length:8; continued:true;}">
                <Coords points="3316,5416 3562,5404 3678,5461 3742,5408 3825,5473 3951,5411 4386,5392 4502,5459 4851,5406 4872,5291 4362,5298 4285,5364 4029,5272 3933,5340 3677,5277 3314,5345"/>
                <Baseline points="3326,5402 3402,5402 3479,5400 3556,5400 3633,5400 3710,5400 3786,5400 3863,5400 3940,5400 4017,5400 4094,5398 4170,5398 4247,5396 4324,5396 4401,5394 4478,5392 4554,5389 4631,5386 4708,5382 4785,5378 4862,5372"/>
                <TextEquiv>
                    <Unicode>wibolets deß kleinen nachts, ires</Unicode>
                </TextEquiv>
            </TextLine>
            <TextLine id="r5l41" custom="readingOrder {index:40;}">
                <Coords points="3318,5548 4069,5545 4210,5502 4261,5544 4711,5534 4823,5519 4821,5437 4040,5468 3950,5416 3839,5486 3745,5413 3649,5477 3561,5404 3475,5473 3315,5429"/>
                <Baseline points="3328,5526 3402,5528 3476,5528 3550,5528 3624,5528 3699,5526 3773,5526 3847,5524 3921,5522 3995,5520 4070,5518 4144,5516 4218,5514 4292,5511 4366,5508 4441,5505 4515,5502 4589,5500 4663,5497 4737,5494 4812,5492"/>
                <TextEquiv>
                    <Unicode>verordneten herren examinatorn</Unicode>
                </TextEquiv>
            </TextLine>
            <TextLine id="r5l42" custom="readingOrder {index:41;}">
                <Coords points="4753,5625 4795,5623 4795,5556 4779,5556 4764,5546 4753,5546"/>
                <Baseline points="4764,5606 4784,5606"/>
                <TextEquiv>
                    <Unicode>.</Unicode>
                </TextEquiv>
            </TextLine>
            <TextLine id="r5l43" custom="readingOrder {index:42;}">
                <Coords points="3348,5699 3407,5653 3587,5701 3711,5642 3875,5691 3924,5646 4094,5674 4405,5621 4613,5656 4735,5625 4733,5554 4577,5519 4373,5564 4309,5520 4148,5578 4037,5527 3747,5543 3673,5596 3579,5540 3345,5604"/>
                <Baseline points="3358,5644 3426,5644 3494,5646 3562,5646 3631,5646 3699,5644 3767,5642 3836,5640 3904,5638 3972,5636 4041,5632 4109,5628 4177,5626 4245,5622 4314,5620 4382,5617 4450,5614 4519,5612 4587,5610 4655,5608 4724,5608"/>
                <TextEquiv>
                    <Unicode>solich ir vilfaltiges verbrechen</Unicode>
                </TextEquiv>
            </TextLine>
            <TextLine id="r5l44" custom="readingOrder {index:43;}">
                <Coords points="3334,5787 3624,5845 3700,5780 3857,5807 3925,5751 4817,5741 4814,5676 4405,5622 4164,5715 3908,5660 3698,5722 3547,5668 3496,5713 3412,5660 3332,5733"/>
                <Baseline points="3344,5772 3417,5774 3490,5774 3563,5774 3636,5772 3709,5770 3782,5768 3855,5764 3928,5761 4001,5756 4075,5752 4148,5748 4221,5742 4294,5739 4367,5734 4440,5730 4513,5726 4586,5723 4659,5720 4732,5718 4806,5718"/>
                <TextEquiv>
                    <Unicode>für hochgedacht mein gnedig herren</Unicode>
                </TextEquiv>
            </TextLine>
            <TextLine id="r5l45" custom="readingOrder {index:44;}">
                <Coords points="3341,5924 3753,5942 4009,5881 4115,5942 4225,5855 4892,5834 4905,5778 4743,5726 4569,5730 4495,5788 4425,5740 3925,5761 3668,5857 3332,5790"/>
                <Baseline points="3350,5900 3427,5900 3504,5900 3582,5900 3659,5896 3737,5892 3814,5888 3891,5882 3969,5876 4046,5870 4124,5863 4201,5856 4278,5848 4356,5843 4433,5837 4511,5832 4588,5828 4665,5825 4743,5824 4820,5824 4898,5826"/>
                <TextEquiv>
                    <Unicode>und deren schuldtheiß nächt und bur</Unicode>
                </TextEquiv>
            </TextLine>
            <TextLine id="r5l46" custom="readingOrder {index:45;}">
                <Coords points="3344,6056 3499,6084 3664,6014 3850,6059 3960,5997 4243,5959 4298,5996 4399,5948 4724,5973 4844,5953 4834,5824 4689,5901 4423,5848 4224,5855 4136,5938 4008,5883 3838,5887 3725,5968 3599,5912 3466,5980 3334,5935"/>
                <Baseline points="3352,6024 3426,6024 3500,6021 3574,6018 3648,6014 3722,6008 3796,6001 3870,5995 3944,5987 4018,5981 4092,5973 4166,5966 4240,5959 4314,5951 4388,5944 4462,5940 4536,5935 4610,5932 4684,5930 4758,5930 4832,5932"/>
                <TextEquiv>
                    <Unicode>ger gelanget, habend dieselbigen auff¬</Unicode>
                </TextEquiv>
            </TextLine>
            <TextLine id="r5l47" custom="readingOrder {index:46;}">
                <Coords points="3351,6190 3569,6132 3793,6181 3891,6125 4333,6082 4423,6134 4554,6068 4660,6117 4930,6053 4926,5996 4410,5961 4332,6021 4186,5969 3851,6059 3636,6012 3505,6087 3341,6059"/>
                <Baseline points="3358,6140 3436,6138 3514,6136 3592,6132 3670,6128 3748,6122 3826,6117 3904,6110 3982,6104 4060,6097 4138,6091 4216,6084 4294,6078 4372,6072 4450,6066 4528,6059 4606,6054 4684,6048 4762,6044 4840,6040 4918,6038"/>
                <TextEquiv>
                    <Unicode>Iren eidt zu Recht erkent, vnd gehoro</Unicode>
                </TextEquiv>
            </TextLine>
            <TextLine id="r5l48" custom="readingOrder {index:47;}">
                <Coords points="3280,6295 3550,6233 3669,6307 3744,6240 3882,6284 4068,6224 4153,6268 4423,6183 4699,6222 4761,6160 4854,6165 4847,6082 4639,6124 4486,6077 4305,6155 4006,6116 3793,6180 3418,6153 3275,6234"/>
                <Baseline points="3290,6274 3367,6266 3445,6260 3522,6253 3600,6246 3678,6241 3755,6234 3833,6227 3910,6221 3988,6216 4066,6208 4143,6203 4221,6196 4298,6190 4376,6183 4454,6178 4531,6172 4609,6166 4686,6158 4764,6153 4842,6146"/>
                <TextEquiv>
                    <Unicode>ihen daß von solchen greüwels wegen</Unicode>
                </TextEquiv>
            </TextLine>
            <TextEquiv>
                <Unicode>27
Ursul Bonnlin neben vilen hochstraff,
lichen groben und bösen schwüeren sich
nit gescheucht zu verdekung deß ires
schandtlichen eintwillens und huren
fählers, so wol ins gemein den namen
.
al
gottes zu mißbrauchen, sondern auch
absönderlichen, Inne den allerhöchsten
.
Gott an seiner heilligen Gottlichen Ma¬
iestet und dritter person und wesen deß
heilligen Geistes, gantz Gottslesterlichen
vnd vilmahlen anzugreiffen vnd Gott¬
loserwegs zu beschuldigen, auch noch un
dermahlen durch benamsung der heilige
keit und reinigkeit der heilligen jung
fraw Maria für kein und unschuldig
sich dahrstellen dörffen, deßwegen sy
sampt anzogner schrifftlichen weitleüffigen.
information vnd Kundtschafft von Erlach
alhero verschikt volgends auß beuelich
unserer gnedigen herren und oberen
In die obere gefangenschafft gesezt, die
gezeigen nochmahl persönlich und sampt¬
lich alhar citirt und selbs mundtlich
verhört worden, welche nun nach
gnugsammes erleüterung mit sollen-
nischen vnd gelehrtem eidt bekreffti¬
iget und bestätiget, dardurch nun disere
Ursul Bonglin, so wol der schieneren
alls der greuwlichen Gottslesterung
halben, durch ein vberflußige anzahl
ehrlicher leüten vnd personen vber¬
wisen worden, und als durch ge
hechene relation deß Ehrenuesten
Fromen hernemen der sichtigen
Weysen herren herren Georgen
wibolets deß kleinen nachts, ires
verordneten herren examinatorn
.
solich ir vilfaltiges verbrechen
für hochgedacht mein gnedig herren
und deren schuldtheiß nächt und bur
ger gelanget, habend dieselbigen auff¬
Iren eidt zu Recht erkent, vnd gehoro
ihen daß von solchen greüwels wegen</Unicode>
            </TextEquiv>
        </TextRegion>
    </Page>
</PcGts>
