5472 7296
1019 1475 1152 1605 9
1313 4055 1355 4144 e
1314 1501 2757 1822 gesetzt und noch zu dem alle seine fur¬
1273 1667 2754 1919 nensten und besten sachen in geheim
1251 1784 2813 2026 da dannen fort geflökt, souil er hat können
1251 1902 2819 2150 und mögen. Die erscheint, auch auß der durch
1346 2020 2826 2245 ferren von genants innammen der statt
1284 2150 2833 2384 Dern jüngst verschinnen brachmonet wider
1320 2261 2830 2496 Inne ergangnen procedur vor dem richten
1315 2383 2836 2609 und praesidenten zu Eyon allwo er fronckin
1293 2509 2772 2712 Wiewohl er sich zu Thon befunden per¬
1370 2638 2813 2844 söhnlich nit erschinnen, sonder auf einen
1361 2759 2839 2985 procuratoren hingeschickt, darwider man
1354 2888 2841 3105 aber protestation gethan der contumacien
1323 2993 2845 3221 halber nachlaucht und besagen sub 2 gemelten
1302 3141 2848 3344 junii noch vil starcker und angenscheinliche
1347 3271 2845 3463 befindt fronckin sich überzeüget und belegen
1344 3370 2854 3589 der auff Inne beklagter schandtlicher thaten
1367 3486 2864 3721 halber, deren er anklagt worden, in dem
1326 3636 2853 3825 derselbig auff die Imme gegebnen vnd auß
1354 3755 2817 3961 verwilligung der oberkeit zu Gauff
1364 3881 2835 4089 ordenlich verrichten, dreyen und erschiden.
1358 4018 2827 4199 lichen litationen vor hochgedacht Ir Gn¬
1374 4124 2843 4314 der statt Bern mit hat erscheinen dörffen
1394 4240 2851 4444 so nur allein dahin abgangen, daß er komm
1398 4361 2827 4564 sich zu iustificieren und versprechen der
1359 4473 2835 4691 jenigen schandtlicher thaten halber deren
1379 4605 2833 4817 er anklagt worden by pern und straff
1385 4724 2839 4916 daß er derselbigen halber wahls nit er
1396 4848 2785 5056 scheinens gentzlich belegt und über 2
1339 4981 2842 5176 zeüget sein und verbleiben und darneben
1299 5104 2850 5308 für den ersten default und contumacia
1336 5230 2730 5432 umb 10000 kronen verfelt für den
1379 5363 2842 5568 anderen vmb 25000 vnd für den dritte
1353 5480 2792 5715 umb 50000 kronen verfelt, auch noch
1390 5598 2864 5817 Uber diß mit confiscationen und verwürden
1411 5735 2848 5959 lichen zu bekantnußen an leib und gut
1379 5826 2853 6127 actioniert und verfolgt werden sölle nach
1397 5969 2854 6243 form rechtens ist die erste selbiger cita
1379 6060 2850 6342 stionen datiert den 15. maii die andere
1402 6185 2830 6488 den 1. und die dritte den 11. junii 16
1420 6295 2872 6589 auf welche absenten und außbleiben wider
2904 4994 2997 5110 e
2917 5096 2998 5217 e
3110 5159 3171 5245 e
4640 1489 4758 1608 20
3247 1588 4760 1840 Inne fronckin an dem ußeren stattrichten
4755 1746 4803 1807 .
3224 1738 4840 1912 zu Bern den 3. maii 2. julii und den 18. junii
3257 1834 4884 2029 formklich Cassement de contumare und recht
3234 1926 4882 2125 zug erlanget worden, durch welche er fron¬
3259 2023 4820 2219 kin zu handen der statt Bern neben
3277 2136 4884 2304 vorgemelten summen mit leib und gutt
3203 2232 4042 2443 zuberkent worden.
3278 2455 4889 2650 chließlich und zu überflüßiger bezeügung
3248 2590 4889 2751 deßelbigen gentzlicher conviction ist wol zu
3264 2677 4947 2861 betrachten, daß auff eine durch fronckins und rein
3268 2802 4901 2984 15. junii jüngsthin vor ir gnaden eingelegte
3289 2912 4862 3093 uplication zusampt einem fürbitt Schreiben
3238 3017 4895 3198 von einer statt druff mit der wider front
3270 3132 4888 3330 hin auffgehebten procedur noch umb etwas
3256 3230 4863 3453 Inzuhalten mit gethanem versprechen, daß
3285 3354 4883 3574 er innert begarten verschub und termin
4845 3504 4900 3593 .
3298 3475 4829 3682 sein unschuld an tag bringen werde ime
3282 3584 4887 3809 auß sonderen gnaden sechs gantzer wochen
3257 3685 4877 3903 lang hermin vergont worden in Hoffnung
3290 3809 4855 4022 er lauth versprechens kommen wurde sich
3254 3939 4956 4161 zu versprechen, so fehr aber ist es, daß er auch
3287 4067 4924 4285 anstatt vor ir gen zu erscheinen durch einen
3274 4190 4848 4354 unerhörten gegenstreich unnd seine gantz
3273 4305 4943 4481 unverschamte und ungerennte fräffenheit
3276 4394 4958 4606 vor deß königs geheimen raht gekehrt und
3294 4512 4935 4722 uff faltsches fürgeben, ob hattung er beden by
3292 4633 4960 4824 Herr noten ir domicilium unnd wohnung
4209 4776 4255 4839 e
3284 4750 4908 4930 erkent, welcher inen in währender deß
3289 4859 4974 5041 hrr von denants instantz und action zu Lyon
3284 4987 4909 5186 gedient mit sölcher unwarheit ein erkandtnus
3297 5108 4915 5304 bey königklichem nacht außgebracht, dardurch
3306 5222 4941 5419 die gantze sach ist gleichsam reuocirt unnd eingen
3311 5337 4865 5505 stelt worden in dem fonckin darüberhin
3284 5437 4860 5656 vnnd auff solch vndt den gedachten Tillote Ir
3234 5550 4856 5755 Gudt namen Assiquirt, da doch derselbige kein
3299 5668 4900 5881 befelch noch gwaldt gehebt noch auch einiches
3268 5783 4873 5973 Domicilium erkiest nach genamset worden,
3269 5892 4897 6080 Weilen die Instantz unnd action zu Eron alle
3308 6000 4865 6211 bereith fürüber gsin unnd man auch den
3281 6099 4893 6316 richter daselbsten für keinen richter uber
3268 6209 4868 6413 den haupthandel erkent hat, man hiemit
3302 6283 4899 6547 auß obanzogner Königklicher rahtserkantnuß
