5472 7296
803 2755 1131 2876 vndere vorge
803 2822 1120 2942 hernach auch in
806 2922 952 3016 die
814 4227 1146 4395 Den 19. dito
804 4808 1152 4974 geschwängerte
1090 1573 2600 1924 pfenenderin haußen Babi Berner
1115 1715 2640 2033 genant, welche bey den 10. jahren alt
1158 1836 2692 2124 nach erzeichter betrüebnuß und kummeren
1129 1946 2690 2210 Inne mechler deß beyschlaffs angeklagt
1133 2046 2653 2336 dorten gefengklich eingezogen, volgend
1143 2197 2667 2479 In ansehen noch viler andrer seiner
1119 2327 2640 2587 person, vnd seiner ehefrawen halber
1137 2444 2670 2704 von Heinsperg eingelangter böser¬
1156 2609 2644 2857 anklegten vnd verdachts, alhar gan
1379 2760 1624 2874 gesagt
1155 2708 2559 2975 bern in die Obere gefangenschafft
1164 2826 2713 3135 gefuret, vnd auff Ir Brodt: Beūelch
1166 2993 2654 3234 mein hochgeehrter herr Almusner¬
1165 3123 2623 3368 dakbrett deß kleinen rahts imme
1164 3231 2657 3535 In einem examinatoren verord¬
1179 3403 2652 3650 net worden, mit bevelch sub.
1183 3535 2677 3760 12. Februarii gedachtern Kuechler¬
1189 3655 2568 3899 Ernstwortig, ja bey betreüwe und
1166 3814 2666 4021 zeigung der marter zu examiniren
1165 3925 2701 4083 wie dan auch in beysein herren Peter
1172 4013 2641 4237 debers, alten vogts von Gottstatt
1178 4138 2655 4326 und herren Großweibels kilchber¬
1166 4262 2625 4498 gers geschechen: Der hoffnung er
1183 4393 2697 4583 wurde der anklegten, daß er nam¬
1175 4507 2642 4708 luchen ußert dem seiner syts began¬
1161 4641 2666 4837 genen und bekenten ehebrech mit
1199 4735 2706 4957 noch einer anderen pfrüenderin
1169 4883 2662 5077 und armenthörlen dreßen Ann
1160 5012 2691 5194 Jagelstein genant) ob anzogne haben
1169 5131 2675 5327 kerner, item das gantz stumme und
1152 5251 2703 5437 gehörlose arme sich auch Schwanger
1145 5364 2727 5547 befindende mensch, wie nicht wenig
1157 5492 2709 5689 das dißmahl droben im Spittal an
1169 5612 2742 5842 senlichende Gredi Buren aber
1123 5739 2762 5957 Sihrenhorn, In fleischlicher Vnzucht
1142 5883 2719 6083 verfellt und verfüert habe zu ges
1141 6010 2714 6191 bürender Vergicht vnd bekantnuß
1116 6133 2720 6296 komen, weillen aber alles vner¬
1117 6245 2743 6447 heblich und ir gudt wegen allze
1118 6360 2762 6586 großen Verdachts, vnd seiner bekante
4509 1465 4651 1595 43
3052 1529 4604 1738 hartnäkigkeit sub 25. dito mit mehr
3059 1687 4635 1813 verem beuolchen Inne buechter vmb das
3054 1776 4581 1926 ein vnd andere, laut eingelangter bericht
3064 1865 4631 2015 und verrichtschreiben, mit nohtwendiger
4559 2000 4614 2115 .
3058 1966 4565 2110 Marter (nach geschechner confrontation
4578 2123 4627 2178 .
3060 2076 4578 2220 gedachten Gredi Burens und examination
3088 2160 4612 2320 einer eingezognen frawen) zu exanu¬
3080 2267 4563 2446 niren, als ist derselbige gestrigen tags
3060 2370 4666 2534 Den 9. martii 1659 durch vor wolermelt
3082 2477 4609 2639 ten meinen hochgeehrten herren exami¬
3073 2584 4620 2764 natorn hakbrett, In beysein vnd gegen¬
3077 2690 4671 2869 würtigkeit herren Johan Rud-jenners.
3064 2809 4628 2986 alten vogts von Kiensperg irn beat,
3083 2909 4703 3077 Jacob Meys und Herr Großw Kilchbergers
3076 3012 4621 3211 zur Marter gefuert, beuorderst gantz
3079 3122 4698 3307 beweglich und ernstlich zur bekantnuß
3068 3249 4656 3436 vermant volgends das erste mahl lar.
3065 3346 4692 3545 hernach aber mit dem Meineren Stein
3067 3470 4734 3659 semlich auffgezogen, vnd imme auff das
3060 3582 4710 3786 ußerste zugesprochen worden, ist aber
3082 3688 4767 3897 gleichwol mit seiner vergicht weiters
3077 3814 4643 4039 nicht zu bringen gsin, als wie volget.
3094 3998 4636 4204 erstlichen seye wahr, daß er sich mit
3066 4132 4734 4323 voranzogner hingerichten, da zwegart
3112 4253 4685 4432 schon vor Jahren, im ehebruch vergeßen,
3085 4364 4670 4541 darumb er aber auch abgebüeßt habe.
3030 4463 4757 4693 zum anderen im Jungst verschinnen
3050 4624 4645 4803 augstmonat 1658 habe er das hievor
3090 4723 4758 4904 gedachte Thörlin Ann Hagelstein, pfruen,
3097 4832 4728 5020 derin drußen, In sein luefterzeigenen
3048 4823 3088 4985 2
3054 4925 4713 5125 pfrundtstuben, item bey der Bunden
3088 5056 4611 5268 Vnd sunsten Vnderschidenliche mahl
3071 5167 4551 5377 zu seinem Fleischlichen entwillen
3091 5286 4689 5484 verhelt und mißbraucht, ob es aber
3089 5398 4647 5620 Schwander sey konne er nicht sagen.
3052 5537 4694 5800 deß mehr anzognen Studer gredig halber
3129 5705 4725 5853 so droben an ysen ligt, sey er unschuldig
4660 5845 4710 5899 .
3123 5807 4661 6008 wie dan Obwol es bey confrontation
3095 5882 4767 6129 beidersamen, bey der anklag beständig ver¬
3087 5988 4739 6225 bliben) daßelbig hernach Inne durchler
3069 6098 4751 6331 freywillig deßen widerumb entschlagen
3114 6230 4680 6431 mit betheüwren, daß es imme unrecht
3109 6399 3646 6562 gethan habe.
