4032 3024
866 768 957 856 102.
918 820 1665 1002 E. Warumb er aber mit geschrauken:
906 963 1626 1087 R Er habe ging gung geschrauben.
929 1070 1910 1217 E. Warumb es aber erst geschwaulueg, Wo er den
977 1161 1262 1262 hobs gesehen?
951 1252 1006 1354 8.
1019 1235 1937 1383 Es habe auch geschraulen, eher vnd zuvor der Nobi¬
1004 1305 1176 1431 Sassu.
933 1385 1925 1545 2. Warumb er aber Weitern mit dem Patter gangen
1009 1471 1891 1613 seilen es gesehen, Wie Er mit Ihme Vmbgange¬
895 1554 1883 1709 S. Wo der Noby Ihme gesagt habe, daß es sich forte
978 1653 1884 1776 machen Vnd fortlaußen solle, seye es gelusen, was es
960 1714 1903 1846 Zng mögen, seyn Vatter aber seyr Ihm nahen gloßen,
947 1773 1909 1918 habe Zaunsteken abbrochen, nach Ihme gelorsten Vnd
957 1867 1905 1982 gesagt, es solle Ihme warten, ober Ihm mit mehr in
943 1924 1187 2041 Hauß komen
865 1972 961 2107 E.
979 2004 1901 2133 Was Sie mit einauseren Vnder der Eychen herren,
1006 2072 1627 2195 chlanden halti gemacht habend?
874 2130 1914 2277 E. Sein Vatter habe Ihns neben der Erschinderzoge,
2084 843 3133 975 aber woes die Frl. dort gesehen, seye es furtig
2058 924 3102 1048 Widermmb aufgestorden vnd fortgangen, Dei
2052 1020 2836 1129 Nobs habe es dort auch gesehen.
2014 1103 3173 1250 E. Ob en dem Ratter aldorten mit ein nundsche geben.
2019 1215 3160 1352 R. Eskönne Wohl sein, es laußees abereit, und könneer mit
2069 1288 3191 1410 Wahrheit nit sagen, entlichen aber hab es bekent, daß
2074 1376 3136 1483 es solches gethan habe, seinen Vatter darmit abzutädigen.
2020 1429 3178 1602 E. Ob sii Vatters Ihns nit auch beym thurli in der Niedern
2096 1521 3157 1634 inbergloorsten, geschleipft, vnd vibemanderen Zehrt
2103 1607 2765 1710 Vnd Zogen, auch aufdets habe:
2043 1684 3176 1814 N. Ja, er habe Ihns daselbst eiergeworten, geschleipft,
2111 1745 2959 1864 Vns einen Zoghen, aber doch in Nast aufdebk¬
2034 1856 3142 1986 E. Ob das daß Nobsey straß gsu seye, WWo Er Ihren
2121 1958 2370 2036 nachgangen?
2042 1996 3068 2117 E. Nein, dlas seye eit sen Baggser, er seye sonsten
2123 2073 2525 2179 Zeng nachen komen:
2169 2078 3101 2215 Es scheine darauß daß er Vngern gehabt habe,
2025 2149 2177 2263 8
2176 2191 3066 2297 daß der Nobs Ihnen geng nachgangen
3029 2274 3092 2347 s
