4032 3024
1026 850 1956 1011 Morumb sein Patter damahls Zorinig über
896 840 1015 980 B.
1026 944 1314 1062 Jus qitt seye:
885 1013 991 1159 R.
1027 1020 1922 1183 E meine, daß er daries hohn über Ihn
1032 1140 1923 1258 en seyt, weilen es von Ihme weggloffen
1017 1204 1578 1313 and mit warten wollen.
960 1328 999 1374 9.
1015 1270 1961 1439 Obeit auch am dritten Ohrt bey der Lindoch
1008 1387 1939 1499 Malden ein Patter Ihns entblosst unthebar¬
1006 1444 1917 1589 lich din heimblichen Ohrten betaßtet, sa auch
1018 1533 1937 1659 dergleichen gethan habe, alß wann Er Ihns
1027 1594 1440 1705 beschlaßen wolte?
880 1681 998 1781 H
1040 1694 1960 1838 Wohl, aber Sie sbind doch mit anders geschen¬
1728 1791 1787 1868 un
1001 1792 1823 1964 Ob daselbsten Iemand sie gesehen habe.
913 1883 1171 2004 H. Rein.
929 2009 1895 2173 E. Ob solches alles deß Tagt geschehen seye?
1513 2156 1851 2298 E. Solches
3119 808 3212 900 57
2034 856 3256 1012 R, Solches alles seye am Ta9 geschihe, als verschen¬
2150 982 3252 1090 mien gerste da einem Sambstag es mit seinen
2163 1035 3217 1167 Pätter von dern unher Hauß gehen wollen
2173 1108 3223 1240 und der Vätter sege damahls Truncken gem
2727 1230 2776 1275 ert
2167 1217 3210 1338 Ob mit auch zu einer andern Zeit und aut
2028 1214 2131 1361 E.
2161 1291 3222 1426 einem anderen Ohrt Sie dergleichen unehr¬
2164 1377 2980 1508 bahrt sulchen mehr begwengen hatend
3029 1394 3173 1514 heid
2050 1478 3225 1605 B. Wohl an einem Sommtun hernach, daß Sie von
2178 1558 3178 1683 Kuchter auß der Fredig keien habe auf
2847 1625 2947 1684 o
2805 1634 2842 1684 g
2163 1637 3215 1752 dem Eembweg bey einer Rrachen eein Vatter
2157 1701 3217 1829 Ihns indergezogen, den preißuestel Herr
2154 1781 3208 1909 gßen und auch entbloßen whige aber der
2161 1865 3084 1985 Vatter dißmahls auch fruncken gen¬
2784 1933 2934 2016 dae a
2036 1933 3173 2097 E. Ob damahls Sie einzig, dier aber zemit
2167 2030 3061 2156 darbey gen, und darzukommen seye?
2800 2132 3095 2293 G
