4032 3024
1247 852 1672 1011 In formation.
1226 963 1488 1082 oder
1194 1042 1423 1148 Versor
1119 1076 1923 1236 Seyen deß von antorne Auan dem
1135 1190 1836 1301 Fracion Lauriole gegeben, stuchr
995 1258 1984 1399 Nachine Mugshen eelieben wöllig über alge¬
1013 1350 1988 1469 statteten bericht Verlohrrn Großweihel Berset
1013 1432 1981 1558 Was maßen verlachenen Sonterg abends deß
1047 1511 1972 1631 in hiesiger Statt sich aufhaltenden Herren Gra¬
1039 1588 1964 1710 fen von Metternichts Bedienter Einer, nah¬
1048 1677 1985 1792 nens Francnis Laurioles gebührtig auß Brart¬
1034 1763 1977 1885 reich nach bey Andere, Von einem anderen Brantzo¬
1007 1823 1940 1950 sey gefährlich Verlaundt, der Thäter auch durch
1018 1916 1961 2043 gemachte Anstalt daruberhin in gefenblichen Ver¬
986 2010 1952 2128 hafft gezogen worden, dero dieneren Herren
989 2079 1956 2198 Großleibel Vnd dem Grichtschreibern in be¬
990 2150 1940 2293 Jelch zugeben, dher hergangenheit der sach sich
2017 1446 2046 1557 d
3191 834 3238 902 29
2205 854 3271 1018 gründlich zuerkundigen, Vnd Volgendts den Smb¬
2188 947 3243 1096 stendlichen bericht Ihr Ghel. Zuhinderbregen.
2211 1050 3264 1180 Ist solchem alsobald gehorsamer Volg geleistet
2173 1128 3244 1273 Werden Vnd auf heut dato, so wohl der Ver¬
2144 1211 3264 1347 Wundten, als der Gethäter mit Vorhergangener
2158 1292 3255 1440 Krefftigsten contation, anfengklich Jeder
2190 1393 3208 1523 absonderlich vernomen, nachlehrts auch, loeclen
2187 1490 3255 1615 Sie in etwelchen Vmbstenden Ihrer außagen Vnder¬
2189 1573 3231 1704 scheiden gegen Einanderen confrontiert worden
2236 1640 3240 1790 Da dan der Verleundte die sach Volgender
2243 1754 2970 1873 gestalten erzellet. nemblichen
2217 1831 3153 1951 Verlaheren Sontag abendt habe Er den
2220 1912 3192 2051 thatern auff der Gaßen angetroffen, vnd d.
2216 1996 3228 2112 selben vorgehalten, daß Er Ihme dem Verlaundt¬
2208 2065 3213 2175 übel nachgeredet; Welches der theter Vernei¬
2218 2147 3201 2267 net, Er aber soustenient, vnd behgehrt, daß
2200 2222 3217 2352 Er die Wortloer zuruknemen sollen, woruff
