4032 3024
789 784 868 854 186
910 797 1832 961 huttin einen pajvire Verwechslen
917 893 1833 1031 wollen, ehr Er den Ersteren von der
899 956 1825 1095 Leenherrin wider gehabt, dann Er Ja
921 1024 1834 1160 noch bey der Saltzbutten gestanden; als
929 1095 1860 1212 die Lnenherrin sambt Ihrem Mann Ihre
914 1140 1825 1279 wegen deß Etliche Tag zu vor Ihre ge¬
915 1218 1794 1327 gebenen faltschen 5. tler angerodt
914 1275 1854 1414 den Sie damahlen noch gehabt, Wie auch
908 1324 1835 1475 die Ifrn Stahli den Jenigen so Er Ihre
928 1384 1738 1505 illererst zuwechslen geben wollen
925 1444 1802 1572 mit krifftigem ermahnen Gott die
899 1499 1822 1622 Ehr zu geben und der zochen Oberkeit
906 1569 1568 1687 die wahrheit zu bekennen
903 1618 1829 1795 Alß Er nun hierüber eine Zeitlang
922 1727 1747 1844 in gedancken gestanden, sagdte Er
922 1774 1770 1907 endtlichen Er Wolle die Wahrheit
915 1831 1787 1976 sagen, Er habe droben zu Thun bey
921 1917 1778 2027 einem alten Kaß grampler deßen
903 1981 1823 2098 Namen Ihme nit bekannt, Ein Käßli
910 2035 1832 2153 kauffen wollen, dem habe Er einen 5. t.
899 2083 1794 2221 zu verwechslen geben, der seye dar¬
1570 2217 1676 2291 mit
2058 805 3045 937 mit bloß über die Bruge zur Salt
2024 915 3062 1037 Guttin gangen, und Ihne Verwechtlen
2049 975 3028 1091 wollen, allein solches seye geschechen ehe
2057 1053 2871 1152 Er damit zur Leenherrin kommen
1995 1142 3061 1258 Auß verdeuten daß solches abermahlen
2043 1225 2977 1320 die Vnwahrheit seyn, Sintemahl Er
2053 1289 2998 1387 schon im Vorigen Examen und auch
2047 1330 2999 1460 aller erst diß mahlen bekennt und ge¬
2055 1408 3048 1506 standen, daß Er einen 5. thler bey der
2046 1475 3047 1576 Saltzbuttin zu verwechslen Angebotte
2052 1520 3007 1633 hie mit nohtwendig Er selbsten und nit
2043 1587 3004 1707 der Käß Grämpler gewesen, der den
2029 1666 2785 1794 E. tb der Ihr Stählin geben.
2034 1736 3022 1876 Sagdte Er nach einihem stillschweigen
2049 1830 2989 1923 eußzund, Er habe einmahl nur den
2049 1884 3048 2000 Eintzigen gehabt, und seye alles nur Einer
2038 1946 3043 2059 gom, Welches Er bey seinem guhten ge¬
2051 2005 3057 2122 wußen sagen könne, retractierte der
2057 2072 2992 2182 neben auch seine vorige Bekandtnuß
2818 2152 3003 2245 daß Er
