4032 3024
757 788 856 875 20.6
747 1089 843 1157 40
722 1519 887 1590 als ium
738 1573 886 1636 nehro zum
730 1604 888 1684 Eiten mahl
769 1838 851 1910 At
902 825 1858 998 Dieracheren und Ambsoldingen auß Einen
880 908 1860 1065 Hanvrenchauß. 3. K. Gary 3. S. Auct
1683 1022 1760 1075 End
887 977 1845 1109 4. H. Kisten und 5. Zembder entwendt
906 1040 1860 1161 Etwas Geldts (wüße nit wie viel) entwendt
907 1112 1799 1231 abe es im Rohrmoos Bad hinder Sig¬
905 1168 1799 1283 nauw abermahlen Einen Röck 2.
892 1215 1804 1357 Furtucher: A. paar Strumpf vnd Ein
887 1286 1305 1388 Zembe genomen.
899 1368 1828 1487 von deßtwegen es widrumbvergriffen
911 1425 1837 1523 Jehn Signaun int Schloß, von daselbsten
904 1489 1828 1582 in allhiesige gefangenschafft und noch
913 1552 1840 1654 nahlen ins Schallenwerck gethan worden
918 1595 1817 1715 Nach Verfließung zu Wuchen aber den
904 1669 1837 1764 Ring durch Zuren weltsche ion Schallen¬
902 1734 1789 1836 berck widrumb abfeilen laßen undt
911 1777 1161 1881 außgerößen,
1160 1779 1843 1897 Solchem nach Vndthun
906 1865 1843 1977 habe es mit Hulß eines Kerlis Namens
900 1941 1776 2052 Bierte, so im Tschangnauw daheimb,
911 1989 1828 2109 dem Hauns Salliner zu gaßli Geldt
901 2058 1851 2156 und tuch genommen, Wie viel es aber eigent
901 2120 1840 2229 lich an geldt gsin, wuße es eigentlich nit
1677 2214 1822 2282 allein
1946 1563 2037 1659 12
1952 1833 1988 1874 au
1940 2053 2022 2138 13.
2929 831 3040 935 26f
2040 882 3036 1031 Allein seye es mehr als 10. r. gewesen,
2046 970 3030 1089 und da es nach Verubtem diebstahl gegen
2044 1039 3043 1144 Ander Walderflichen understanden habe
2053 1084 3062 1197 mann ins im nachsetzen widrumb ergriffen
2037 1147 3060 1260 das geraubete Geldt genomen und aber
2056 1205 3000 1323 mahlen alhar, und zum funften mahl¬
2044 1275 3012 1380 ins Schallenwerck gefuhrt, daringen es
2053 1331 3054 1449 Sey 42. Wochen verblieben darnach aber
2050 1399 2977 1504 en Ring widrumb abteilen laßen.
2051 1467 2645 1574 und sich dar von gemacht:
2067 1534 3035 1664 Seyn es bey der Rohten Schnuwe alhier
2053 1612 2950 1709 vor der Statt, Schilt wacht gestanden da¬
2056 1668 3050 1776 in zwischen Ann Schlegel von Attendorf
2045 1722 2991 1834 seine diebs gsellig ins Hauß gestigen vnd
2045 1783 3039 1876 auß einem tryy Geldt und Zeug entwendt
2045 1844 2940 1949 Ven Aetelcham Geldt es Stin bey 6. F.
2057 1914 2991 2001 und etwas Zeugs für seinen Antheil be¬
2038 1985 2188 2075 kommen
2057 2019 3047 2146 rebe Es zu Säriswyl dem Wührt daselbsten
2038 2108 2985 2207 1. Rackbeth ziechen 2. Haupt Kußziochen
2047 2164 2961 2261 1. Wullhembe und 1. Mantel entwendt
2788 2233 3019 2316 von deß
