4032 3024
3000 821 3127 918 743
2248 939 3146 1094 Janrib Hablibacher
2132 1045 3144 1179 gebührtig von Sumitwald, so sich aber
2138 1119 3067 1245 kunche Jahr daher im Gichegbirg auf
2138 1186 3121 1272 einem guht hinder Lüßligen, so einem
2133 1246 3140 1356 Herren von Solothurn zustendig auffge¬
2132 1314 3162 1395 halten und Letzt verstruhener Tagen drunden
2134 1373 3057 1478 zu Brauwbrinnen wegen mit einem
2137 1431 3111 1552 faltschen Hedel; vorgehabten betrugs in
2137 1495 3153 1625 Verhafft gezogen, und daraußhin gefeng¬
2138 1568 3151 1681 klich alhar gebracht worden, Ist Greytags
2122 1636 3145 1738 Den 22.  Hornung 1709. über empfan¬
2130 1716 3101 1814 genen Oberkeitl. Befelch durch N. Gs.
2117 1759 3096 1872 Dienere Herren Großweibel Herset
2128 1832 3086 1944 und den Grichtschreiberin ernstwöhrtig
2130 1894 3079 1996 examiniert und dardurch nachfolgende
2122 1953 3034 2066 Bekandtnuß an Tag gebracht worden
2092 2058 3107 2186 Vnd zwar Erstlich in Ansechen der Vorge¬
2111 2127 3084 2258 habten außbrechung auß der Gefangen
2917 2220 3103 2342 schaftt
