4032 3024
810 773 902 877 182
942 798 1876 993 Bekommen, sie nach Basel tragen vnd dorth
944 892 1892 1041 weilen Sie viel Geldten, Verkausen wollen
903 964 1867 1137 weilen nun über alles krefftige zu¬
940 1062 1839 1195 sprechen Mohhl. Examinatoris in
950 1130 1853 1273 der Guethe weiter nichts auß diesem
922 1186 1839 1322 Gsellen gebracht werden können hatt
939 1261 1856 1396 Mrsh. Examinator es für dißmahl
934 1333 1802 1448 darbey bewenden laßen. Actum
926 1377 1766 1532 der 8tn vnd 12. Aprilis 1709.
2899 835 3031 923 183
2308 856 2455 940 entes
2441 887 2699 962 Examen
2136 931 2931 1057 Mit Hanusem Pfeuti den
2219 1012 2960 1128 28t apriris 1709. Verführt
2054 1122 3059 1243 Als MrHhl. Rahtsherr Steiger sub 20.
2057 1193 3051 1295 dits sich mit vorgemelten Ihr Gel diene
2068 1254 3072 1336 en widrumb in die Gegangenschafft begeben
2057 1312 3058 1407 und diesen beklagdten dieben, über die von
2054 1381 3015 1492 Loll. Standt freyburg, wie auch Ihrn
2043 1435 2990 1545 Schultheißen von Thim eingelangete
2055 1504 3035 1613 Schreiben und der ohrten aufgenommen
2053 1579 3010 1679 Informatianen abermahlen sehr ernst
2053 1633 3006 1736 lich excaminiert Ist von dem Selben
2046 1698 2979 1799 folgende Antwort erhalten worden
2037 1759 3015 1893 Befragdt, Ob hr noch allezeit laugne
2057 1834 3012 1942 daß Er droben zu thun sich der gefan¬
2051 1903 2976 1996 genschafft mit forcerung der banden
2053 1950 2865 2064 und Thuren Gos machen wollen?
1988 2026 3031 2156 Antwort Er könne nicht wider sein ge¬
2054 2108 3014 2203 wußen rnden dann Er niemahl seye
2047 2161 3012 2272 loos, sondere allezeit bunden gsin, wie
2807 2245 2998 2338 Sie Ihne
