4032 3024
866 771 942 849 84.
1004 817 1899 976 bolgst, umb Ihn Nops auf den Wahn
969 907 1923 1035 zubringen, alß wann Eretwas anders
1000 1001 1910 1128 vorgehabt; Nachdem So nun aufge¬
979 1081 1909 1211 ständen, habe der Patter die Tochter in
1000 1159 1885 1300 der Weiche bey der Jeppen ergriffen,
984 1237 1907 1386 welche sich aber widrums von Ihme
989 1336 1886 1468 das gemacht auf den Boden gefeßen
991 1412 1863 1554 und grinnen, und gesagt Er wolle Ihns
976 1515 1871 1622 gehen laßen, daß es sich wider vorne
972 1581 1875 1712 empreifen, und mit Jodermdnn gecht,
979 1647 1902 1789 was Er fur einen achime Sandel führe,
989 1714 1894 1865 dann daß Mäÿttlis Beusttuch samt dem
973 1817 1904 1962 greißneßteliseye alles oßfen ghn und über
970 1888 1314 2006 aben gefangen.
1363 1933 1454 2041 2
979 1969 1905 2175 Siesten nach habe zr Gurtet noch an
1625 2169 1823 2246 fucrten
3115 831 3201 915 85
2123 871 3177 997 einem anderen ohrt ander einer Erch bren
2120 959 3194 1082 Herrenschwande hole gedeute seine Töchter
2146 1064 3159 1151 widrumb auf den Bodennider gezogen,
2110 1103 3193 1235 Wie uu ESoc se von weitein gesehen,
2132 1183 3174 1312 und meicher hinzu gehen wollen, seye Ihme
2140 1251 3187 1393 indolh eine arme Frauct vorHerren
2126 1360 3192 1470 ischwunden, so holten aufgelegen, begegnet, wel¬
2142 1410 3186 1543 sche dem Gürdtner um seiner Töctter eine
2120 1492 3164 1613 weil zugelugt diese Prarnt habe Er
2119 1558 3129 1660 Ros gefragt, Ob der Gurdteer des
2223 1652 2257 1689 111
2116 1644 3158 1769 Mardtl inder heige darauf Sie gesagte
2129 1710 3171 1836 In, er heige es iader und Ihme das Getand
2434 1800 2464 1840 .
2122 1804 3168 1911 bise ander die Armen aufgedeckt auch habe
2231 1865 2397 1928 f
2129 1871 3159 2004 Sie gehöre, daß der Gurtuer der Tochter
2129 1951 3135 2082 ein Mundtschi gesönschen die Ihme eins
2449 2020 2548 2091 z
2120 2033 3115 2167 geben das frey kleyft Er Rops aber
2815 2153 2984 2253 habe
