4032 3024
809 787 896 884 184
843 1056 920 1180 2
840 1268 917 1362 .
841 1461 932 1579 2
921 836 1774 996 Sie Ihne von anfang gebunden haben
910 949 1811 1078 zeige auch mit an der Kefithüren ge¬
928 998 1664 1124 macht noch selbige angerührt.
946 1089 1787 1211 Ob Er noch alheZeit beharre, daß Er
943 1144 1856 1277 it zweey sondern mur Einen pojoire
935 1198 1645 1324 zu Thun verwechtlen wollen
935 1279 1797 1403 Er habe einmahl nit mehr weder
932 1335 1814 1468 denEintzigen gehabt, so Er der kein
907 1396 1217 1497 herrn geben
946 1455 1777 1613 Ob Er nit zu Thungesagdt daß Er
929 1532 1779 1655 umb ein Fuhl, 15. oder 16 der
907 1601 1634 1720 gleichen pajores bekommen.
928 1718 1808 1840 Er habe zwar Wohl gesagdt, daß Er
922 1785 1745 1906 zun pajoire so Er wachtlen wollen
920 1840 1820 1952 umb ein Fuhli gekommen, aber mit daß
891 1908 1838 2014 Er deren 15. oder 46 habe. Den Einzigen
905 1942 1818 2085 aber, wie schon hievoran zeigt) habe
894 1991 1814 2142 Er von dem Goldtschund Scharer, bekom¬
913 2077 1083 2142 men
1983 1523 2011 1557 5
1989 1348 2049 1523 4
1998 897 2081 1029 8
2940 845 3048 935 185
2092 880 3075 1012 Wie doch das seyn könne, daß Er nur
2063 964 3051 1072 Einen pajoire gehabt, Sindemahl Er
2068 1026 3052 1129 bey der Leenherrin einen Verwechslet
2066 1084 3040 1185 welchen Sie eine Zeitlang behalten vnd
2063 1153 3020 1261 inzwuschen einen anderen, dergleichen
2078 1222 2106 1258 A
2053 1214 3052 1327 pajoire beyder Saltzbutti gegen über
2059 1280 2685 1387 auch Verwechslen wollen
2071 1391 3061 1523 Die Krenherrin habe zwar den pajore
2080 1474 3037 1581 den Er bey Ihre geweihelit et was Zeits
2060 1543 2997 1647 gehalten, hernach aber Ihme selbigen
2054 1608 3000 1704 Widergeben und Er Ihre dargegen, das
2052 1664 3048 1766 bey Ihra genommene Brodt auch bezahlt.
2065 1719 2994 1819 darauff hin Erst habe Er diesen pajoire
2066 1786 3025 1891 deren bey der Saltz butten gezeigdt vnd
2063 1850 2724 1958 zu Verwechslen angebotten
2015 1939 3027 2063 Vorüberhin Ihme von Michhl. Frami¬
2045 2015 3054 2118 natoren Ernstlich vorgehalten worden, daß
2069 2067 3032 2176 dirses sein vorgeben gantz ohnwahrhafft
2051 2130 2958 2235 Sintemahl Er bey der Ihr Stähli bey der
2783 2202 3038 2302 Saltz buttin
