4032 3024
818 787 910 866 90
962 818 1918 971 der. Gurdtner hingegen Ihre getröucet
965 931 1924 1055 wann sie mit schweige wolle er se gleich
935 1006 1903 1130 fahls mit steinen werffen. Solchem nach
947 1092 1903 1216 habe dies gir Tochter zu Ihre Schiff¬
929 1174 1915 1298 immeng gesagt, sie wolle mit mit Ihrem
932 1239 1903 1379 Vattere hmmbgehen, darauf Sie Schiff¬
926 1349 1897 1457 edun gespröchen, Sie muüßt wohl einen
923 1394 1893 1534 schlimen Vitter haben, daß seine Kinder
934 1492 1902 1622 nicht mit Ihme heimb wollen, der Vätter
922 1575 1890 1694 solches hören sagte, 6 so wann Ich Ihm
922 1657 1899 1789 Ichun dir  sihis Schanmn gegriffen, Ioch ill
922 1730 1876 1875 se die Schiffmaunen auch greiffen, demne
925 1808 1898 1950 se im Horn geantwortet ehn mürsste
907 1905 1616 2031 Ihn Iemandts anders nemen.
908 2056 1896 2208 Lusolp8 Eggl. dannmeldeten daß
1667 2194 1811 2263 fun
3108 781 3178 881 9
2167 837 3195 989 eine andere von sein Gurdtners Töchteren
2163 919 3187 1070 Ihme weinend gesagt, Sie wolte, daß ie von
2160 1003 3147 1147 Iihrem Vatter nichts wüsste derselbe seye
2170 1091 3186 1218 mit dem Cathein seit dem Horpst wo narisch,
2944 1151 3008 1206 2
2163 1167 3203 1305 daß alles recht seyn müste was es einer thune
2152 1239 3205 1377 Er habe auch ohnlängsten demselben das für¬
2168 1335 2598 1465 uch aoggezogen.
2179 1455 2274 1552 3
2165 1476 3206 1637 ersicht Schiffmann von 16. Jahren
2156 1589 3207 1702 Alters Zeugete, daß Er auf gedenten 6te No.
2903 1645 2997 1698 72
2149 1660 3202 1755 ivemoris von eeiner Meister Frauen ge¬
2962 1726 2996 1767 2
2882 1714 2962 1771 211
2146 1718 3183 1842 endt worden zuerfahren, was für ein Ge¬
2159 1799 3161 1907 Ihrey es wen so gehort werde, da Er dann
2149 1863 3209 1964 dm Gurdener bey seiner Töchten neben einer
2161 1930 3179 2062 Bunsen alles Er Sie, ohnweitistinend Ehe¬
2164 2010 3186 2119 weyb der Autter, so zuegen warte, inder
2150 2079 3210 2203 gezogen, angetroffen habe, und alß Er Schiffmann
2918 2175 3081 2276 hinzu
