4032 3024
831 817 904 901 13.
1012 834 1906 960 zwar schon gantz berüscht ins Thalguht
1008 900 1878 992 kommen, und sich mit dem Waldaman
1014 961 1882 1077 seinem Bruder und Sohn an einentisch
1004 1027 1886 1117 gesetzt und getruncken, auch darauf
1007 1076 1878 1185 alsobald angefangen zu fluchen vndt
997 1140 1872 1245 zuschwehren, welches Er Sachen Ihme
1007 1193 1870 1296 abgewehrt und verdeutet, wann
1007 1259 1866 1357 Er solches nicht werde underlaßen
1010 1324 1844 1419 daß Er solch es werde anzeigen wie
1010 1385 1830 1489 nun Er tiechti zu und erschidelichen
998 1445 1857 1546 mahlen den bösen geist im Mundge¬
992 1500 1874 1606 führt, habe der wald amann gesagt
994 1572 1900 1673 cesiet vnß Gott worauff der Liecht;
999 1635 1851 1737 gerndt, der Teuffel solle die wohrt
1010 1710 1827 1803 nemen Vnßtwegen Er Sachen die
1008 1750 1839 1872 wohrt alsobald auff geschriben vndt
1010 1818 1857 1932 auß der Nebend stuben drey Thor¬
1001 1872 1830 1984 richter gereicht, in deren Gegen¬
997 1927 1814 2054 wahrt Er dem Liechti diese wohrt
998 1986 1861 2124 wider vorgehalten, Welcher auch deren
988 2045 1861 2205 bekamnt und gestendig gsin und ge¬
1630 2188 1809 2304 saydt
3034 834 3140 922 135
2144 877 3123 994 gesagdt, Er wolle sie hinlegen laßen
2162 952 3153 1061 darbey es damahls verbliben. Endete
2156 1020 3062 1113 dar mit Ihre Außsaagen. Actum
2150 1093 2775 1184 5t Septembris 1708
2160 1187 3162 1312 Derp. sept: 1708. Megklen, dey Rahlen Vor¬
2134 1279 2961 1383 getragen und darüber erkent worden
