4032 3024
852 780 917 892 112
926 803 1917 962 Einen Tagen, und ein Betth entwendt, vnd
931 895 1866 1029 das betth im Ersten Hauß außerthalb
933 958 1932 1103 Hosfingen Angen St. Vrban, umb 3. gulden
941 1027 1874 1139 und den Sagen auf der straaß Verkaufft
1499 1100 1685 1160 Ins anderen
937 1078 1885 1224 hab ich kein von Verneren diebstählen
941 1163 1923 1294 aber gar nichts wußen wollen, und beständig
939 1217 1886 1351 verharret, daß Er weder vormahls, da Er
939 1289 1906 1417 sich in hiesigen Landt auß gehalten noch auch
945 1348 1853 1459 dißmahls da es noch mit drey Wuchen
941 1405 1891 1532 daß Er zu Schaffhaußen angelangdt, vnd
947 1460 1868 1598 von der durch zurich Bramgardten
943 1532 1920 1671 Munster und St. Vrban in hiesiges Landt
941 1600 1884 1727 kommen seye, weiters nicht entwendet.
952 1659 1881 1777 Wohl aber gar offtmahlen, und zwar
961 1734 1922 1857 zweymahlen im Bern gebiet dienstge¬
948 1802 1876 1914 nomen habe, und wider außgerißen
946 1843 1055 1923 seye
939 1899 1877 2034 Waß dann die diebs Complies belan¬
957 1971 1895 2102 zet, so hat Er auff ernstliches zusprechen
946 2043 1909 2166 von gar keinen, als von denen hinvorgemel¬
943 2103 1885 2251 ten wußen wollen, Er habe zwar auch
1695 2213 1826 2318 Vor
3069 786 3170 864 173
2086 847 3204 956 Vor diesem noch einen Schaffhauser, so Johan,
2108 934 3201 1031 nes heiße, gekennet üße aber nicht daß
2090 986 3188 1096 Er Jehmals etwas entwendet habe; So habe
2110 1064 3142 1166 Er auch vormahls Eine Weibs persohn mit
2104 1121 3199 1216 zweren Knablin angetroffen mit welcheren
2879 1173 3007 1227 AEr
2151 1188 2250 1229 von Siel
2094 1197 3199 1282 Er nacher St. Vrban gangen, und daselbstenEr
2116 1242 3175 1328 vernommen, daß es die Spitzioren seyt, habe
2108 1303 3173 1390 aber mit Ihra kein weitere bekanndtschafft
2095 1362 3141 1462 gehabt, sonderen Sie alsobald verlaßen
2100 1437 3174 1528 bätte Gott und eine hoche Oberkeit vmb
2113 1495 2698 1598 Gnad und Verzeichung
2099 1585 2216 1677 44
2173 1616 3149 1717 enne daß Er mit hulf seines Bru¬
2126 1679 3147 1782 ders und denen beyden hingerichteten diebe
2125 1745 3154 1838 nachts in Ein Somerhauß gebrochen, darin
2120 1800 3113 1880 nen Sie zwey silberne Verguldte Saltzbuchstlin
2117 1856 3157 1950 6. Apostel Löffel, 42. Mäßer mit helffenbeiner¬
2134 1915 3142 2008 ien hefften 12. stächlene Gablen, Ein Überzig
2129 1962 3125 2063 von Madratzen, Ein Grune Cassaggen, Ein rohte
2123 2040 3152 2124 Veste mit moschenen Knopfen, Ein Betthziechen
2123 2070 3083 2179 3. Weiberrock und einen alten Nachtroct
2137 2138 3148 2237 entwendt: welche sie alle nach zutweyl ge¬
2140 2174 3132 2274 tragen und dorthen Verkaufft, Er könne sich
2129 2240 3105 2353 aber nicht versinnen und wuße nicht wie datreß
2135 2282 2987 2389 Ihrt heiße da Sie diesen diebstahl begangen.
