4032 3024
842 831 901 917 110
930 841 1924 975 liche Wahrheit bekennen, und also an zeigen
914 922 1880 1037 solle, was für diebstahl Sie krafft dieses
917 990 1915 1115 Schlußes begangen, und wo Sie darauffhin
911 1055 1628 1168 darmit den Anfang gemacht.
935 1147 1922 1299 at darüberhin Er bekennt, daß Sie etwan
923 1228 1916 1352 in 3. stundweit von hier in einem Schlößlig
923 1281 1821 1384 Da Vnweit darvon ein kleiner See sich
926 1356 1902 1471 befinde, den anfang gemacht hab ind, Volg¬
928 1424 1876 1533 lichen von dort weiters gangen, und noch
931 1483 1878 1593 an anderen ohrten eingebrochen seyind, vnd
923 1538 1884 1675 die Endtwendten sachen theils zu Solothur
916 1596 1872 1718 theils zu Burgdorff, theils zu huttwegl
926 1654 1900 1802 und auch hinder Wangen Verkaufft habind:
916 1712 1841 1838 Weilen Er aber weder aller der Ohrten
943 1799 1864 1906 noch aller dersachen so entwundet worden
927 1838 1888 1963 sich versinnen, weniger wie die Ohrt heißen
947 1892 1888 2029 düßen wollen, Auß der von Ihme besche¬
931 1954 1865 2087 chener Beschreibung aber der Ohrteren
936 2019 1868 2151 und Vernambsung einher entwendten
935 2085 1865 2218 sachen gar liecht abzunemen gsin, daß
3040 801 3172 882 174
2103 854 3150 993 es Ja grad eben die Jenigen Ohrter um
2105 945 3166 1058 auch noht wendig alle die sachen, welche in
2100 1001 3141 1101 der Vergicht der zweyen hingerichteten
2094 1071 3174 1164 Dieben wührt und Guntz enthalten, seyn
2103 1128 3125 1235 müßen; Alß indt Ihme nicht allein
2105 1194 3144 1295 die Orter sonderen auch die sachen wie
2091 1246 3129 1369 sie in gedachter Vergicht auferzeichnet
2093 1323 3108 1423 vorgehalten, und darauff hin von Ihnne
2085 1390 3121 1503 Kästl; die gantze Vergicht, wie sie vom
2095 1457 3171 1579 wührt und Kuntz hievor beschechen besähti¬
2103 1529 3093 1635 get worden, des Inhalts wie volget
2758 1585 3147 1664 vis: an der 3ten nachfol¬
2101 1595 3059 1728 Nämblichen. so If genden sehten.
2077 1760 3158 1897 Vnd als hierauf hin Ihme weiters gantz
2117 1848 3141 1954 nenst wöhrtlichen zugesprochen worden, daß
2109 1932 3137 2014 Er sein Hertz völlig räumen und waß für
2114 1973 3109 2065 diebstahl mehr Er begangen habe, frey
2123 2036 3108 2147 mütig bekennen solle; Ist Er zwar be¬
2110 2098 3171 2218 kandtlich worden, daß Er annoch im Ergännd
2125 2158 3147 2282 mit weit von Lentzburg, Ein paar Schue¬
