4032 3024
773 1176 867 1269 8 Coct
969 838 1852 1031 Wie viel Silber Er in Zurich ver¬
929 914 1116 1040 kaufft.
913 1024 1849 1168 E. Zweystänglin und ein stumplin,
923 1094 1813 1234 darfür habe Er 15. R gelößt das
923 1181 1801 1311 todt a 13. b der Hanns Fuhrer
918 1250 1827 1367 sey damahls auch mit Ihme nach zu¬
923 1305 1812 1425 rich gangen, als Er das Silber Ver¬
919 1369 1822 1492 kaufft, So habe Er nachwehrts auch ein
921 1437 1771 1554 stümplin von diesem Grätz silber
923 1517 1804 1626 dem Hr Goldtschmid Nötinger alhier
917 1585 1722 1682 umb ein halben thaler Verkauft.
930 1648 1756 1787 Ob Er mit auch in Thun einihe
917 1718 1771 1821 stänglin Silber Verkaufft wein
923 1775 1492 1897 und wie theur das lodt:
896 1833 1790 1984 R. Er habe dem Goldt schmid Lantzrei,
910 1924 1830 2048 und dem Nideren Apotecker, Jedem auch
915 1978 1823 2109 zwey stänglic verkaufft, allein Wei¬
919 2052 1775 2198 len Sie nicht so guht, sonderen gantz
1510 2184 1693 2287 bruchig
2052 902 3006 1034 Brüchige Gsin, so haben Sie Ihme nicht
2065 984 2878 1080 wollen 13. b. vmbs Todt geben.
2105 1054 3071 1172 Wo und bey wein Er also gelehrnet
1972 1066 2101 1184 D.
2064 1127 3024 1253 Silber schmeltzen, und mit dergleichen
2064 1219 2499 1311 sachen umb gehen
2026 1294 3015 1422 R. Er habe dem Goldtschuid Schärer sel.
2059 1378 3031 1465 mußen l. dublonen geben, daß Er Ihne
2059 1421 3040 1550 gelehrnet möschen dagengefaß vndt
2041 1499 3016 1604 Ringgen Gißen, und weilen Er viel
2060 1558 3033 1663 bey demselben Goldtschuid Vien gewesen
2049 1617 2993 1739 habe Er auch gelehrnet Silber schmeltzen
2016 1716 3046 1854 B.er Ihme geholften die Silberstäng
2061 1820 2379 1910 lin Gießen.
2034 1881 2549 1990 R. Gar niemand.
2145 1982 3029 2087 Ob Er nit auch etwann und erweilen
2020 1973 2147 2104 R
2066 2033 3037 2151 Es was Geldts oder muntz auß dem Silber
2064 2112 2309 2199 gemacht?
2042 2181 2565 2294 R. kein, Niemahlen
2867 2198 2944 2338 2.
