4032 3024
854 835 1881 1008 Absterben, diesers büchlin, sambt anderen
850 920 1839 1054 sachen mehr dem Kideren Apotecker in
853 978 1225 1080 Thun Verkaufft
864 1076 1850 1234 Ob Er nit vor Etwelchen Jahren in Thum
842 1122 1850 1293 underschideliche Neunte funstpfündler ge¬
845 1203 1517 1328 habt und zuwechslen geben
828 1284 1831 1414 R. Er habe nicht mehr als einen solchen
845 1372 1818 1473 Neigen 5. tler gehabt, welchen Er vor
847 1420 1807 1543 ohngefehrt 4. Jahren von H. Johannes
839 1497 1839 1602 Scharer dem Goldschmid bekommen diesen
832 1559 1843 1687 C. I habe Er zu Erst bey der Hrl. Leenher¬
847 1631 1847 1749 ein verwechslen wollen, die aber Vermeint
838 1706 1805 1812 weilen Er so glatt, daß Er faltsch seyn, und
833 1761 1817 1869 deßtwegen selbigen mit dem Raßtmeßer
827 1817 1842 1938 verhauwen wollen, aber nit gekonnt, sol¬
850 1891 1831 2012 hein nach habt Er diesen 5. Ihler grad gegen
845 1956 1810 2093 über bey einer Saltzbuttin zu verwechs¬
840 2022 1786 2156 len angebotten, und da mann Ihn auch
843 2068 1785 2216 nicht nomen wollen, habe Er solchen dem
1553 2205 1645 2329 .
2996 806 3068 899 11
1966 887 3025 1006 H. Goldtschmidt Schärer wider geben
2050 981 3058 1111 Ob der H. Schärer Ihme nit angezeigdt
1946 991 2021 1132 B
2011 1051 2937 1149 daß der gunspfündler faltsch seye
1961 1138 3044 1269 H. Mein Er habe Ihme gar nichts gesagdt,
1996 1204 3034 1314 dann der 5 tler seye hubsch gsig an
1975 1278 3012 1388 Silber in soweit, daß als Er dan Solchen
1990 1342 2985 1463 dem H. Schäres wider gebracht, habe Er
2005 1400 3086 1513 gemeint, weilen selbiger guht seyn, so sollete
1995 1478 3009 1591 Pferti darmit zum Ihr Schiltheiß gan
1993 1559 2184 1670 klagen,
1947 1628 3012 1765 E. Waß Er der Hrl. Fnenherrin Auff be¬
2015 1707 3030 1834 tragen, von wenn Er diesen 5. ttl bekommen
2001 1779 2515 1877 zur Antwort geben:
1973 1835 3009 1976 Rh. Er habe gesagdt, Er seye Ihm umb ein
2008 1934 2356 2036 Fuhli worden.
2013 1986 3058 2115 Warumb Er Ihra nicht angezeigdt, daß Er
1948 1952 2010 2134 E
2001 2071 2991 2182 solchen von dem H. Schärer empfangen
2303 2153 2350 2201 11
1991 2158 3057 2276 R Mann Thage Mauches, daßmann nicht
2016 2222 2275 2318 thun solte?
