4032 3024
770 788 888 873 1721
969 848 1847 993 Ob Er nit auch des Reichen Keßlers
930 914 1866 1053 Sohn zu Langnaw kenne, wie Er heiße
935 982 1865 1121 und wo Er Ihne zu erst kennen gelehrnt,
892 1045 1863 1201 Rl Erkenne Ihn wohl, Er heiße Hanns
924 1137 1856 1271 Sahrer und habe Ihn zu Thun bem Gold¬
930 1203 1823 1332 schuid gelehrt kennen, zu vor habe Er
916 1265 1827 1386 ohn ein einzigmahl zu brinntz gesethen
932 1331 1815 1443 aber daselbst keine Khundtsame mit
916 1375 1817 1511 Ihme Gemacht, seithäro seye ermel¬
923 1466 1803 1590 ter Fuhrer Eintmahl mit Ihme biß
925 1534 1809 1654 nach Gastelen gangen, da sie bley Erten
916 1592 1796 1720 geholt, und Jeder von Ihnen zwuschen
923 1651 1780 1763 40 f 50. tk. mit sich gebracht, das
917 1727 1789 1853 E6. habe Sie einen halben batzen ge¬
917 1790 1819 1907 kostet, hernach habe ein gewüßer Fru¬
909 1861 1800 1979 tiger namens Christen, Ihnen noch¬
929 1919 1808 2033 mehr bley Erty gan Chim zum baren
913 1971 1814 2110 Gebracht das A. a. d. b. Wonun der
910 2041 1806 2170 Hanns Fuhrer mit dem seinigen hin¬
904 2100 1748 2224 gekomen, und wein Er es verkaufft¬
1521 2232 1756 2328 Waße
2967 824 3057 901 173
2059 865 3082 1001 Wuße Er nicht Er Pfeuti aber habe seines
2069 942 3088 1061 gan Gern gefergget, und denen Haffnere
2076 1010 2716 1112 das 16. a 6. Xr verkaufft.
2111 1093 3049 1216 Ob Er nit zu einem seiner Camaraden
2009 1099 2106 1245 F.
2063 1178 2993 1288 geredt daß Er seithäro habe gelehrt
2066 1253 2407 1348 Silber machen
2041 1319 2904 1451 . Mein Er wüße nichts dar von
2027 1421 3070 1563 I. Ob Er mit auch zu Liern, Zurich, basel
2070 1518 2567 1623 und der Ohrten gsin
2035 1559 3036 1714 R Ja Er seye zu Lucen vnd Zurichgsing
2033 1696 2947 1829 E. Waß Er daselbsten gemacht
2041 1778 3037 1896 R. Er habe hievor des Goldtschuid Schä¬
2057 1851 3000 1945 rers Frauwen in Thum, Ihres Manns
2045 1914 2990 2020 sel. Gratz abgekaufft, daßelbe drobey
2058 1981 3011 2082 gewaschen, geleutheret und abgetriben,
2055 2039 2991 2141 Nachwehrts habe Er einen theil das von
2049 2103 2546 2205 zu zurich Verkaufft.
2826 2155 2908 2284 E.
