4032 3024
3161 842 3220 956 1
2338 1010 3007 1150 rio Jarket.
2272 1127 3269 1287 Gebürtig von Eiantawes hinder Psferben, diemah¬
2272 1240 2844 1389 au zu Virte sich aufhaltend
2145 1364 3240 1500 3. Achteme Selbiger Wegen eines vom her Landtögkey zu
2181 1473 3226 1576 Ifferben alhangeschilten glaußen Verschloßenen Schreibens
2146 1543 3225 1652 Iich zueblich leitaußehender vnd gefahrlicher Vndernemungen
2175 1594 3217 1723 Vendächtig gemacht, Vnd daruberhe, auß Oberkhn Beselchelurch
2154 1679 3232 1823 Herren Landtogten von Crillon gewahrsamblich alhar in gefan¬
2165 1750 3196 1895 genschafft gebracht, vnd anfengtlich durch Mehlohlen der
2169 1854 3189 1982 Recrum Camer erarminiert, sennach aber die Verrichtung
2158 1920 3193 2052 desen Vernereygeragens Mihhen herblicheren Mursten,
2702 2038 2766 2109 5
2158 2022 2700 2130 bergeren aufgetragen worden
2897 2021 3223 2155 Ist zu Vollstre¬
2173 2086 3235 2209 fung Obrrkhe befelchs durch jetz gedachten Mehlen heimb
2168 2203 3214 2296 lichern mit zuthun Er Gnl. dieneren hen Großbeibel
