4032 3024
834 797 909 894 146
966 856 1854 989 chafft zu Brauwbrunnen, da Er die
942 936 1868 1073 Sotten am Arm und Huß zerbrochen,
968 1007 1851 1133 und ein Loch in die Maur der Gefan¬
955 1063 1867 1195 genschafft gemacht haben soll: hat Er
956 1137 1832 1262 aus ernstliches zusprechen diesere
956 1201 1887 1331 sich nach folgender gestalten, erzollet,
959 1279 1865 1399 daß Er mit einem Kiselstein Vnden an
960 1342 1916 1482 den Kloben, daran die Kettz angemacht
974 1410 1909 1523 ware einihe streich gethan, und darauffe
942 1474 1866 1584 hin seye der Kloben weilen alles hart
961 1547 1822 1669 gefrohren war, Grad alsobald außge¬
965 1620 1864 1723 sprungen, Vnd weilen in einem Eggen
976 1674 1858 1790 in der Mauren ein großer spahlt gsin
967 1734 1854 1854 dardurch der wind Vast hinein kommen
958 1813 1877 1929 habe Er das Pflaster weggemacht vnd
969 1867 1842 1993 hernach strohw in den spahlt geschop¬
961 1931 1868 2061 ret, damit der wind nitto Vest hinein
968 1983 1253 2083 kommen möge
959 2050 1872 2172 Was den faltschen Zedel damit Er
1000 2125 1894 2253 dem Ihr Landtvogten zu Fraunbrunnen
1645 2244 1857 2334 Geldtp.
3026 824 3124 927 147.
2119 890 3164 1017 Geldt abforderen wollen, anlangt; So hatt
2124 977 3158 1091 Er deßhalben nachfolgende bekandtnußge¬
2117 1049 3138 1158 than; Namblichen Er seye von Zeimaht an
2096 1109 3134 1217 pängklich in dem Iin weggangen, daß Er
2125 1174 3108 1281 sich nacher Hern begeben, vnd daselbsten
2113 1233 3153 1359 seinen GatterReuthen etwas zum gihten
2119 1301 3143 1421 Jahr zeuschen wolle; Alß Er aber nacher
2129 1363 3099 1481 Pätterkinden komen vnd er im wührts¬
2110 1435 3097 1564 hauß daselbsten etwas zu Eßen gefor¬
2125 1513 3117 1608 deret, mann Ihn aber, weilen Er kein
2119 1583 3082 1690 Geldt gehabt nichts geben wollen; Seye
2117 1636 3082 1751 Ihme die sach mit dem Zedeln in Sinn
2117 1714 3132 1812 komen Also daß Er sich grad alsobald zum
2129 1782 3102 1899 Schulmeister daselbsten verfüeget vnd
2122 1850 3126 1986 einselben vorgeben, daß der Ifr Rahts¬
2099 1912 3105 2034 herr von Gonnstetten zu Sollothuen seye
2110 1985 3123 2111 und daselbsten zwey Guttschen pferdt
2108 2054 3117 2176 gekaufft, zu bezahlung derselben aber
2117 2135 3087 2252 in 15. thaler zu wenig geldt habe, Vnd
2885 2233 3061 2328 Ahne s
