4032 3024
668 2271 711 2324 4.
743 795 862 887 192
846 855 915 965 K
828 1832 924 1939 E.
855 1985 918 2081 D
954 847 1837 1004 Er könne ein mahl gar nit bekannt
896 936 1808 1061 seyn daß Er im Eryburg gebieth Je¬
896 1001 1815 1121 manden etwas entwendt mann über¬
895 1053 1811 1168 thuge Ihm gröblich und werde solches
902 1112 1843 1242 auch kein Mensch von Ihme sagen können
884 1175 1813 1299 Wahr seyn, daß mann Ihme einmahl
907 1241 1811 1360 da Er nit daheumb sonderen im landt
886 1295 1814 1434 Gricht ssun sein Hauß im guggisherg¬
899 1378 1802 1493 durchsucht, allein Er seyr nit geflohen
899 1434 1779 1547 sonderen seinen geschäfften wegen von
902 1493 1812 1613 hauß gangen, da Vnder wegs auff der
896 1566 1747 1662 Straas sein Schwager zu Ihme komen
901 1609 1620 1735 und Ihme solches angezeigte¬
1722 1659 1779 1748 1
906 1688 1791 1828 Wie viel Silber Er in dem Jenigen
914 1771 1609 1878 gratz gefunden so Er gekaufft
922 1826 1787 1963 Er habe für 15. f darauß gezogen
899 1907 1568 2019 so Er zu zurich Verkaufft.
911 2002 1814 2123 Wo Er das Silber alles hergenommen
904 2080 1730 2191 to Er dem Goldt schmidt Kantzrein
1628 2179 1751 2256 Vnd
1980 1017 2046 1123 2
1965 1268 2034 1352 2.
1969 1475 2035 1563 A
2959 829 3040 897 93.
2049 884 2952 1016 Apstecher Hoch in Thun verkaufft:
2067 975 3033 1107 Er habe von den Bauwren im Oberland
2062 1041 3033 1162 poches Silber aufgekaufft und zwar
2050 1101 3066 1213 und er anderem ein bächerlin, so Er geschmeltz
2061 1202 2990 1331 Wo und bey welche Bauren Erden
2053 1281 3007 1398 sacher gekauft, und wie viel derselbige
2046 1363 2301 1451 gewogen?
2344 1422 2451 1478 104
2062 1411 3049 1544 Eor habe, daheins im Guggisperg in seinem
2081 1502 2139 1547 16
2057 1506 3058 1603 lauß von Einem Kerli gekauft der Vinen
2047 1558 2990 1659 gange gen Doctern Er wüße nit ob Er
2056 1609 2968 1723 ein Herner oder Prybürger seye, der
2038 1671 3045 1780 Sächer habe 40 Todt gewogen, Er habe fürs
2044 1728 2536 1838 Todt 12 b. bezahlt.
2033 1818 3033 1931 hierauf ward Ihme abermahlen ernst¬
2060 1886 2994 1992 ich vorgehalten, Es er finde sich seiner
2060 1950 3054 2049 nigenen saag nach daß Er sehr viel Siber
2042 2000 2960 2106 Ii und wider Verkauft welches Er in
2055 2077 3042 2181 so kurtzer Zeit gar nit außkauffen können
2036 2149 3001 2261 Muße also noht wendig du Ludingen
