<?xml version="1.0" encoding="UTF-8" standalone="yes"?>
<PcGts xmlns="http://schema.primaresearch.org/PAGE/gts/pagecontent/2013-07-15" xmlns:xsi="http://www.w3.org/2001/XMLSchema-instance" xsi:schemaLocation="http://schema.primaresearch.org/PAGE/gts/pagecontent/2013-07-15 http://schema.primaresearch.org/PAGE/gts/pagecontent/2013-07-15/pagecontent.xsd">
    <Metadata>
        <Creator>prov=University of Rostock/Institute of Mathematics/CITlab|PLANET AI GmbH/Gundram Leifert/gundram.leifert@planet-ai.de:name=Transkribus German Kurrent M2(htr_id=29820)::::v=2.6.7
prov=University of Rostock/Institute of Mathematics/CITlab|PLANET AI GmbH/Tobias Gruening/tobias.gruening@planet-ai.de:name=de.uros.citlab.module.baseline2polygon.B2PSeamMultiOriented:v=2.6.7
prov=University of Rostock/Institute of Mathematics/CITlab|PLANET AI GmbH/Tobias Gruening/tobias.gruening@planet-ai.de:name=/net_tf/LA73_249_0mod360.pb:de.uros.citlab.segmentation.CITlab_LA_ML:v=2.6.7
Transkribus</Creator>
        <Created>2022-05-02T15:58:45.089+02:00</Created>
        <LastChange>2022-09-12T15:58:52.237+02:00</LastChange>
        <TranskribusMetadata docId="1336520" pageId="52421237" pageNr="80" tsid="114799529" status="IN_PROGRESS" userId="9570" imgUrl="https://files.transkribus.eu/Get?id=PUASPNMOFKFQFGTQAMWOQOEQ&amp;fileType=view" xmlUrl="https://files.transkribus.eu/Get?id=UTBKIZCWSGLVVPYZJWGUNSCZ" imageId="30693956"/>
    </Metadata>
    <Page imageFilename="IMG_6491.jpg" imageWidth="4032" imageHeight="3024">
        <ReadingOrder>
            <OrderedGroup id="ro_1687513548523" caption="Regions reading order">
                <RegionRefIndexed index="0" regionRef="r1"/>
                <RegionRefIndexed index="1" regionRef="r2"/>
                <RegionRefIndexed index="2" regionRef="r3"/>
            </OrderedGroup>
        </ReadingOrder>
        <TextRegion orientation="0.0" id="r1" custom="readingOrder {index:0;}">
            <Coords points="806,760 806,914 884,914 884,760"/>
            <TextLine id="r1l1" custom="readingOrder {index:0;}">
                <Coords points="802,902 819,905 835,891 842,895 853,885 892,896 889,809 876,813 869,807 849,806 842,812 819,806 810,813 798,811"/>
                <Baseline points="806,863 832,864 858,863 884,860"/>
                <TextEquiv>
                    <Unicode>154</Unicode>
                </TextEquiv>
            </TextLine>
            <TextEquiv>
                <Unicode>154</Unicode>
            </TextEquiv>
        </TextRegion>
        <TextRegion orientation="0.0" id="r2" custom="readingOrder {index:1;}">
            <Coords points="918,897 918,2264 1863,2264 1863,897"/>
            <TextLine id="r2l1" custom="readingOrder {index:0;} place {offset:34; length:4; continued:true;}">
                <Coords points="935,936 1869,997 1871,968 1719,904 1213,872 1120,900 940,866"/>
                <Baseline points="942,921 988,926 1034,929 1080,932 1126,935 1172,938 1218,941 1264,944 1310,946 1356,948 1402,950 1448,954 1494,956 1540,960 1586,963 1632,967 1678,970 1724,975 1770,980 1816,986 1863,992"/>
                <TextEquiv>
                    <Unicode>hinauß in des Ihr Rahtsherren von Gon¬</Unicode>
                </TextEquiv>
            </TextLine>
            <TextLine id="r2l2" custom="readingOrder {index:1;} place {offset:0; length:8; continued:true;}">
                <Coords points="941,989 1265,1018 1353,1056 1456,1030 1764,1067 1860,1045 1729,979 1675,1007 1569,963 1501,995 1399,959 944,947"/>
                <Baseline points="948,984 993,987 1038,989 1083,992 1129,994 1174,997 1219,999 1265,1002 1310,1004 1355,1007 1401,1009 1446,1012 1491,1015 1536,1018 1582,1021 1627,1025 1672,1027 1718,1030 1763,1033 1808,1036 1854,1040"/>
                <TextEquiv>
                    <Unicode>stettens Matten zu Ihme kommen, und Ihm</Unicode>
                </TextEquiv>
            </TextLine>
            <TextLine id="r2l3" custom="readingOrder {index:2;}">
                <Coords points="932,1054 995,1077 1138,1049 1189,1092 1335,1077 1372,1110 1684,1085 1805,1126 1800,1056 1671,1063 1619,1034 1489,1056 1461,1028 1350,1054 1220,1012 1167,1036 936,990"/>
                <Baseline points="939,1044 982,1046 1025,1049 1068,1050 1111,1053 1154,1055 1197,1058 1240,1059 1283,1063 1326,1065 1369,1067 1412,1070 1455,1074 1498,1076 1541,1079 1584,1082 1627,1085 1670,1089 1713,1092 1756,1096 1800,1100"/>
                <TextEquiv>
                    <Unicode>solches vorgehalten; habe Er Ihra in 6.</Unicode>
                </TextEquiv>
            </TextLine>
            <TextLine id="r2l4" custom="readingOrder {index:3;}">
                <Coords points="923,1128 986,1114 1033,1154 1105,1123 1424,1138 1494,1176 1609,1144 1684,1191 1850,1169 1852,1142 1693,1098 1413,1120 1338,1077 1196,1094 1139,1049 927,1060"/>
                <Baseline points="930,1113 975,1113 1021,1115 1067,1116 1112,1117 1158,1119 1204,1121 1249,1122 1295,1125 1341,1128 1387,1130 1432,1134 1478,1137 1524,1140 1569,1143 1615,1146 1661,1149 1706,1154 1752,1158 1798,1162 1844,1164"/>
                <TextEquiv>
                    <Unicode>Funstpfundler und einen halben thrl. ge¬</Unicode>
                </TextEquiv>
            </TextLine>
            <TextLine id="r2l5" custom="readingOrder {index:4;}">
                <Coords points="936,1194 1163,1188 1230,1233 1385,1196 1533,1250 1600,1219 1794,1260 1825,1247 1830,1172 1683,1192 1630,1157 1552,1189 1446,1177 1387,1134 1306,1172 1167,1126 1031,1155 985,1114 940,1128"/>
                <Baseline points="944,1176 987,1178 1031,1179 1075,1181 1119,1181 1163,1184 1206,1186 1250,1188 1294,1191 1338,1193 1382,1195 1425,1198 1469,1202 1513,1205 1557,1208 1601,1212 1644,1216 1688,1220 1732,1224 1776,1229 1820,1233"/>
                <TextEquiv>
                    <Unicode>geben, und übrigens mit gihten wohrten</Unicode>
                </TextEquiv>
            </TextLine>
            <TextLine id="r2l6" custom="readingOrder {index:5;}">
                <Coords points="944,1246 1053,1243 1156,1289 1257,1263 1291,1292 1348,1267 1757,1315 1852,1314 1857,1245 1734,1260 1613,1227 1550,1254 1393,1198 1232,1233 1166,1191 1069,1222 948,1187"/>
                <Baseline points="951,1233 995,1236 1040,1240 1085,1244 1130,1247 1175,1250 1219,1253 1264,1257 1309,1260 1354,1263 1399,1266 1443,1269 1488,1272 1533,1275 1578,1278 1623,1281 1667,1284 1712,1287 1757,1290 1802,1293 1847,1296"/>
                <TextEquiv>
                    <Unicode>uder abthädiget; das von diesen Guldt</Unicode>
                </TextEquiv>
            </TextLine>
            <TextLine id="r2l7" custom="readingOrder {index:6;}">
                <Coords points="922,1293 1184,1353 1237,1322 1292,1362 1372,1331 1411,1359 1594,1345 1679,1397 1832,1363 1834,1335 1784,1301 1646,1326 1569,1283 1391,1311 1257,1263 1192,1293 926,1235"/>
                <Baseline points="929,1293 973,1298 1018,1301 1063,1304 1108,1308 1153,1312 1198,1314 1242,1317 1287,1320 1332,1323 1377,1326 1422,1329 1467,1332 1512,1334 1556,1337 1601,1341 1646,1344 1691,1348 1736,1352 1781,1355 1826,1359"/>
                <TextEquiv>
                    <Unicode>Brieffen empfangene Geldt dann, habe¬</Unicode>
                </TextEquiv>
            </TextLine>
            <TextLine id="r2l8" custom="readingOrder {index:7;}">
                <Coords points="926,1402 1073,1379 1250,1431 1444,1400 1564,1455 1643,1424 1838,1432 1842,1384 1678,1396 1595,1346 1450,1380 1380,1333 1254,1368 1081,1312 932,1316"/>
                <Baseline points="935,1367 979,1369 1024,1371 1069,1373 1114,1374 1159,1378 1204,1381 1249,1383 1294,1386 1339,1390 1384,1393 1428,1396 1473,1398 1518,1402 1563,1406 1608,1408 1653,1411 1698,1414 1743,1416 1788,1419 1833,1421"/>
                <TextEquiv>
                    <Unicode>Er zu bezahlung seiner Schulden ange¬</Unicode>
                </TextEquiv>
            </TextLine>
            <TextLine id="r2l9" custom="readingOrder {index:8;}">
                <Coords points="944,1431 1297,1454 1352,1498 1393,1471 1430,1496 1853,1508 1855,1478 1748,1466 1681,1420 1562,1455 1439,1408 1248,1431 1060,1383 1000,1402 948,1365"/>
                <Baseline points="950,1431 994,1434 1039,1437 1084,1441 1129,1444 1174,1448 1219,1450 1263,1452 1308,1455 1353,1458 1398,1461 1443,1464 1488,1467 1533,1470 1577,1474 1622,1477 1667,1481 1712,1485 1757,1491 1802,1495 1847,1500"/>
                <TextEquiv>
                    <Unicode>wendt. Vnd wie diesere seine Betrug an</Unicode>
                </TextEquiv>
            </TextLine>
            <TextLine id="r2l10" custom="readingOrder {index:9;}">
                <Coords points="928,1516 1194,1519 1341,1569 1444,1534 1660,1572 1818,1555 1821,1505 1759,1521 1717,1488 1533,1479 1444,1512 1387,1475 1338,1509 1060,1432 933,1448"/>
                <Baseline points="936,1502 979,1504 1023,1506 1067,1509 1111,1512 1154,1514 1198,1516 1242,1520 1286,1522 1329,1524 1373,1527 1417,1530 1461,1533 1504,1536 1548,1539 1592,1542 1636,1545 1679,1547 1723,1550 1767,1553 1811,1557"/>
                <TextEquiv>
                    <Unicode>Tag komen heige Er sich in der Nacht auß</Unicode>
                </TextEquiv>
            </TextLine>
            <TextLine id="r2l11" custom="readingOrder {index:10;} place {offset:23; length:12;}">
                <Coords points="923,1582 1617,1637 1827,1628 1831,1570 1677,1563 1623,1592 1543,1546 1429,1536 1327,1569 1155,1518 966,1536 927,1505"/>
                <Baseline points="930,1566 974,1569 1019,1572 1063,1576 1108,1579 1152,1582 1197,1584 1241,1587 1286,1590 1330,1593 1375,1595 1420,1598 1464,1600 1509,1604 1553,1605 1598,1608 1642,1610 1687,1612 1731,1614 1776,1616 1821,1619"/>
                <TextEquiv>
                    <Unicode>des Ihr Rahtsherrn von Bonnstettens</Unicode>
                </TextEquiv>
            </TextLine>
            <TextLine id="r2l12" custom="readingOrder {index:11;}">
                <Coords points="916,1659 1202,1656 1276,1697 1529,1673 1605,1712 1657,1685 1709,1710 1845,1684 1848,1636 1707,1617 1577,1654 1481,1615 1079,1623 919,1586"/>
                <Baseline points="923,1635 968,1638 1014,1640 1060,1644 1106,1646 1152,1648 1197,1651 1243,1653 1289,1656 1335,1658 1381,1661 1426,1662 1472,1665 1518,1667 1564,1669 1610,1671 1655,1673 1701,1675 1747,1677 1793,1679 1839,1680"/>
                <TextEquiv>
                    <Unicode>Matten, Allwo Er haußmann gsihfort¬</Unicode>
                </TextEquiv>
            </TextLine>
            <TextLine id="r2l13" custom="readingOrder {index:12;} place {offset:17; length:15;}">
                <Coords points="915,1729 1082,1752 1133,1718 1332,1729 1570,1787 1639,1757 1821,1764 1851,1718 1753,1689 1703,1715 1659,1684 1574,1723 1484,1671 1270,1698 1232,1666 1095,1658 1009,1685 920,1655"/>
                <Baseline points="924,1697 969,1700 1015,1703 1061,1705 1107,1709 1153,1712 1199,1715 1245,1718 1291,1722 1337,1725 1383,1728 1428,1731 1474,1735 1520,1739 1566,1742 1612,1745 1658,1748 1704,1751 1750,1752 1796,1756 1842,1758"/>
                <TextEquiv>
                    <Unicode>gemacht, und ins Buchegbergische, sich be¬</Unicode>
                </TextEquiv>
            </TextLine>
            <TextLine id="r2l14" custom="readingOrder {index:13;}">
                <Coords points="922,1803 1107,1780 1260,1834 1310,1801 1437,1824 1498,1802 1624,1854 1792,1869 1853,1853 1857,1797 1743,1765 1523,1790 1464,1752 1393,1777 1251,1728 1070,1754 1005,1721 927,1731"/>
                <Baseline points="932,1764 977,1766 1023,1769 1069,1773 1115,1776 1161,1779 1206,1783 1252,1787 1298,1790 1344,1793 1390,1797 1435,1800 1481,1803 1527,1806 1573,1809 1619,1812 1664,1815 1710,1818 1756,1820 1802,1823 1848,1824"/>
                <TextEquiv>
                    <Unicode>geben, allwo Er nunmehr in 3. Jahrlang</Unicode>
                </TextEquiv>
            </TextLine>
            <TextLine id="r2l15" custom="readingOrder {index:14;}">
                <Coords points="930,1858 955,1860 972,1874 1002,1863 1024,1874 1079,1846 1093,1855 1127,1854 1143,1847 1148,1791 1127,1796 1104,1780 1056,1792 1026,1814 1013,1801 986,1816 971,1803 935,1800"/>
                <Baseline points="939,1829 967,1830 995,1833 1023,1835 1052,1840 1080,1842 1108,1844 1137,1847"/>
                <TextEquiv>
                    <Unicode>gewohnet.</Unicode>
                </TextEquiv>
            </TextLine>
            <TextLine id="r2l16" custom="readingOrder {index:15;}">
                <Coords points="912,1946 1816,2027 1819,1971 1637,1924 1385,1930 917,1858"/>
                <Baseline points="918,1938 962,1943 1007,1947 1052,1950 1096,1954 1141,1958 1186,1962 1230,1965 1275,1967 1320,1971 1365,1973 1409,1976 1454,1979 1499,1980 1543,1983 1588,1984 1633,1986 1677,1988 1722,1989 1767,1991 1812,1991"/>
                <TextEquiv>
                    <Unicode>Viertens seye nunmehro bey einem</Unicode>
                </TextEquiv>
            </TextLine>
            <TextLine id="r2l17" custom="readingOrder {index:16;} person {offset:23; length:11;}">
                <Coords points="928,2024 971,2044 1035,2009 1110,2045 1290,2038 1424,2075 1611,2057 1671,2088 1801,2055 1711,2001 1610,2018 1409,1987 1379,2014 1306,1978 1209,1992 1145,1958 934,1948"/>
                <Baseline points="936,2000 978,2003 1021,2006 1064,2010 1107,2013 1150,2017 1193,2021 1236,2024 1279,2029 1322,2032 1365,2036 1407,2038 1450,2041 1493,2043 1536,2046 1579,2048 1622,2050 1665,2052 1708,2052 1751,2052 1794,2052"/>
                <TextEquiv>
                    <Unicode>Jahr verfloßen, daß Er hablibacher</Unicode>
                </TextEquiv>
            </TextLine>
            <TextLine id="r2l18" custom="readingOrder {index:17;}">
                <Coords points="923,2074 980,2112 1095,2073 1189,2102 1591,2116 1670,2149 1770,2118 1762,2062 1626,2090 1565,2059 1494,2079 1342,2068 1310,2040 926,2035"/>
                <Baseline points="930,2069 971,2070 1013,2070 1054,2072 1096,2074 1138,2076 1179,2079 1221,2082 1263,2085 1304,2088 1346,2091 1388,2096 1429,2099 1471,2101 1513,2105 1554,2108 1596,2111 1638,2114 1679,2116 1721,2118 1763,2121"/>
                <TextEquiv>
                    <Unicode>sich zu dem Amann kiener gahn</Unicode>
                </TextEquiv>
            </TextLine>
            <TextLine id="r2l19" custom="readingOrder {index:18;} place {offset:0; length:8;}">
                <Coords points="919,2149 995,2186 1058,2166 1099,2195 1285,2200 1463,2157 1545,2197 1686,2191 1804,2229 1809,2155 1726,2133 1671,2150 1128,2080 1074,2114 981,2112 924,2074"/>
                <Baseline points="926,2136 969,2136 1013,2136 1057,2138 1100,2139 1144,2142 1188,2144 1231,2147 1275,2150 1319,2154 1363,2157 1406,2161 1450,2163 1494,2168 1537,2171 1581,2173 1625,2177 1668,2179 1712,2181 1756,2184 1800,2186"/>
                <TextEquiv>
                    <Unicode>Bolligen verfuegt, und demselben vor¬</Unicode>
                </TextEquiv>
            </TextLine>
            <TextLine id="r2l20" custom="readingOrder {index:19;}">
                <Coords points="1587,2271 1614,2268 1646,2247 1694,2276 1727,2265 1741,2253 1758,2259 1760,2219 1735,2219 1719,2206 1707,2209 1686,2191 1665,2202 1658,2199 1646,2210 1626,2194 1611,2200 1591,2191"/>
                <Baseline points="1595,2243 1621,2239 1647,2238 1673,2240 1699,2242 1725,2246 1751,2249"/>
                <TextEquiv>
                    <Unicode>geben</Unicode>
                </TextEquiv>
            </TextLine>
            <TextEquiv>
                <Unicode>hinauß in des Ihr Rahtsherren von Gon¬
stettens Matten zu Ihme kommen, und Ihm
solches vorgehalten; habe Er Ihra in 6.
Funstpfundler und einen halben thrl. ge¬
geben, und übrigens mit gihten wohrten
uder abthädiget; das von diesen Guldt
Brieffen empfangene Geldt dann, habe¬
Er zu bezahlung seiner Schulden ange¬
wendt. Vnd wie diesere seine Betrug an
Tag komen heige Er sich in der Nacht auß
des Ihr Rahtsherrn von Bonnstettens
Matten, Allwo Er haußmann gsihfort¬
gemacht, und ins Buchegbergische, sich be¬
geben, allwo Er nunmehr in 3. Jahrlang
gewohnet.
Viertens seye nunmehro bey einem
Jahr verfloßen, daß Er hablibacher
sich zu dem Amann kiener gahn
Bolligen verfuegt, und demselben vor¬
geben</Unicode>
            </TextEquiv>
        </TextRegion>
        <TextRegion orientation="0.0" id="r3" custom="readingOrder {index:2;}">
            <Coords points="2066,853 2066,2318 3107,2318 3107,853"/>
            <TextLine id="r3l1" custom="readingOrder {index:0;}">
                <Coords points="2977,907 2990,904 2995,908 3013,894 3023,895 3036,887 3058,903 3082,903 3079,836 3030,826 3012,828 3000,838 2989,832 2974,835"/>
                <Baseline points="2982,888 3013,884 3044,885 3075,882"/>
                <TextEquiv>
                    <Unicode>155</Unicode>
                </TextEquiv>
            </TextLine>
            <TextLine id="r3l2" custom="readingOrder {index:1;} person {offset:36; length:3; continued:true;}">
                <Coords points="2075,1022 2613,982 2696,1007 2751,970 2832,1009 3102,970 3100,906 3041,899 2853,927 2699,904 2436,958 2073,941"/>
                <Baseline points="2081,1002 2131,1001 2182,999 2233,996 2284,994 2334,992 2385,990 2436,987 2487,986 2537,983 2588,981 2639,979 2690,978 2740,977 2791,975 2842,974 2893,974 2943,974 2994,974 3045,975 3096,975"/>
                <TextEquiv>
                    <Unicode>Vorgeben wie daß der Ihr Rahts herr von</Unicode>
                </TextEquiv>
            </TextLine>
            <TextLine id="r3l3" custom="readingOrder {index:2;} person {offset:0; length:10; continued:true;} place {offset:28; length:10;}">
                <Coords points="2081,1089 2684,1071 2721,1041 3089,1093 3112,998 2725,990 2673,1020 2476,994 2364,1046 2233,999 2079,1021"/>
                <Baseline points="2087,1073 2138,1070 2189,1067 2240,1065 2291,1062 2342,1060 2393,1058 2444,1055 2495,1053 2546,1052 2597,1049 2648,1048 2699,1047 2750,1046 2801,1046 2852,1046 2903,1046 2954,1047 3005,1049 3056,1051 3107,1053"/>
                <TextEquiv>
                    <Unicode>Honstetten auf der Reiß von Sollothuen</Unicode>
                </TextEquiv>
            </TextLine>
            <TextLine id="r3l4" custom="readingOrder {index:3;}">
                <Coords points="2075,1162 2441,1121 2538,1153 2751,1112 2888,1142 2939,1114 3061,1155 3059,1086 2944,1064 2918,1090 2384,1064 2328,1096 2248,1074 2074,1104"/>
                <Baseline points="2081,1130 2129,1130 2178,1130 2226,1128 2275,1128 2324,1127 2372,1125 2421,1124 2469,1122 2518,1119 2567,1118 2615,1116 2664,1115 2712,1113 2761,1112 2810,1110 2858,1109 2907,1109 2955,1109 3004,1109 3053,1110"/>
                <TextEquiv>
                    <Unicode>alhero begriffen der habe Vnderwegs Ein</Unicode>
                </TextEquiv>
            </TextLine>
            <TextLine id="r3l5" custom="readingOrder {index:4;}">
                <Coords points="2084,1209 2177,1234 2238,1198 2319,1230 2597,1194 2831,1213 2886,1184 3027,1228 3090,1207 3089,1155 2819,1118 2083,1166"/>
                <Baseline points="2090,1194 2139,1196 2189,1196 2238,1196 2288,1194 2338,1194 2387,1194 2437,1193 2487,1191 2536,1190 2586,1188 2636,1187 2685,1185 2735,1184 2785,1184 2834,1182 2884,1181 2934,1180 2983,1179 3033,1179 3083,1179"/>
                <TextEquiv>
                    <Unicode>der Zwey Pferdt gekaufft, und hab mang</Unicode>
                </TextEquiv>
            </TextLine>
            <TextLine id="r3l6" custom="readingOrder {index:5;}">
                <Coords points="2075,1268 2175,1298 2249,1258 2440,1288 2626,1255 2750,1288 2814,1249 2928,1281 3050,1269 3050,1224 2074,1210"/>
                <Baseline points="2081,1260 2129,1259 2177,1259 2225,1257 2273,1256 2321,1254 2369,1254 2418,1253 2466,1253 2514,1251 2562,1251 2610,1251 2658,1250 2706,1250 2755,1250 2803,1250 2851,1248 2899,1248 2947,1248 2995,1247 3044,1247"/>
                <TextEquiv>
                    <Unicode>vnnd Ihme selbige Vollends zu bezahlen</Unicode>
                </TextEquiv>
            </TextLine>
            <TextLine id="r3l7" custom="readingOrder {index:6;}">
                <Coords points="2085,1343 2335,1317 2532,1370 2636,1316 2908,1361 3079,1333 3100,1293 3002,1261 2877,1283 2839,1251 2734,1295 2439,1288 2321,1253 2085,1298"/>
                <Baseline points="2091,1326 2141,1325 2191,1323 2241,1322 2291,1321 2341,1320 2391,1319 2441,1319 2491,1317 2541,1317 2592,1317 2642,1317 2692,1317 2742,1317 2792,1317 2842,1319 2892,1319 2942,1320 2992,1322 3042,1323 3093,1325"/>
                <TextEquiv>
                    <Unicode>noch 6. R. deschwegen der Ihr Rahtsherr</Unicode>
                </TextEquiv>
            </TextLine>
            <TextLine id="r3l8" custom="readingOrder {index:7;}">
                <Coords points="2060,1429 2326,1389 2537,1416 2702,1389 2773,1424 2924,1389 2998,1424 3108,1397 3108,1339 2913,1366 2837,1330 2753,1365 2700,1333 2505,1370 2253,1335 2168,1368 2059,1320"/>
                <Baseline points="2066,1391 2117,1391 2169,1391 2221,1391 2273,1391 2325,1391 2376,1391 2428,1389 2480,1389 2532,1389 2584,1388 2635,1388 2687,1386 2739,1386 2791,1385 2843,1385 2894,1385 2946,1383 2998,1383 3050,1383 3102,1382"/>
                <TextEquiv>
                    <Unicode>Ihne amann ersuchen laße, Ihme diesers</Unicode>
                </TextEquiv>
            </TextLine>
            <TextLine id="r3l9" custom="readingOrder {index:8;}">
                <Coords points="2424,1426 2430,1426 2433,1428 2434,1427 2437,1430 2438,1428 2441,1428 2443,1431 2451,1431 2451,1397 2445,1397 2440,1403 2436,1400 2430,1405 2424,1405"/>
                <Baseline points="2430,1419 2445,1419"/>
                <TextEquiv>
                    <Unicode>s</Unicode>
                </TextEquiv>
            </TextLine>
            <TextLine id="r3l10" custom="readingOrder {index:9;} person {offset:16; length:11;}">
                <Coords points="2074,1490 2267,1450 2410,1457 2476,1500 2587,1460 2658,1490 3014,1477 3095,1453 3095,1399 2994,1423 2877,1390 2730,1432 2500,1396 2429,1435 2308,1394 2074,1428"/>
                <Baseline points="2081,1457 2131,1455 2181,1455 2232,1454 2282,1453 2333,1452 2383,1452 2433,1452 2484,1452 2534,1452 2585,1452 2635,1452 2685,1452 2736,1452 2786,1452 2837,1452 2887,1451 2937,1451 2988,1449 3038,1449 3089,1448"/>
                <TextEquiv>
                    <Unicode>Geldt durch dan haslibacher geschwind zu¬</Unicode>
                </TextEquiv>
            </TextLine>
            <TextLine id="r3l11" custom="readingOrder {index:10;}">
                <Coords points="2072,1547 2362,1517 2548,1557 2659,1521 3057,1517 3056,1488 2969,1470 2477,1501 2269,1451 2071,1504"/>
                <Baseline points="2078,1526 2126,1524 2175,1523 2223,1523 2272,1521 2321,1521 2369,1520 2418,1520 2466,1518 2515,1518 2564,1518 2612,1517 2661,1517 2709,1515 2758,1515 2807,1514 2855,1514 2904,1512 2952,1511 3001,1510 3050,1509"/>
                <TextEquiv>
                    <Unicode>überschicken dann Er vormeine daß der</Unicode>
                </TextEquiv>
            </TextLine>
            <TextLine id="r3l12" custom="readingOrder {index:11;} place {offset:24; length:9;}">
                <Coords points="2076,1614 2207,1633 2441,1590 2684,1628 3085,1568 2855,1523 2573,1562 2450,1524 2346,1570 2218,1520 2075,1549"/>
                <Baseline points="2082,1596 2131,1596 2181,1595 2231,1593 2281,1591 2331,1589 2380,1587 2430,1586 2480,1584 2530,1584 2580,1583 2629,1581 2679,1581 2729,1581 2779,1580 2829,1581 2878,1581 2928,1581 2978,1583 3028,1584 3078,1587"/>
                <TextEquiv>
                    <Unicode>Ihr Rahlsherr etwann zu Ingistors seiner</Unicode>
                </TextEquiv>
            </TextLine>
            <TextLine id="r3l13" custom="readingOrder {index:12;}">
                <Coords points="2075,1675 2941,1670 3083,1633 2946,1597 2869,1625 2822,1591 2553,1636 2074,1614"/>
                <Baseline points="2081,1662 2130,1661 2180,1661 2230,1659 2280,1659 2330,1658 2379,1656 2429,1656 2479,1655 2529,1653 2579,1652 2628,1652 2678,1650 2728,1650 2778,1649 2828,1649 2877,1649 2927,1649 2977,1649 3027,1650 3077,1652"/>
                <TextEquiv>
                    <Unicode>erwahrten werde; Worauf der Amann</Unicode>
                </TextEquiv>
            </TextLine>
            <TextLine id="r3l14" custom="readingOrder {index:13;}">
                <Coords points="2079,1765 2151,1727 2297,1758 2353,1723 2844,1714 2980,1752 3034,1722 3006,1674 2658,1650 2519,1684 2176,1667 2078,1695"/>
                <Baseline points="2085,1730 2132,1728 2179,1727 2226,1725 2273,1724 2320,1722 2367,1722 2414,1721 2461,1719 2508,1719 2556,1719 2603,1718 2650,1718 2697,1718 2744,1718 2791,1718 2838,1718 2885,1718 2932,1718 2979,1719 3027,1719"/>
                <TextEquiv>
                    <Unicode>also bald Ihme die 6. D. geben und ge¬</Unicode>
                </TextEquiv>
            </TextLine>
            <TextLine id="r3l15" custom="readingOrder {index:14;}">
                <Coords points="2081,1813 2183,1803 2252,1837 2305,1798 2387,1822 2768,1781 3064,1792 3063,1740 2939,1730 2887,1759 2708,1721 2569,1749 2353,1724 2277,1773 2180,1728 2081,1764"/>
                <Baseline points="2087,1791 2135,1791 2184,1791 2232,1791 2281,1791 2329,1790 2378,1790 2426,1788 2475,1788 2523,1787 2572,1787 2620,1785 2669,1785 2717,1785 2766,1785 2814,1785 2863,1785 2911,1787 2960,1788 3008,1790 3057,1793"/>
                <TextEquiv>
                    <Unicode>sagdt Er solle frey gschwind darmit lauste</Unicode>
                </TextEquiv>
            </TextLine>
            <TextLine id="r3l16" custom="readingOrder {index:15;}">
                <Coords points="2081,1870 2169,1852 2283,1903 2322,1872 2543,1891 2654,1856 2842,1905 3072,1863 3072,1808 2910,1835 2787,1793 2476,1828 2306,1798 2253,1835 2081,1813"/>
                <Baseline points="2087,1854 2138,1856 2190,1856 2241,1856 2293,1857 2344,1857 2396,1857 2447,1857 2499,1856 2550,1856 2602,1856 2653,1856 2705,1856 2756,1856 2808,1856 2859,1856 2911,1856 2962,1856 3014,1856 3066,1857"/>
                <TextEquiv>
                    <Unicode>daß der Ihr Rahtsherr nit lang wahrten</Unicode>
                </TextEquiv>
            </TextLine>
            <TextLine id="r3l17" custom="readingOrder {index:16;}">
                <Coords points="2080,1937 2130,1935 2146,1941 2162,1931 2187,1932 2222,1910 2257,1929 2279,1930 2280,1899 2248,1887 2233,1889 2205,1868 2187,1870 2151,1899 2129,1901 2110,1893 2094,1900 2081,1893"/>
                <Baseline points="2088,1913 2114,1914 2140,1913 2167,1913 2193,1913 2220,1914 2246,1916 2273,1920"/>
                <TextEquiv>
                    <Unicode>müße.</Unicode>
                </TextEquiv>
            </TextLine>
            <TextLine id="r3l18" custom="readingOrder {index:17;}">
                <Coords points="2059,2028 2396,2065 2495,2023 2549,2049 2689,2023 2786,2061 2884,2029 3083,2070 3084,1979 2940,1953 2813,1977 2602,1949 2388,1987 2060,1937"/>
                <Baseline points="2066,2022 2116,2022 2167,2021 2217,2021 2268,2021 2318,2021 2369,2021 2419,2021 2470,2021 2520,2021 2571,2021 2622,2022 2672,2022 2723,2024 2773,2025 2824,2027 2874,2028 2925,2031 2975,2033 3026,2035 3077,2039"/>
                <TextEquiv>
                    <Unicode>Vnd Obgleich Ihme hierüberhin krefftigest</Unicode>
                </TextEquiv>
            </TextLine>
            <TextLine id="r3l19" custom="readingOrder {index:18;} person {offset:29; length:4;}">
                <Coords points="2075,2112 2303,2121 2398,2087 2554,2117 2597,2083 3035,2116 3036,2067 2887,2029 2805,2061 2450,2038 2375,2071 2133,2063 2075,2032"/>
                <Baseline points="2081,2085 2128,2087 2175,2087 2223,2087 2270,2087 2318,2088 2365,2088 2412,2088 2460,2088 2507,2088 2555,2088 2602,2088 2649,2088 2697,2088 2744,2088 2792,2090 2839,2090 2886,2091 2934,2093 2981,2094 3029,2096"/>
                <TextEquiv>
                    <Unicode>zu gesprochen worden, daß Er Gott die¬</Unicode>
                </TextEquiv>
            </TextLine>
            <TextLine id="r3l20" custom="readingOrder {index:19;}">
                <Coords points="2068,2160 2733,2147 2871,2195 2952,2159 3080,2184 3081,2126 2917,2140 2861,2103 2069,2113"/>
                <Baseline points="2075,2154 2127,2152 2180,2151 2232,2150 2285,2150 2337,2148 2390,2148 2443,2148 2495,2148 2548,2148 2600,2150 2653,2150 2705,2151 2758,2153 2811,2153 2863,2156 2916,2157 2968,2159 3021,2161 3074,2165"/>
                <TextEquiv>
                    <Unicode>Ehr geben und der Oberkeit alle seine Miste¬</Unicode>
                </TextEquiv>
            </TextLine>
            <TextLine id="r3l21" custom="readingOrder {index:20;}">
                <Coords points="2072,2262 2182,2240 2455,2273 2760,2236 2887,2279 3069,2238 3070,2197 2797,2165 2686,2206 2614,2159 2305,2198 2173,2161 2073,2180"/>
                <Baseline points="2079,2222 2128,2220 2177,2219 2226,2217 2275,2217 2325,2217 2374,2217 2423,2217 2472,2219 2521,2220 2571,2220 2620,2222 2669,2223 2718,2225 2767,2226 2817,2228 2866,2229 2915,2231 2964,2231 3013,2232 3063,2232"/>
                <TextEquiv>
                    <Unicode>thaten gihtwillig bekennen solle; So hatt</Unicode>
                </TextEquiv>
            </TextLine>
            <TextLine id="r3l22" custom="readingOrder {index:21;}">
                <Coords points="2875,2321 2913,2339 2920,2334 2958,2339 2979,2328 3002,2331 3003,2257 2985,2261 2978,2256 2965,2263 2946,2255 2926,2262 2919,2258 2876,2282"/>
                <Baseline points="2882,2301 2910,2304 2939,2304 2967,2303 2996,2304"/>
                <TextEquiv>
                    <Unicode>Er .</Unicode>
                </TextEquiv>
            </TextLine>
            <TextEquiv>
                <Unicode>155
Vorgeben wie daß der Ihr Rahts herr von
Honstetten auf der Reiß von Sollothuen
alhero begriffen der habe Vnderwegs Ein
der Zwey Pferdt gekaufft, und hab mang
vnnd Ihme selbige Vollends zu bezahlen
noch 6. R. deschwegen der Ihr Rahtsherr
Ihne amann ersuchen laße, Ihme diesers
s
Geldt durch dan haslibacher geschwind zu¬
überschicken dann Er vormeine daß der
Ihr Rahlsherr etwann zu Ingistors seiner
erwahrten werde; Worauf der Amann
also bald Ihme die 6. D. geben und ge¬
sagdt Er solle frey gschwind darmit lauste
daß der Ihr Rahtsherr nit lang wahrten
müße.
Vnd Obgleich Ihme hierüberhin krefftigest
zu gesprochen worden, daß Er Gott die¬
Ehr geben und der Oberkeit alle seine Miste¬
thaten gihtwillig bekennen solle; So hatt
Er .</Unicode>
            </TextEquiv>
        </TextRegion>
    </Page>
</PcGts>
