<?xml version="1.0" encoding="UTF-8" standalone="yes"?>
<PcGts xmlns="http://schema.primaresearch.org/PAGE/gts/pagecontent/2013-07-15" xmlns:xsi="http://www.w3.org/2001/XMLSchema-instance" xsi:schemaLocation="http://schema.primaresearch.org/PAGE/gts/pagecontent/2013-07-15 http://schema.primaresearch.org/PAGE/gts/pagecontent/2013-07-15/pagecontent.xsd">
    <Metadata>
        <Creator>prov=University of Rostock/Institute of Mathematics/CITlab|PLANET AI GmbH/Gundram Leifert/gundram.leifert@planet-ai.de:name=Transkribus German Kurrent M2(htr_id=29820)::::v=2.6.7
prov=University of Rostock/Institute of Mathematics/CITlab|PLANET AI GmbH/Tobias Gruening/tobias.gruening@planet-ai.de:name=de.uros.citlab.module.baseline2polygon.B2PSeamMultiOriented:v=2.6.7
prov=University of Rostock/Institute of Mathematics/CITlab|PLANET AI GmbH/Tobias Gruening/tobias.gruening@planet-ai.de:name=/net_tf/LA73_249_0mod360.pb:de.uros.citlab.segmentation.CITlab_LA_ML:v=2.6.7
Transkribus</Creator>
        <Created>2022-05-02T15:58:44.309+02:00</Created>
        <LastChange>2022-09-12T15:57:52.832+02:00</LastChange>
        <TranskribusMetadata docId="1336520" pageId="52421010" pageNr="33" tsid="114799302" status="IN_PROGRESS" userId="9570" imgUrl="https://files.transkribus.eu/Get?id=GOKBLLEWHFJUXCCBBCHXDAGM&amp;fileType=view" xmlUrl="https://files.transkribus.eu/Get?id=ADQCLODUSNJIKMPAKSDAEYTA" imageId="30693626"/>
    </Metadata>
    <Page imageFilename="IMG_6444.jpg" imageWidth="4032" imageHeight="3024">
        <ReadingOrder>
            <OrderedGroup id="ro_1687513546820" caption="Regions reading order">
                <RegionRefIndexed index="0" regionRef="r1"/>
                <RegionRefIndexed index="1" regionRef="r2"/>
                <RegionRefIndexed index="2" regionRef="r3"/>
            </OrderedGroup>
        </ReadingOrder>
        <TextRegion orientation="0.0" id="r1" custom="readingOrder {index:0;}">
            <Coords points="951,742 951,892 966,892 966,742"/>
            <TextLine id="r1l1" custom="readingOrder {index:0;}">
                <Coords points="944,859 956,859 964,867 973,867 973,792 966,792 951,780 944,780"/>
                <Baseline points="951,842 966,842"/>
                <TextEquiv>
                    <Unicode>bl</Unicode>
                </TextEquiv>
            </TextLine>
            <TextEquiv>
                <Unicode>bl</Unicode>
            </TextEquiv>
        </TextRegion>
        <TextRegion orientation="0.0" id="r2" custom="readingOrder {index:1;}">
            <Coords points="881,908 881,2269 1953,2269 1953,908"/>
            <TextLine id="r2l1" custom="readingOrder {index:0;}">
                <Coords points="983,975 1134,950 1498,990 1578,963 1914,1005 1917,913 1883,907 1589,917 1526,879 1440,905 1293,869 1150,894 987,856"/>
                <Baseline points="990,950 1035,950 1081,948 1127,950 1173,950 1219,951 1265,953 1311,956 1357,957 1403,959 1449,962 1494,965 1540,967 1586,969 1632,971 1678,972 1724,972 1770,974 1816,972 1862,972 1908,971"/>
                <TextEquiv>
                    <Unicode>Valter mit nur mit Worten wideren Auch</Unicode>
                </TextEquiv>
            </TextLine>
            <TextLine id="r2l2" custom="readingOrder {index:1;}">
                <Coords points="1009,1033 1238,1047 1327,1089 1389,1047 1705,1079 1782,1050 1932,1090 1952,1028 1851,979 1758,1006 1645,978 1531,1031 1458,980 1230,955 1010,999"/>
                <Baseline points="1016,1026 1062,1029 1108,1031 1155,1034 1201,1035 1248,1038 1294,1040 1340,1043 1387,1044 1433,1047 1480,1048 1526,1049 1572,1052 1619,1052 1665,1053 1712,1053 1758,1055 1804,1055 1851,1055 1897,1055 1944,1053"/>
                <TextEquiv>
                    <Unicode>mit Wercken, alß mit mnehebaren Küßen</Unicode>
                </TextEquiv>
            </TextLine>
            <TextLine id="r2l3" custom="readingOrder {index:2;}">
                <Coords points="1006,1119 1089,1177 1216,1122 1245,1153 1322,1126 1558,1179 1669,1138 1775,1186 1828,1142 1960,1159 1963,1078 1848,1099 1674,1058 1570,1104 1387,1047 1288,1097 1009,1034"/>
                <Baseline points="1013,1110 1060,1113 1107,1115 1154,1118 1201,1121 1248,1123 1295,1125 1342,1127 1389,1128 1436,1130 1483,1131 1530,1133 1577,1134 1624,1136 1671,1137 1718,1137 1765,1139 1812,1140 1859,1140 1906,1142 1953,1143"/>
                <TextEquiv>
                    <Unicode>und schundlichen Behastungen und beschau¬¬</Unicode>
                </TextEquiv>
            </TextLine>
            <TextLine id="r2l4" custom="readingOrder {index:3;}">
                <Coords points="994,1246 1121,1202 1294,1213 1463,1280 1569,1272 1616,1235 1669,1266 1728,1226 1790,1265 1858,1223 1906,1239 1907,1187 1850,1177 1607,1192 1497,1154 1306,1163 1214,1121 1129,1183 996,1171"/>
                <Baseline points="1002,1193 1046,1196 1091,1199 1136,1202 1181,1205 1226,1208 1271,1211 1315,1212 1360,1215 1405,1218 1450,1220 1495,1221 1540,1222 1585,1223 1629,1223 1674,1223 1719,1223 1764,1221 1809,1220 1854,1218 1899,1215"/>
                <TextEquiv>
                    <Unicode>wnen und dergleichen, an Gslb ge¬</Unicode>
                </TextEquiv>
            </TextLine>
            <TextLine id="r2l5" custom="readingOrder {index:4;}">
                <Coords points="991,1324 1058,1290 1254,1346 1362,1299 1484,1303 1656,1315 1723,1354 1762,1320 1936,1311 1937,1254 1891,1242 1670,1266 1610,1242 1491,1286 1394,1275 1327,1223 1122,1202 993,1243"/>
                <Baseline points="999,1289 1045,1289 1092,1289 1138,1290 1185,1292 1231,1293 1278,1295 1324,1296 1371,1299 1417,1301 1464,1303 1510,1305 1557,1307 1603,1308 1650,1308 1696,1308 1743,1308 1789,1307 1836,1305 1882,1302 1929,1299"/>
                <TextEquiv>
                    <Unicode>etzet, so mürße man nichtwendig glau¬</Unicode>
                </TextEquiv>
            </TextLine>
            <TextLine id="r2l6" custom="readingOrder {index:5;}">
                <Coords points="1017,1365 1238,1431 1288,1392 1396,1385 1518,1445 1575,1405 1898,1397 1917,1332 1786,1315 1698,1370 1626,1320 1510,1368 1357,1323 1327,1348 1155,1316 1018,1334"/>
                <Baseline points="1023,1361 1067,1363 1111,1365 1155,1368 1200,1370 1244,1373 1288,1376 1332,1379 1377,1380 1421,1384 1465,1386 1509,1388 1554,1389 1598,1391 1642,1392 1686,1392 1731,1392 1775,1391 1819,1390 1863,1388 1908,1385"/>
                <TextEquiv>
                    <Unicode>ben, daß noch andere miehrbäre werek</Unicode>
                </TextEquiv>
            </TextLine>
            <TextLine id="r2l7" custom="readingOrder {index:6;} person {offset:34; length:5; continued:true;}">
                <Coords points="1006,1475 1066,1511 1114,1473 1283,1503 1376,1463 1520,1504 1570,1481 1658,1527 1715,1490 1768,1521 1861,1476 1939,1489 1941,1422 1886,1409 1687,1436 1568,1411 1511,1445 1396,1385 1236,1431 1181,1394 1140,1426 1009,1382"/>
                <Baseline points="1013,1442 1061,1445 1109,1447 1158,1449 1206,1452 1254,1456 1303,1458 1351,1460 1399,1463 1448,1465 1496,1467 1545,1469 1593,1470 1641,1471 1690,1472 1738,1472 1786,1472 1835,1470 1883,1470 1932,1467"/>
                <TextEquiv>
                    <Unicode>liche vorgangen seyen, solle also Gott¬</Unicode>
                </TextEquiv>
            </TextLine>
            <TextLine id="r2l8" custom="readingOrder {index:7;} person {offset:0; length:3; continued:true;}">
                <Coords points="997,1544 1149,1601 1312,1538 1505,1551 1579,1601 1653,1562 1924,1574 1926,1490 1752,1535 1707,1498 1660,1535 1586,1489 1486,1504 1377,1463 1187,1519 1118,1475 1066,1512 999,1477"/>
                <Baseline points="1004,1536 1049,1536 1095,1537 1140,1538 1186,1539 1232,1541 1277,1542 1323,1544 1369,1545 1414,1547 1460,1548 1506,1550 1551,1551 1597,1553 1643,1553 1688,1554 1734,1556 1780,1556 1825,1557 1871,1557 1917,1557"/>
                <TextEquiv>
                    <Unicode>die Ehre geben und die Wtarheitmnt ver¬</Unicode>
                </TextEquiv>
            </TextLine>
            <TextLine id="r2l9" custom="readingOrder {index:8;}">
                <Coords points="987,1660 1090,1625 1143,1666 1186,1630 1449,1638 1478,1668 1648,1666 1718,1699 1795,1647 1900,1643 1901,1613 1809,1616 1742,1568 1608,1605 1457,1555 1318,1601 1217,1556 1146,1603 991,1554"/>
                <Baseline points="996,1613 1040,1615 1085,1617 1130,1619 1175,1621 1220,1623 1265,1626 1309,1629 1354,1632 1399,1634 1444,1636 1489,1638 1534,1640 1579,1641 1623,1643 1668,1643 1713,1644 1758,1644 1803,1643 1848,1641 1893,1640"/>
                <TextEquiv>
                    <Unicode>halten, sonderen vnnd segen, Ob sein</Unicode>
                </TextEquiv>
            </TextLine>
            <TextLine id="r2l10" custom="readingOrder {index:9;}">
                <Coords points="991,1707 1237,1707 1305,1767 1421,1726 1448,1756 1660,1735 1739,1783 1812,1743 1950,1765 1953,1698 1812,1648 1739,1701 1643,1663 1525,1706 1270,1633 1143,1666 1103,1633 994,1637"/>
                <Baseline points="999,1695 1046,1697 1093,1699 1140,1703 1188,1706 1235,1708 1282,1710 1329,1713 1377,1717 1424,1720 1471,1722 1518,1725 1566,1728 1613,1730 1660,1733 1707,1734 1755,1736 1802,1737 1849,1737 1896,1737 1944,1737"/>
                <TextEquiv>
                    <Unicode>Vattermit auch sich in s weit vergeßen, .</Unicode>
                </TextEquiv>
            </TextLine>
            <TextLine id="r2l11" custom="readingOrder {index:10;} person {offset:7; length:5;}">
                <Coords points="999,1812 1059,1798 1171,1844 1311,1798 1432,1849 1488,1823 1555,1870 1592,1844 1761,1872 1904,1843 1907,1784 1794,1753 1739,1783 1550,1732 1449,1756 1418,1734 1379,1766 1344,1732 1298,1767 1233,1722 1120,1751 1004,1721"/>
                <Baseline points="1008,1772 1052,1775 1097,1779 1141,1782 1186,1786 1230,1788 1275,1792 1319,1795 1364,1800 1408,1802 1453,1805 1498,1808 1542,1811 1587,1812 1631,1815 1676,1817 1720,1818 1765,1820 1809,1820 1854,1820 1899,1820"/>
                <TextEquiv>
                    <Unicode>daß Er schis würcklichen beschlaßen habe.</Unicode>
                </TextEquiv>
            </TextLine>
            <TextLine id="r2l12" custom="readingOrder {index:11;}">
                <Coords points="871,1931 889,1930 921,1950 933,1941 957,1957 974,1949 987,1810 975,1804 944,1808 915,1801 909,1793 884,1794"/>
                <Baseline points="882,1892 912,1896 942,1898 972,1901"/>
                <TextEquiv>
                    <Unicode>R.</Unicode>
                </TextEquiv>
            </TextLine>
            <TextLine id="r2l13" custom="readingOrder {index:12;}">
                <Coords points="985,1925 1187,1921 1350,1979 1386,1952 1585,1959 1681,2019 1785,1973 1914,1986 1918,1919 1889,1907 1606,1931 1477,1871 1283,1888 1214,1832 991,1841"/>
                <Baseline points="993,1905 1038,1910 1084,1914 1130,1918 1176,1922 1221,1926 1267,1931 1313,1936 1359,1940 1404,1943 1450,1947 1496,1950 1542,1953 1587,1956 1633,1959 1679,1962 1725,1963 1770,1964 1816,1965 1862,1965 1908,1965"/>
                <TextEquiv>
                    <Unicode>Mlein es seit gar mit anders, alß was</Unicode>
                </TextEquiv>
            </TextLine>
            <TextLine id="r2l14" custom="readingOrder {index:13;}">
                <Coords points="999,2002 1038,2000 1112,2049 1202,1992 1278,2055 1364,2062 1482,2032 1485,1998 1403,1972 1347,1982 1314,1960 1276,1982 1190,1923 1137,1951 1062,1929 1004,1941"/>
                <Baseline points="1008,1983 1034,1986 1060,1988 1086,1991 1112,1992 1138,1995 1164,1998 1190,1999 1216,2002 1242,2004 1268,2006 1294,2008 1320,2011 1346,2013 1372,2015 1398,2017 1424,2019 1450,2021 1476,2024"/>
                <TextEquiv>
                    <Unicode>Es gesagt vorgangen.</Unicode>
                </TextEquiv>
            </TextLine>
            <TextLine id="r2l15" custom="readingOrder {index:14;}">
                <Coords points="1026,2064 1033,2063 1034,2061 1038,2063 1045,2056 1053,2054 1042,2001 1034,2002 1030,2005 1025,2001 1014,2005"/>
                <Baseline points="1026,2034 1041,2031"/>
                <TextEquiv>
                    <Unicode></Unicode>
                </TextEquiv>
            </TextLine>
            <TextLine id="r2l16" custom="readingOrder {index:15;}">
                <Coords points="872,2128 1067,2141 1129,2104 1780,2182 1919,2174 1924,2111 1732,2060 1444,2099 1218,2052 1132,2077 970,1986 883,1980"/>
                <Baseline points="881,2087 932,2088 984,2090 1035,2093 1087,2095 1139,2100 1190,2104 1242,2108 1294,2113 1345,2118 1397,2123 1449,2128 1500,2133 1552,2138 1604,2142 1655,2145 1707,2148 1759,2151 1810,2153 1862,2154 1914,2154"/>
                <TextEquiv>
                    <Unicode>D. Worumb es dann am Erst- Ander Dritt¬</Unicode>
                </TextEquiv>
            </TextLine>
            <TextLine id="r2l17" custom="readingOrder {index:16;}">
                <Coords points="1713,2250 1725,2249 1741,2259 1757,2259 1766,2252 1786,2259 1792,2254 1797,2257 1837,2245 1840,2214 1825,2212 1818,2206 1809,2209 1803,2201 1792,2199 1772,2178 1761,2180 1737,2198 1720,2196"/>
                <Baseline points="1722,2237 1749,2240 1776,2243 1803,2246 1830,2249"/>
                <TextEquiv>
                    <Unicode>und</Unicode>
                </TextEquiv>
            </TextLine>
            <TextEquiv>
                <Unicode>Valter mit nur mit Worten wideren Auch
mit Wercken, alß mit mnehebaren Küßen
und schundlichen Behastungen und beschau¬¬
wnen und dergleichen, an Gslb ge¬
etzet, so mürße man nichtwendig glau¬
ben, daß noch andere miehrbäre werek
liche vorgangen seyen, solle also Gott¬
die Ehre geben und die Wtarheitmnt ver¬
halten, sonderen vnnd segen, Ob sein
Vattermit auch sich in s weit vergeßen, .
daß Er schis würcklichen beschlaßen habe.
R.
Mlein es seit gar mit anders, alß was
Es gesagt vorgangen.

D. Worumb es dann am Erst- Ander Dritt¬
und</Unicode>
            </TextEquiv>
        </TextRegion>
        <TextRegion orientation="0.0" id="r3" custom="readingOrder {index:2;}">
            <Coords points="2028,841 2028,2294 3248,2294 3248,841"/>
            <TextLine id="r3l1" custom="readingOrder {index:0;}">
                <Coords points="3152,892 3180,888 3193,897 3210,881 3215,882 3219,878 3230,881 3225,826 3209,829 3199,824 3187,824 3181,832 3166,826 3158,830 3146,829"/>
                <Baseline points="3158,884 3191,884 3224,878"/>
                <TextEquiv>
                    <Unicode>41</Unicode>
                </TextEquiv>
            </TextLine>
            <TextLine id="r3l2" custom="readingOrder {index:1;}">
                <Coords points="2161,975 2610,1000 3026,963 3256,1010 3255,916 3113,926 3003,885 2932,912 2815,881 2728,928 2596,877 2429,911 2160,890"/>
                <Baseline points="2168,965 2222,966 2276,966 2330,968 2384,968 2438,968 2492,968 2546,969 2600,969 2654,968 2708,968 2762,968 2816,968 2870,966 2924,966 2978,965 3032,964 3086,963 3140,962 3194,960 3248,959"/>
                <TextEquiv>
                    <Unicode>und Vierten Ohrt auf den Boden inderngelegen,</Unicode>
                </TextEquiv>
            </TextLine>
            <TextLine id="r3l3" custom="readingOrder {index:2;}">
                <Coords points="2152,1104 2380,1054 2722,1083 2808,1055 2993,1092 3096,1042 3185,1053 3216,1011 3079,968 2998,1001 2706,971 2583,1004 2270,976 2151,1004"/>
                <Baseline points="2159,1050 2211,1050 2264,1050 2316,1049 2369,1049 2421,1049 2474,1049 2526,1049 2579,1049 2631,1049 2684,1047 2736,1047 2789,1047 2841,1047 2894,1047 2946,1046 2999,1046 3051,1044 3104,1043 3156,1043 3209,1041"/>
                <TextEquiv>
                    <Unicode>sich außerten und entbloßen laßen, Ja der</Unicode>
                </TextEquiv>
            </TextLine>
            <TextLine id="r3l4" custom="readingOrder {index:3;}">
                <Coords points="2128,1162 2320,1146 2375,1186 2633,1134 2737,1178 2900,1127 3057,1158 3238,1137 3236,1058 2837,1101 2718,1099 2650,1055 2435,1103 2229,1075 2127,1114"/>
                <Baseline points="2135,1142 2189,1140 2244,1137 2299,1136 2354,1134 2408,1134 2463,1133 2518,1131 2573,1131 2627,1130 2682,1130 2737,1128 2792,1128 2846,1127 2901,1125 2956,1125 3011,1124 3065,1122 3120,1121 3175,1119 3230,1116"/>
                <TextEquiv>
                    <Unicode>Vatter in solche postur, alß wann Er mnt be¬</Unicode>
                </TextEquiv>
            </TextLine>
            <TextLine id="r3l5" custom="readingOrder {index:4;}">
                <Coords points="2136,1265 2349,1223 2500,1275 2829,1206 3003,1260 3091,1212 3153,1252 3243,1208 3242,1139 3119,1177 3007,1151 2939,1192 2834,1146 2736,1178 2510,1143 2134,1194"/>
                <Baseline points="2141,1221 2195,1220 2250,1219 2305,1217 2360,1217 2414,1215 2469,1214 2524,1214 2579,1213 2633,1212 2688,1212 2743,1211 2798,1211 2852,1210 2907,1209 2962,1208 3017,1207 3071,1206 3126,1205 3181,1203 3236,1200"/>
                <TextEquiv>
                    <Unicode>schlaßen wolte, sich gestellet mueße Ja noht¬</Unicode>
                </TextEquiv>
            </TextLine>
            <TextLine id="r3l6" custom="readingOrder {index:5;}">
                <Coords points="2145,1314 2318,1361 2424,1314 2481,1352 2528,1308 2807,1296 3156,1331 3251,1286 3250,1216 2925,1272 2838,1234 2374,1279 2283,1227 2144,1265"/>
                <Baseline points="2151,1304 2205,1301 2260,1299 2315,1298 2369,1296 2424,1296 2479,1296 2533,1296 2588,1296 2643,1296 2698,1296 2752,1296 2807,1296 2862,1296 2916,1295 2971,1293 3026,1292 3080,1290 3135,1287 3190,1284 3245,1280"/>
                <TextEquiv>
                    <Unicode>wendig genichtmaßet werden, daß Er Ihns</Unicode>
                </TextEquiv>
            </TextLine>
            <TextLine id="r3l7" custom="readingOrder {index:6;}">
                <Coords points="2156,1384 2228,1417 2380,1383 2476,1424 2767,1433 2844,1397 3009,1434 3008,1342 2940,1320 2594,1318 2527,1352 2427,1314 2341,1357 2220,1309 2156,1319"/>
                <Baseline points="2163,1377 2207,1377 2251,1377 2295,1377 2339,1377 2383,1377 2427,1377 2472,1377 2516,1376 2560,1376 2604,1376 2648,1376 2692,1376 2737,1376 2781,1376 2825,1374 2869,1374 2913,1374 2957,1373 3002,1373"/>
                <TextEquiv>
                    <Unicode>auch würcklichen beschlaffen habe.</Unicode>
                </TextEquiv>
            </TextLine>
            <TextLine id="r3l8" custom="readingOrder {index:7;}">
                <Coords points="2167,1502 2410,1489 2446,1522 2733,1479 3237,1511 3237,1471 2969,1406 2844,1398 2680,1456 2537,1424 2456,1450 2374,1406 2274,1429 2167,1389"/>
                <Baseline points="2174,1490 2226,1488 2279,1487 2332,1485 2385,1484 2438,1483 2490,1482 2543,1482 2596,1482 2649,1482 2702,1484 2754,1484 2807,1485 2860,1485 2913,1487 2966,1487 3018,1487 3071,1488 3124,1488 3177,1488 3230,1490"/>
                <TextEquiv>
                    <Unicode>der Vatter habe es an Eint- und Anderem</Unicode>
                </TextEquiv>
            </TextLine>
            <TextLine id="r3l9" custom="readingOrder {index:8;}">
                <Coords points="2022,1518 2036,1527 2053,1528 2098,1508 2117,1515 2124,1403 2115,1403 2103,1393 2089,1404 2076,1406 2050,1427 2039,1431 2028,1428"/>
                <Baseline points="2031,1484 2058,1490 2085,1491 2112,1490"/>
                <TextEquiv>
                    <Unicode>G.</Unicode>
                </TextEquiv>
            </TextLine>
            <TextLine id="r3l10" custom="readingOrder {index:9;}">
                <Coords points="2117,1511 2125,1512 2131,1516 2137,1514 2145,1516 2162,1435 2155,1434 2152,1430 2146,1431 2135,1425"/>
                <Baseline points="2127,1493 2142,1496"/>
                <TextEquiv>
                    <Unicode></Unicode>
                </TextEquiv>
            </TextLine>
            <TextLine id="r3l11" custom="readingOrder {index:10;}">
                <Coords points="2159,1603 2272,1561 2673,1622 2967,1563 3188,1588 3217,1585 3218,1503 3130,1527 2968,1489 2798,1542 2615,1497 2478,1536 2398,1495 2160,1514"/>
                <Baseline points="2166,1566 2218,1563 2270,1562 2322,1560 2374,1560 2427,1559 2479,1559 2531,1560 2583,1560 2635,1561 2688,1562 2740,1563 2792,1564 2844,1565 2896,1566 2949,1566 3001,1568 3053,1568 3105,1568 3157,1566 3210,1566"/>
                <TextEquiv>
                    <Unicode>Ohrt inderzogen, und gseyte Er wollend da</Unicode>
                </TextEquiv>
            </TextLine>
            <TextLine id="r3l12" custom="readingOrder {index:11;}">
                <Coords points="2165,1665 2792,1644 3038,1706 3221,1694 3222,1606 3169,1585 3078,1621 2931,1591 2674,1622 2558,1582 2466,1614 2398,1572 2166,1599"/>
                <Baseline points="2172,1637 2224,1635 2276,1635 2328,1635 2380,1635 2432,1637 2484,1637 2537,1638 2589,1639 2641,1640 2693,1641 2745,1642 2797,1643 2849,1644 2902,1644 2954,1646 3006,1646 3058,1646 3110,1646 3162,1644 3215,1644"/>
                <TextEquiv>
                    <Unicode>leusen, habe aber niemahls anders gethan</Unicode>
                </TextEquiv>
            </TextLine>
            <TextLine id="r3l13" custom="readingOrder {index:12;}">
                <Coords points="2152,1759 2279,1711 2374,1762 2561,1736 2601,1760 2833,1755 2834,1688 2675,1654 2576,1690 2489,1686 2445,1656 2350,1683 2275,1651 2204,1673 2153,1660"/>
                <Baseline points="2160,1706 2193,1707 2226,1707 2259,1709 2293,1709 2326,1710 2359,1710 2393,1710 2426,1710 2459,1710 2493,1710 2526,1710 2559,1710 2592,1710 2626,1712 2659,1712 2692,1713 2726,1713 2759,1715 2792,1715 2826,1718"/>
                <TextEquiv>
                    <Unicode>Alß was es schon gesagt habe.</Unicode>
                </TextEquiv>
            </TextLine>
            <TextLine id="r3l14" custom="readingOrder {index:13;}">
                <Coords points="2164,1825 2565,1813 2655,1855 2722,1814 2874,1820 2983,1865 3166,1841 3210,1876 3212,1782 2779,1745 2368,1773 2219,1716 2165,1756"/>
                <Baseline points="2172,1817 2223,1814 2275,1813 2326,1812 2378,1811 2430,1811 2481,1811 2533,1811 2584,1812 2636,1812 2688,1814 2739,1815 2791,1817 2842,1818 2894,1820 2946,1821 2997,1823 3049,1824 3100,1824 3152,1824 3204,1826"/>
                <TextEquiv>
                    <Unicode>ob aber sein Vatter Ihme nit auch zugenuc</Unicode>
                </TextEquiv>
            </TextLine>
            <TextLine id="r3l15" custom="readingOrder {index:14;}">
                <Coords points="2020,1875 2038,1873 2054,1883 2080,1873 2114,1876 2121,1731 2107,1733 2072,1754 2046,1752 2039,1759 2025,1760"/>
                <Baseline points="2028,1835 2055,1837 2082,1839 2109,1838"/>
                <TextEquiv>
                    <Unicode>E.</Unicode>
                </TextEquiv>
            </TextLine>
            <TextLine id="r3l16" custom="readingOrder {index:15;}">
                <Coords points="2153,1897 2648,1886 3050,1942 3205,1911 3198,1830 3037,1868 2756,1815 2648,1861 2431,1817 2154,1826"/>
                <Baseline points="2160,1895 2211,1890 2263,1887 2315,1884 2367,1884 2419,1883 2471,1883 2523,1883 2575,1884 2627,1886 2679,1887 2730,1889 2782,1891 2834,1893 2886,1895 2938,1896 2990,1898 3042,1899 3094,1899 3146,1899 3198,1899"/>
                <TextEquiv>
                    <Unicode>tet habe, seinen bosen Willen sollkomb¬</Unicode>
                </TextEquiv>
            </TextLine>
            <TextLine id="r3l17" custom="readingOrder {index:16;}">
                <Coords points="2126,1980 2201,2009 2308,1970 2398,2010 2503,1952 3028,2035 3100,1999 3101,1942 2994,1912 2847,1935 2648,1886 2539,1929 2434,1898 2357,1942 2219,1891 2127,1936"/>
                <Baseline points="2133,1967 2181,1964 2229,1961 2277,1959 2325,1958 2373,1957 2421,1956 2469,1958 2517,1958 2565,1959 2613,1961 2661,1962 2709,1964 2757,1966 2805,1968 2853,1970 2901,1972 2949,1974 2997,1976 3045,1977 3093,1979"/>
                <TextEquiv>
                    <Unicode>nlichen an Ihme vollbringen gelaßen.</Unicode>
                </TextEquiv>
            </TextLine>
            <TextLine id="r3l18" custom="readingOrder {index:17;}">
                <Coords points="2033,2103 2180,2059 2551,2074 2620,2125 2699,2065 2784,2082 2770,1996 2673,2025 2573,2011 2543,2037 2501,2003 2440,2034 2367,2018 2299,2039 2120,1979 2033,1998"/>
                <Baseline points="2040,2076 2076,2071 2113,2066 2150,2063 2187,2060 2224,2058 2261,2056 2297,2055 2334,2055 2371,2055 2408,2055 2445,2056 2482,2057 2519,2058 2555,2058 2592,2060 2629,2061 2666,2063 2703,2064 2740,2064 2777,2064"/>
                <TextEquiv>
                    <Unicode>B. kein, sein Eebenlang mnt.</Unicode>
                </TextEquiv>
            </TextLine>
            <TextLine id="r3l19" custom="readingOrder {index:18;}">
                <Coords points="2162,2163 2645,2201 2924,2171 2985,2222 3170,2236 3170,2092 2718,2086 2574,2134 2386,2088 2316,2128 2164,2065"/>
                <Baseline points="2169,2154 2218,2153 2268,2151 2318,2151 2368,2151 2418,2151 2467,2151 2517,2153 2567,2153 2617,2154 2667,2156 2716,2157 2766,2159 2816,2162 2866,2163 2916,2165 2965,2168 3015,2170 3065,2172 3115,2175 3165,2177"/>
                <TextEquiv>
                    <Unicode>Worumb es dann an den einten Ohrten</Unicode>
                </TextEquiv>
            </TextLine>
            <TextLine id="r3l20" custom="readingOrder {index:19;}">
                <Coords points="2019,2203 2050,2200 2076,2210 2086,2207 2094,2216 2121,2215 2132,2073 2100,2080 2051,2115 2026,2116"/>
                <Baseline points="2028,2171 2057,2173 2087,2175 2117,2178"/>
                <TextEquiv>
                    <Unicode>B</Unicode>
                </TextEquiv>
            </TextLine>
            <TextLine id="r3l21" custom="readingOrder {index:20;}">
                <Coords points="2794,2290 2883,2288 2910,2275 2980,2326 3028,2324 3108,2295 3143,2311 3145,2249 3035,2208 2997,2225 2976,2215 2925,2227 2868,2206 2836,2222 2796,2201"/>
                <Baseline points="2802,2264 2827,2264 2853,2264 2879,2264 2905,2264 2930,2265 2956,2265 2982,2265 3008,2267 3033,2267 3059,2268 3085,2270 3111,2271 3137,2274"/>
                <TextEquiv>
                    <Unicode>sonderlichen</Unicode>
                </TextEquiv>
            </TextLine>
            <TextEquiv>
                <Unicode>41
und Vierten Ohrt auf den Boden inderngelegen,
sich außerten und entbloßen laßen, Ja der
Vatter in solche postur, alß wann Er mnt be¬
schlaßen wolte, sich gestellet mueße Ja noht¬
wendig genichtmaßet werden, daß Er Ihns
auch würcklichen beschlaffen habe.
der Vatter habe es an Eint- und Anderem
G.

Ohrt inderzogen, und gseyte Er wollend da
leusen, habe aber niemahls anders gethan
Alß was es schon gesagt habe.
ob aber sein Vatter Ihme nit auch zugenuc
E.
tet habe, seinen bosen Willen sollkomb¬
nlichen an Ihme vollbringen gelaßen.
B. kein, sein Eebenlang mnt.
Worumb es dann an den einten Ohrten
B
sonderlichen</Unicode>
            </TextEquiv>
        </TextRegion>
    </Page>
</PcGts>
