4032 3024
2455 1196 2893 1352 examen
2418 1276 2939 1440 Later Gfeller
2214 1416 3249 1530 Welche vermag hern Landtvogten von Fraulbrunnen
2207 1500 3245 1618 Schreiben, wegen diebstahl eines Biels den 19. aprilis
2225 1571 3215 1687 Jüngsthin zu Fraulobrunnen in gefangenschafft gesetzet,
2204 1648 3228 1758 Vnd den 25 gleichen Monats nachts auß der gefangen,
2204 1727 3226 1832 schafft gebrochen, im Buchenberg aber laider ergristen
2206 1808 3177 1912 auf das Schloß Buchegg daselbst gefengklich geführt
2218 1873 3229 2002 vnd auff anhalten von dort wider naher Fraulbrunnen
2198 1956 3181 2076 Verabgefolget, volglich alhar in alhiesige gefangen,
2218 2024 3201 2132 schafft gebracht worden. Ist den 26. may
2207 2095 3192 2229 1706. durch meinen hochgeehrten herren Zeügherren
2180 2195 3078 2305 Dubelbeß, als obertl. darzu verordnetem
