4032 3024
800 760 862 852 9
959 794 1192 920 §. 216 rd.
3045 804 3185 903 95
2342 818 2890 976 Zihgter Exame
2131 952 3186 1149 Nachseme die hievorigen Vergichten gezeg danen
2154 1041 3223 1184 kundschafft Außagen erschauldet, vnd wahrgenomen worden,
2115 1094 3205 1250 daß über einiche Vmbstend nicht gungsame erleuterung
2842 1175 3208 1276 Ist daraufhin
2153 1204 2845 1307 in den vorigen Vergihten Verhanden
2131 1242 3184 1403 von Mechhlen, Examinatoren gutbefunden worden,
2117 1308 3232 1439 dise beyde gefangene persohnen über die erheuschenden
2141 1387 3218 1507 Vmbstend annoch in etwas Verners zuexammieren
2114 1477 3211 1569 Allermaßen darauffhin Brytags en 27. Januoriy
2133 1538 3220 1652 1708. das Verners nöhtig befundene examen vor die
2120 1604 3208 1725 haus genomen, vnd zwar erstlich gegen dem Vatter
2114 1694 3156 1814 Hans Gurtner verrichtet worden, wie volget:
2177 1822 3209 1937 Weilen Er bereits hiester betent, daß am kein
2065 1829 2166 1961 z
2171 1909 3191 1991 ob Stutishauß Er seine Tochter entbloßt habe; So
2148 1965 3202 2063 solle Er nun auch sagen vnd bekennen, ob mit auch Er
2143 2033 2944 2152 selbst damahls aich entbloßk gsin seye:
2065 2125 3186 2254 . Weilen Er trunben gsin, so kone Ergut sagen, ob Er
2162 2206 2935 2313 damahls entblößt gsin seye, oder eit¬
