4032 3024
782 766 855 842 168
857 1991 915 2095 d
965 798 1884 969 von Schwartzenburg gan Thun geschei¬
946 884 1862 1030 ben, welches dann under den Leuthen
947 936 1754 1083 zu Stesfisburg ein Rumor geben.
920 996 1859 1194 E.Waß fur sachen mann damahls bey¬
965 1095 1609 1207 und hinder Ihn gefunden?
900 1126 1807 1300 R. Er wuße anders nichts, als ein
952 1222 1775 1365 Meßere und in seiner Wohndung
948 1289 1841 1439 ein Artzner büchlig wie auch etwann
948 1353 1441 1477 beÿ 5. t6. Cbley Ert.
911 1442 1839 1574 E. Ob Er damahls nit auch ein Zauber¬
938 1513 1682 1657 buchlin gehabt und gebraucht
929 1579 1758 1775 R. sein Er habe kein dergleichen
943 1686 1806 1841 süchlig weder gehabt nochgebraucht
893 1798 1743 1943 E Ob mit ein solches Zauberbuchlin
921 1859 1806 2026 hinder Ihme gefunden worden, als man
930 1909 1497 2060 Ihne in Verhafft genomen
958 2005 1836 2159 Es könne wohl seyn, daß ein solches büchlin
920 2067 1802 2198 dagsin, allein Es haben Vßert Ihme noch
914 2121 1761 2253 andere Leuthe mehr in demselben hauß
1532 2226 1820 2320 Gewohnet
2941 823 3065 930 169
2086 870 3091 977 gewohnet, Einmahl wuße Er gar mit
2080 951 3055 1059 von dergleichen Büchlin Wohl aber habe
2075 1025 3085 1131 Er etwelche Chymische Bücher gehabt. Dar¬
2069 1094 3052 1204 von Er verwichenen Sonar zwey, bey
2045 1160 3033 1269 Heinrich Käuscher dem Schloßer zu
2073 1234 3078 1350 Thun Umb 16 26. Verjetzt das Einte
2051 1296 3030 1421 zeiße des Königs goosf apoteck das
2054 1366 3010 1489 Andere frater Basilii Valentini
2005 1478 2996 1626 E. Ob Er nit auch ein Büchlin gehabt
2080 1562 3014 1664 welches handle, wie mann dem könne
2057 1623 3054 1744 den Silber thoy geben vnd weißmachen.
2008 1730 3046 1854 R. Es könne woll seyn daß Ee ein solche
2064 1801 3061 1921 puchten gehabt, der Goldt schmidt Schärer
2057 1866 3045 1991 habe Ihme auf ein Zeit eines entlehnt
2055 1944 3043 2041 das von dergleichen sachen gehandlet
2054 2012 3009 2114 Er habe es einrung gehabt Ehe ers
2066 2065 3058 2181 wider geben, Sachwehrts habe des goldt,
2041 2142 3060 2263 schmidt Schärers Brauw, nach Ihres Manns
2827 2224 3034 2317 Absterbe,
