4032 3024
788 771 871 861 166
778 1319 921 1407 habend
864 2000 928 2100 8.
974 827 1896 1006 2. Waß Er im pfenhauß zu Helgis
947 926 1874 1068 wied für (gmaraden bey sich gehabt. vnd
959 998 1859 1127 der Ihme die sachen, die Erdorthin ge¬
938 1045 1444 1172 tragen, abgenommen?
912 1121 1882 1318 R. Es haben Peter Mischler vnd Schristen
933 1207 1864 1350 Pander von zen Alt Landtrogt Wille¬
939 1289 1847 1426 ding patenten gehabt, Ert zu suchen, die
939 1335 1827 1497 hergen damahls außdem Weltschland
937 1414 1874 1558 und auß dem Simenthal einiches Ertz
941 1474 1869 1609 mit sich gebracht, welches Er Ihnen da¬
925 1540 1850 1681 selbst im offenhauß hab helffen schmal
914 1608 1787 1748 zey, sonst wuße Er von keinen sachen
929 1679 1074 1749 mit
955 1751 1791 1877 Ob Er sich nit deß Jenigen diebstahls
932 1822 1851 1950 theilhafftig gemacht, so dem H. Seckelmei
914 1864 1807 2001 ster Castelaz von Eryburg auf seinem
1534 1965 1737 2016 gescheche
901 1941 1766 2063 Landtgiht zu callis wyl bezegentt
946 2000 1781 2160 Er dancke Gott daß Er darnahlen
916 2075 1792 2209 als dieser diebstahl im Eryburg gebiet
911 2133 1763 2273 vorgangen, nicht im Land gsin, sonderen
1664 2263 1757 2341 Von
2979 817 3075 905 167.
2037 868 3076 963 von dem Schmeltzi Herren Bonses ins wallig
2047 947 3029 1036 Landgeschickt worden, da Erdann mit
2059 993 3041 1099 hin und wider gehen 8 Tage zugebracht. Auch
2065 1046 3036 1175 nach deme Er auß wallis Wider kommen
2068 1112 3081 1227 und zu Vnderseen (: allda hr  eit hauß¬
2055 1177 3015 1293 heblich gewesen:) bey seinem Weib vnd
2040 1246 2989 1353 Kenden bloß einmahl übernachtet,
2055 1306 3037 1415 seye Er in Lauterbrinnen Gangen dem
2052 1375 3043 1496 Schmeltz Herren Wegen seiner Verricht
2069 1440 3052 1544 ung bescheid zu bringen, welcher Ihne
2748 1490 2961 1542 iidraucht
2041 1498 3047 1623 wey oder drey Tag dar nach auf Er¬
2062 1577 3027 1681 cert geschickt, da Er dann aber mahlen
2068 1625 2974 1743 mit hin und wider zehen bey 8 Tagen
2061 1700 3036 1805 zugebracht, dieses nun könne Er auß be¬
2060 1747 3013 1865 Jehren Mit mehr als 20 Persohnen be¬
2096 1857 2345 1937 cheinigen
2028 1923 2981 2042 E. Auß waß ursachen Er das Erste
2068 1998 2988 2102 mahl zu Thum eingezogen worden.
2039 2082 3063 2210 E Er wüße nocht auß waß Ursachen Mann
2123 2169 3012 2254 Ihn eingezogen, Vermeine aber daß er
2072 2221 3042 2324 darumb geschechen, Weilen der Landtvogt
