4032 3024
887 751 951 840 Gtf
979 817 1975 966 14. Jag zu fruhe kommen, und heige, als
983 889 1899 1032 es zum Thor hinaußgangen nit ge¬
989 966 1939 1095 meint, daß es schon darumb Zuthun
993 1019 1250 1106 seyn werde
995 1094 1899 1230 Ob nit aller nechst im häußlin da¬
995 1180 1904 1307 es das Kindt gebohren Leuth gewesen
989 1225 1168 1322 seyen.
914 1325 943 1375 d
1015 1301 1961 1453 Im häußlin darbey seyen Leuthgsin
946 1372 1599 1479 aber im Schemntlin nit.
894 1433 1878 1577 L. Warumb es dann nit zu denen
980 1528 1905 1648 Leuthen gangen, oder Ihnen geruffen,
986 1585 1853 1712 weilen Sie so nach bey Ihme gin
920 1629 978 1746 R.
1002 1639 1610 1751 Es hätte solches thun sollen
1132 1717 1729 1804 darauffhinest Ihm krafftig vorgestelt worden, daß
924 1746 975 1844 2.
1895 1761 1969 1829 rhate.
1006 1742 1962 1878 Replic., hierauß erhale, noch alle zetrafe
1014 1796 1895 1934 daß es das Kindt begehrt abzuschaffen
979 1856 1922 2024 Antw. Es habe gar nicht im Sinn gehabt
991 1909 1899 2074 das Kindt abzuschaffen, sonderen es habe
991 1977 1915 2130 damahlen in seiner noht Gott angeruffen
975 2027 1627 2157 daß Er Ihm helßen wolle;
1707 2107 1828 2173 ann
1689 2164 1872 2265 Wies
2063 1781 2124 1908 E.
2079 1931 2133 2012 A.
2083 1984 2149 2053 6.
2070 2149 2151 2249 Z.
2110 2267 2152 2340 2
3128 814 3223 904 45
2146 858 3213 991 Wie es zum Scheuwelin kom̅en und sich
2149 939 3206 1047 daselbsten auf einihe laden gesetzt habe
2142 988 3243 1118 es den Ruggen an die wand gestützt dar¬
2159 1061 3161 1161 auff Ihme so wehe worden daß es gantz
2148 1114 3157 1221 von Sinnen gsin, und Wie es wider zu
2145 1171 3201 1291 Ihme selber kommen, seyn das Kind vndt
2148 1230 3240 1327 alles bey samen am boden gelegen, darauff
2147 1303 3150 1414 hin habe es das Kindt auff die Schoos ge¬
2158 1346 3222 1456 comen, und beschauwet, aber gar keinlebe
2157 1420 3200 1509 noch weinen oder verrühren an Ihme zo
2145 1476 3213 1591 spührt, Volgendts habe es die Nabelschung
2155 1554 3186 1642 mit einem Maßer abgehauwen, einen
2152 1597 3126 1701 Nadenlungen umbt Kindt geschlagen
2158 1657 3179 1759 und selbiges alldorten under ein buschelin
2155 1726 2461 1809 werchgethan
2167 1777 3177 1882 36 Es dann das Kindt zu Ehren Ziechen
2165 1845 3063 1944 und Ihme Raht zuschaffen begehrt
2176 1920 3198 2014 Ja wann das Kindt wäre Lebendig gin
2178 1991 3138 2099 o hätte es solches mit Ihme genommen
2152 2053 3204 2151 habe es auch schon auff dem Furthuch gehabt.
2157 2109 2974 2227 Worumb er das Kind an ein solch abort, und mit
2160 2183 2700 2271 uff den Kirchaff begreben.
2163 2241 3157 2340 Es habe das Kind Morndrist wollen reichen, vnd etloan auß
2160 2290 2646 2376 einen Kirchoff begraben laßen.
