4032 3024
812 782 896 870 156
935 843 1863 1018 Er dennoch ein mehrers nicht bekennen
941 941 1848 1079 wollen, und in ansechen hievorgedachter
940 996 1836 1152 Mißethaten die noht und der Mangel
937 1069 1749 1185 darinnen Er mit seinem Weib vnd
914 1134 1780 1262 kleinen unerzognen Kinden gestochen
915 1195 1833 1341 zu seiner Entschuldigung vorgeschützet:
932 1278 1782 1404 dittet übrigens Gott, und eine hoche¬
935 1336 1823 1500 Oberkeit Vmb Gnad und Verzeichung.
994 1550 1844 1719 Vnd als solchem nach der Schulmei¬
920 1636 1814 1789 ster von Patterkinden hie vor gedachter
925 1725 1778 1850 zweyerfaltscher Schrifften halb, so Er
913 1800 1836 1932 geschreben zu vedgestoßen und auch ge¬
909 1873 1838 2005 gen und mit dem Jas libacher confron¬
911 1951 1812 2074 tiert worden; Ist die hargangen, vnd
913 1999 1800 2126 Verlostenheit dieser zweyen sachen
903 2073 1828 2234 herauß komen; auff weis und formb
1564 2233 1714 2320 Wies
3007 840 3078 921 57
2075 895 3093 1014 Wie der Hablibacher solches anfengklich
2092 990 3066 1091 bekennt hatt: Äußert, daß der Schul¬
2096 1054 3068 1157 meister in ansechen des HeimatScheins
2087 1120 3090 1233 noch hinzugesetzet, daß der Gablibacher
2079 1211 3073 1296 Ihme anbey auch vorgegeben, daß ein Erb
2077 1254 3036 1369 Ihme in seinem Heimath zugefallen
2078 1322 3015 1418 und weilen Er nicht der weil habe, sich
2082 1392 3099 1489 Dorthin zu verfüegen, So wolle Er den Jacob
2561 1459 3097 1564 Seye Ihme Leid, daß
2072 1455 2436 1561 Hügli schicken.
2086 1519 3062 1636 Er sich durch hablibacher so liechter dingen
2085 1581 3045 1691 einführen laßen, habe aber hierinn gar
2079 1656 3039 1766 kein böser Vorsatz nit gehabt und bätte
2087 1733 3066 1854 eine Gnädige Oberkeit umb Verzeichung
