4032 3024
871 908 984 1035 E.
879 1073 968 1215 2
890 1322 992 1440 6.
877 1470 989 1617 E.
905 1649 997 1782 H.
896 1866 991 2004 E.
1018 818 1514 956 auf Ihrs gelegen seye?
1025 914 1977 1071 er Vatter seye zwar so auf Ihm trohlet, aber
1015 1003 1983 1133 daß Er entblosst genseye wüße es gar mit¬
1023 1102 1968 1238 Horumb es solches laugne, da doch der Vatter
1021 1173 1955 1307 treits bekennt habe, daß er entblosst gun¬
1034 1259 1142 1353 v9s.
1029 1344 1956 1473 Einmohl es habe mit gesehen, daß sein Statter
1022 1406 1416 1532 entblisse gan seye.
1006 1493 1960 1636 Ob der Rocps dlß ersi gesehen Sr mit be¬
1010 1576 1940 1714 straff, und von einanderen getrannt habe.
1019 1670 1947 1835 das erste mahl, da zur beym Thurl bey ein¬
1010 1750 1936 1903 anderen zi, habe der Noht mit zu Ihnen
1007 1812 1184 1924 geredt.
1019 1893 1956 2072 ob dann noch an mehr Ohrten und wie manch¬
1009 1980 1932 2116 mahl es und sein Vatter mit Einanderen
1012 2033 1470 2175 inder gelegen seyen?
1599 2140 1878 2271 R. Auf
3123 809 3185 909 50
2032 864 3220 1021 R. Auf damahligem Heimbweg dan mahl das¬
2170 967 3249 1092 einte bey dem Thürl das Andere beym Herren
2158 1042 3241 1174 schwandensoltzl. und das deitbe mahl bey der
2143 1128 2578 1256 Eindachmatten.
2152 1224 3241 1357 Ob der Stops sohns und seinen Pätter am Zwey¬
2031 1235 2115 1366 E.
2151 1309 3223 1426 sten Ohrt beym Herrenschwanden holtz. auch¬
2166 1379 2962 1502 bey einanderen angetroffen habe?
2174 1467 3222 1600 In, und damahls habe Er zu Ihnen gegedt, und
2017 1468 2126 1594 H.
2157 1546 3214 1674 si soneianderen than, und Ihne auch gesagt,
2154 1618 2655 1752 es solle furt gähn.
2188 1708 3172 1844 b i damahls mit auch bey einandern den
2024 1712 2143 1850 E.
2196 1790 2551 1878 Boden gelegen.
2025 1880 3201 1998 6. Der Vatterheige Ihns Zwar inderzögen doch¬
2170 1939 3188 2065 über seyen sie immen so gehocket, und techlet
2164 2006 3181 2092 und wel einfrauc dorr gen und der Nops
2162 2074 3210 2200 nohen kommen, seye se hürtig wider aufgestägen.
2844 2186 3168 2316 D. Worums
