4032 3024
767 780 866 863 180
928 830 1859 1012 E. Ob Er nicht wuße wer die Jeinige
932 916 1827 1062 wosch gestehten nomen so ohnlengsten
935 992 1817 1110 nnenn Baueren zu Boleren eit
920 1038 1258 1156 weidt worden
872 1111 1606 1268 R. Er wüße nichts dardonh
875 1249 1811 1379 E. Waß mann für sachen bey Ihme
898 1309 1828 1446 gefunden als Er das Letste mahl zu
922 1368 1479 1479 Thun gefangen worden
904 1447 1857 1595 R. zwey Schlüßelig Ein krumen Eisen¬
918 1533 1559 1644 tratt und Ein Schrottlisen
921 1582 1838 1722 Wie mann diese Schlüßel namb¬
916 1654 1860 1786 se so Er bey Ihme gehabt. Item woher
901 1708 1442 1825 Er sie habe gekommen?
883 1789 1850 1918 R. Er wüße mit wie sie anders genamb¬
910 1883 1828 1998 set werden als Schlüßel, Er habe Sie
910 1947 1837 2070 sambt dem Isentratt zu Langnam
904 1998 1811 2109 Hym Schumacher Abraham Müller
913 2051 1795 2170 auff einer Sidelen gefunden, alda sie
922 2136 1745 2260 mier ligen laßen, so sich hievor bey
1517 2232 1738 2336 diesem
1871 1859 1957 1937 omitte
2941 808 3058 887 1§ 7
2051 876 3030 979 diesem Schumacher zugezogen, vnd her
2050 925 3064 1047 nach zu Trachßelwald (:wie Er glaube
2038 1011 2425 1116 gerichtet worden
2010 1076 3082 1221 E. vorzu Er diese Schlüßel und handel
2034 1183 2426 1290 Gebraucht haben.
2025 1236 3021 1359 R die Schlußel habe Er mit Braucht
2044 1305 3057 1404 mit dem Schröttbisen habe Er den bauwre
2046 1365 3048 1472 allwegen die Roßstrigel inen gemacht.
2038 1413 3042 1523 und mit dem Isentratt, habe Er die Pfon¬
2036 1501 3042 1608 ster Nagelin außzogen, wann Er Ihnen
2053 1562 2678 1652 die Pfenster verbeßeret
2011 1658 3054 1779 I. WVorzu Erden Katzen balg brauchen
2046 1730 2994 1848 wollen den mann in seinem Rantze
2040 1811 2250 1895 gefunden
2023 1893 2963 1988 E. die Ratz habe dem Melcher Gfellen
2051 1951 3021 2056 auf dem Berg gegen Ambsoldingen zu¬
2036 2012 3027 2112 gehördt aldaEr Sie genommen vndt getö¬
2051 2076 3034 2172 det, und den bolg dar von behalten, da Er
2044 2142 3034 2242 dann wann Er noch mehrere hätte darzu
2828 2205 3002 2288 bekomen
