4032 3024
1382 626 1961 763 von Derspldigen syeer
1401 695 1935 791 alhie gscheiden worden
1406 760 1962 863 und aber di zi noch ii
1403 810 1946 919 umbh. des halb er dero
1430 884 1958 989 von wolles verhlißen
1412 932 1985 1043 wan sy sich erlich und wo
1393 1012 1938 1109 graffe so welchen eon sy wan
1384 1060 1960 1168 das zin umbh komt zuͦr
1392 1133 1960 1225 Er nemen vnd anders
1412 1183 1960 1287 min wil ouch ni wich
1407 1239 1772 1345 ehantlich sin
1633 1311 1825 1414 Todem.
1519 1414 2007 1508 Jorg weiser emb tonsers
1408 1470 1998 1559 un so vor Langer zu gstorben
1381 1516 1994 1620 und des halb im wusse wenen
1374 1576 1982 1675 er sye dan das inn die rufer
1372 1628 2011 1731 uffterzog und zum waberhandt
1380 1678 1990 1802 werch gehan inn der kety
1398 1749 1945 1864 gfragt worden und mmt
1402 1811 1959 1914 fürghaben, wie das er zu ar
1386 1855 1949 1964 wangen jnns wurshus
1406 1915 1954 2025 gangen ✳ und in masz wmb
1392 1971 1999 2069 ir nick₎ diesselbig aber mit
1410 2020 1978 2136 zubezalen ghept und wie
1402 2081 1994 2184 man inn darumb gstrafft
1398 2153 1953 2241 habe er wüst than ein
1388 2198 2010 2301 got lesern, vnd abelschweel
1414 2259 1984 2358 ouch gsprochen frage gor
1404 2307 1994 2406 min nach der tufel syr
1421 2370 1986 2462 in gott der gebe zur giste
1399 2410 1969 2493 und sonde min ban des
1402 2466 1941 2570 salb bfrag war umb
1409 2538 1969 2630 er solichs greden ouch ob er
1401 2570 2008 2673 ait er ettwas prättick mi
1398 2643 1983 2728 dem tuffl gmachet und jr
1402 2691 1965 2791 er im geltt gebe detz
2602 570 2656 627 50
2063 613 2645 760 Do solle er solichs anzeig
2076 688 2678 804 daruff er anzeigt, das er
2102 708 2731 874 drch jetzl iun einem lumpti
2100 806 2648 943 schefft und sich zum tisch
2120 862 2710 999 gseyzt ein halb mas dins
2117 937 2679 1045 er nickn da syent andr
2114 997 2651 1107 ouch gsesen und als er
2171 1053 2685 1160 Enweß gwellen haben
2223 1100 2704 1220 zum geischen zu Aenen
2153 1169 2721 1284 ynen das er gethan und
2128 1232 2716 1336 noch ein zi lang sy junt₎n
2129 1301 2700 1400 gspsen und nach dem jro
2124 1346 2712 1453 dry hunszgang dzs waser
2135 1358 2776 1516 abzeschlachen, da ey alt er gsiche
2129 1465 2731 1564 vnd sin gelen Im lampte im
2143 1519 2631 1621 mer find könden, den
2142 1574 2723 1672 wirt zubezalen, da hab e er
2143 1628 2697 1721 sich uffs hounsgles
2136 1678 2669 1782 darnach gabnn sy zu
2149 1744 2715 1837 gricht und min ii ub
2140 1798 2682 1888 fare und mose solichs
2152 1842 2745 1950 Ind foller wiß zun solchem
2154 1902 2716 2004 gredt haben, jedoch sye es
2153 1955 2668 2051 jan m zwüsen und
2172 2008 2689 2105 so vns gethan sye es im
2163 2063 2719 2163 treffenlich Leid den er
2152 2102 2744 2209 minit mit dem tuffel
2163 2181 2512 2291 zeschaffen gaben
2305 2243 2493 2352 Eodem
2128 2301 2768 2425 Johan de tonran ie gefragt
2149 2374 2723 2458 de Spesy uß der herschaft
2071 2422 2769 2527 losen aller befragt und im fürghalt
2167 2470 2747 2563 warumb er bendicht holtze
2175 2530 2713 2631 zu sredorff ein schwart
2170 2583 2738 2684 entfrombdet vnd das nun g
2146 2631 2732 2750 Herrn vermeinent erhabe
