4160 3120
1299 363 1995 484 uff sampstag dem 22 tag wer
1299 461 2004 523 ens 1572 jar in Hagenwür.
1301 491 1943 571 tig kheyt der fromen ersamen
1296 546 1376 600 vnd
1373 535 2013 621 wysen herren Hannt Bickhar
1310 590 2011 674 deß Tats, Admian Pennes der
1269 635 2033 710 Bergern Hanns Mannel goscrücen
1308 685 2046 769 und der weyblen myner  hern
1319 726 1976 827 gmeinlich ✳ hat dise gegenn
1309 784 1512 860 württig
1388 883 1987 984 Aua Wuffli von Bidern
1444 932 2004 1030 stein zu Marzyb nadnol,
1406 991 2027 1086 gunde hoche grosse und schware
1398 1049 1960 1139 mnshandlung erkhein
1451 1100 1804 1183 und verzächen
1253 1202 1998 1322 Erstlich das sich vorpfarlich vor
1286 1284 1991 1373 p jaren begeben, als sy inn
1292 1338 2034 1430 einem schachen dess urrchs gehüret
1310 1391 1977 1470 sich über ghrpt ✳ von wag₎n das
1305 1443 2005 1523 man ira all ir hab und gut ver
1308 1494 1973 1582 ganter, das Jra danaln der bost
1324 1549 2053 1637 yst in eines hupsthen mans gestal
1325 1598 2013 1691 sschumnen, sich mit lieblichen
1305 1650 2009 1744 arglistign betruglichen wortten
1302 1710 1997 1801 und grosser unhryssung angfocht
1292 1763 1972 1854 so sy sich ime ergeben unnd
1302 1817 2015 1902 volgen wöltte er Jra galts und
1313 1873 1994 1958 gnts enng gäben ✳ und also sya
1304 1920 2035 2004 hierdurch überkhommen und brit
1305 1977 2033 2071 das sy sich mntlich ✳ (leyder) ime
1307 2032 2033 2120 dem eosen fynd erhaben und an.
1319 2091 1982 2165 zängig gemacnet von dem 1r
1302 2131 2028 2222 denn syben die bpfennng empfan
1298 2192 2038 2279 und das gält soter dra gegeben.
1300 2237 1893 2338 durs loub gewäsen sye
1284 2345 2004 2453 Denns habe sy ein buchsenn
1320 2427 1998 2500 mit ertwas hulffes vor Iu
1290 2459 2025 2521 und salben von im dem losen
1296 2506 2045 2592 gryst empfangen, das sy dasselbg
1292 2562 2026 2637 hin und wider zum verderben
1280 2604 2060 2704 deß vnechs sayen und  solt
2109 330 2951 454 dda hate sy aller die sebbige Bùchsen
2122 379 2859 515 hinrac gworffen und ihm selben
2108 439 2828 592 ime nit volgen wellen, habe
2134 508 2883 630 er ira domaln ein mal zeyehen
2124 570 2918 690 so sy an irem rechten backen geben
2109 629 2891 748 dernach allenthalben an orttenn
2101 683 2874 827 und enden, da sy gwandlet sege
2123 749 2854 856 er iro alwägen in eines schwarzen
2116 818 2802 928 volg vogels gstalt befugnet,
2142 978 2869 1090 unnd entlich sige der lost geyst
2124 1064 2897 1148 zu Brarstein in der shancknns
2117 1095 2879 1213 in eines bugels gstalt ✳ als sy ime
2146 1159 2868 1266 grufft sprächende sy hatte jue
2143 1206 2892 1318 nun xe jar anvätt warumb er
2139 1260 2931 1363 in nit vor der pfanpenschafft gewar¬
2129 1323 2905 1424 uergüte zu Ira khomen, sya aber
2135 1375 2908 1476 malen mir betruglicher verzeyssung
2127 1439 2862 1536 anpfochten er sye ein buerl ✳ so s
2157 1501 2937 1584 sch nochmalen ime ergäben unnd
2142 1549 2887 1651 volf wolte er ira vschelffen und
2133 1608 2898 1711 als sy inne ein tugl zesam ver
2145 1684 2866 1769 meint habe sy sich abrmalenn
2125 1717 2934 1829 leyder) ime ergäben und darüber
2130 1791 2861 1887 von wägen sollicher der grosser
2151 1857 2916 1951 sind und begangner missethar inn
2142 1911 2877 1993 getzlichs ruwen gefallen dem
2157 1960 2897 2060 bosen fatan abgsagt und gott
2152 2015 2922 2114 den almechtig umb gnad und verlych
2153 2063 2876 2172 uug deselbigen bishar stärs und
2153 2126 2855 2224 trungenlich angrufft und gepätten
2154 2355 2878 2489 Vff seinliche Er der gemelt
2145 2449 2878 2558 Ana Wuffli schwar₎ schantlich
2166 2505 2880 2615 verpicht gothe und freuwlich
2160 2569 2917 2674 missethat habend hochpengen
