4160 3120
1289 327 2055 438 gangen wyn zebringen, wölches
1361 385 2049 506 schächen und habe der predig
1310 452 2044 573 ann vnd zr bruder zwo maßen
1299 524 1690 630 wyns racht
1693 538 2056 636 wind dahein zu¬
1304 592 2032 700 samen grsassen, unnd tuncken
1450 666 2052 763 diewol sy Etii auch ben
1578 721 2009 845 we Ir man vber sya
1337 769 1972 902 zürur ine zorn indere
1326 867 1996 985 schlaaffen ganp. hiezwisch
1420 945 2030 1031 die annder all eß solle
1357 1007 2038 1122 tschlaffen, allein der predican¬
1363 1073 2036 1193 dsyami, vnnd der predican
1339 1145 2037 1258 abe zeim gewöllen, deßhalbs
1343 1229 2024 1324 ins zur stuben thür hinuß
1338 1296 2013 1393 Imns Tenn nachgevolgen
1339 1361 2069 1479 willens die üren zu beschlisen
1329 1434 1991 1534 da hätte der predicant syb
1330 1493 2069 1597 einem Elrm gon, vnnd Ime
1332 1566 2030 1672 Denn inn des kulis furer
1348 1636 2040 1740 indeslegt, vnnd dahin gemah
1327 1697 2047 1817 das sy inn söllicher wynführe
1350 1778 2046 1877 seinen willen mit In verbracht
1320 1838 2003 1952 vnnnd als sy aber noch Inn der
1346 1906 2042 2029 hat wärend, käme ir men
1353 1995 2036 2097 mitt einem Sparren dartzu
1370 2052 2047 2167 shluge dar, der predicant sipt
1348 2112 2073 2224 aber vnnder eine tteren auch
1346 2192 2048 2314 entschloffen, vnnd entluffen
1342 2276 2003 2369 das Ime dhein streth wrde
1348 2326 2054 2446 vnd wuge die hoften Iun dem
1340 2404 2024 2505 henden, wolches auch, der
1339 2479 2060 2588 Eigrist Elein vetter genamt
1338 2542 2069 2676 vnnd sin hussfrouw, so dazu
1329 2630 2082 2752 khon gesachen und den virdrant
1327 2689 2028 2830 fliechen sachen, den sy aber doch
1902 2776 2024 2873 Ins
2178 331 2918 472 Irs rachtumb mit ekhannn ha
2202 408 2903 526 also sic es vnd andirst mit mng
2198 534 2886 653 Denne das sy von einem pfah
2180 616 2810 718 sellenn güt darfür zer
2202 686 2897 793 angwisen. Bibt sy besche
2185 747 2904 864 das sölliche anwysung, eist na
2193 809 2900 933 der thun beschächen und ira di
2195 889 2942 992 die Pfaffenkellen amract das
2199 952 2931 1050 sy vom prrdicanen gemekt
2187 1009 2909 1120 das er Ihr gern gkn darub
2204 1096 2953 1183 gaben wurde, damitt Jra ette
2205 1155 2893 1262 an die schand wurde, Wölches
2190 1222 2892 1333 aber ir man als sy seinlichs an
2199 1284 2805 1398 Inne gebracht, mit gestar
2198 1369 2441 1468 wöllen.
2291 1455 2884 1601 vff ein annsin vofech
2156 1478 2593 1628 kuglaßen
2197 1730 2955 1850 ff frytag dem x tag weger
2172 1797 2961 1898 Dm 1572 jar in gätenwürtug
2174 1856 2935 1955 khryt der Hans Anchoi Füllirs
2195 1917 2930 2014 deß ehnes Hans Mannels Groß¬
2175 1969 2601 2086 weybels etc. Ist
2229 2097 2833 2204 Jacob Blöüwyler der
2342 2174 2865 2248 Water von Synad vor
2337 2222 2883 2322 gedachter Anna Wyssin
2346 2280 2504 2347 Eeman
2171 2360 2977 2471 In der mannen keffi von was
2175 2425 2977 2529 dargebung desselbigen synes eewybs
2174 2485 2941 2581 mir dem vdrrant begangnen er¬
2177 2535 2979 2646 bruds verhörtt und imme fürgehabten
2172 2586 2957 2689 worden, das sy drede blouweler
2181 2652 2951 2755 und in wyb, sollichs sich mir ein
2177 2679 2998 2823 anderen vndervndt, vnd den predign
