<?xml version="1.0" encoding="UTF-8" standalone="yes"?>
<PcGts xmlns="http://schema.primaresearch.org/PAGE/gts/pagecontent/2013-07-15" xmlns:xsi="http://www.w3.org/2001/XMLSchema-instance" xsi:schemaLocation="http://schema.primaresearch.org/PAGE/gts/pagecontent/2013-07-15 http://schema.primaresearch.org/PAGE/gts/pagecontent/2013-07-15/pagecontent.xsd">
    <Metadata>
        <Creator>prov=University of Rostock/Institute of Mathematics/CITlab|PLANET AI GmbH/Gundram Leifert/gundram.leifert@planet-ai.de:name=German_Kurrent_XVI-XVIII_M1(htr_id=19584)::::v=2.6.7
prov=University of Rostock/Institute of Mathematics/CITlab|PLANET AI GmbH/Tobias Gruening/tobias.gruening@planet-ai.de:name=de.uros.citlab.module.baseline2polygon.B2PSeamMultiOriented:v=2.6.7
prov=University of Rostock/Institute of Mathematics/CITlab|PLANET AI GmbH/Tobias Gruening/tobias.gruening@planet-ai.de:name=/net_tf/LA73_249_0mod360.pb:de.uros.citlab.segmentation.CITlab_LA_ML:v=2.6.7
prov=University of Rostock/Institute of Mathematics/CITlab|PLANET AI GmbH/Gundram Leifert/gundram.leifert@planet-ai.de:name=Turmbücher_StaBe_3_A.Funk(htr_id=27278)::::v=2.6.7
prov=University of Rostock/Institute of Mathematics/CITlab|PLANET AI GmbH/Tobias Gruening/tobias.gruening@planet-ai.de:name=de.uros.citlab.module.baseline2polygon.B2PSeamMultiOriented:v=2.6.7
prov=University of Rostock/Institute of Mathematics/CITlab|PLANET AI GmbH/Tobias Gruening/tobias.gruening@planet-ai.de:name=/net_tf/LA73_249_0mod360.pb:de.uros.citlab.segmentation.CITlab_LA_ML:v=2.6.6
Transkribus</Creator>
        <Created>2020-10-05T14:57:55.195+02:00</Created>
        <LastChange>2022-09-09T16:17:13.248+02:00</LastChange>
        <TranskribusMetadata docId="1334779" pageId="52355344" pageNr="186" tsid="114636957" status="IN_PROGRESS" userId="9570" imgUrl="https://files.transkribus.eu/Get?id=RWUCZVKZPIVSBHGYHQQAQOCX&amp;fileType=view" xmlUrl="https://files.transkribus.eu/Get?id=JKOUKRVKGBXYYLBJABZQJTOE" imageId="16063097"/>
    </Metadata>
    <Page imageFilename="Turmbücher BIX 434 _00186-20200925_142505.jpg" imageWidth="4160" imageHeight="3120">
        <ReadingOrder>
            <OrderedGroup id="ro_1687514006892" caption="Regions reading order">
                <RegionRefIndexed index="0" regionRef="r1"/>
                <RegionRefIndexed index="1" regionRef="r2"/>
            </OrderedGroup>
        </ReadingOrder>
        <TextRegion orientation="0.0" id="r1" custom="readingOrder {index:0;}">
            <Coords points="1260,347 1260,2745 2151,2745 2151,347"/>
            <TextLine id="r1l1" custom="readingOrder {index:0;}">
                <Coords points="1433,369 1552,405 1640,388 1712,424 1880,433 1901,461 2045,456 2157,496 2167,427 2051,428 2000,374 1908,381 1744,341 1671,358 1611,326 1547,344 1441,316"/>
                <Baseline points="1440,374 1475,377 1511,380 1546,383 1582,387 1617,391 1653,394 1688,400 1724,404 1759,410 1795,415 1831,421 1866,426 1902,433 1937,438 1973,445 2008,451 2044,459 2079,466 2115,473 2151,480"/>
                <TextEquiv>
                    <Unicode>witter vmb gnad, will</Unicode>
                </TextEquiv>
            </TextLine>
            <TextLine id="r1l2" custom="readingOrder {index:1;}">
                <Coords points="1427,487 1480,473 1522,511 1566,477 1622,480 1694,533 1750,500 1808,528 1854,511 1895,558 1936,564 2019,530 2066,575 2116,576 2128,485 1639,400 1589,419 1512,398 1435,424"/>
                <Baseline points="1440,459 1473,461 1507,462 1540,465 1574,467 1608,470 1641,473 1675,476 1708,479 1742,484 1776,488 1809,493 1843,497 1876,502 1910,508 1944,513 1977,518 2011,523 2044,530 2078,537 2112,542"/>
                <TextEquiv>
                    <Unicode>stich fürhin solch sach</Unicode>
                </TextEquiv>
            </TextLine>
            <TextLine id="r1l3" custom="readingOrder {index:2;}">
                <Coords points="1443,558 1477,579 1698,577 1793,610 1843,586 1979,604 2012,640 2121,677 2133,591 2090,561 2004,587 1890,563 1851,521 1773,550 1690,545 1605,481 1565,479 1517,514 1455,476"/>
                <Baseline points="1455,540 1488,545 1521,549 1554,552 1587,556 1620,559 1653,562 1686,566 1719,569 1752,574 1786,577 1819,582 1852,587 1885,592 1918,597 1951,603 1984,610 2017,617 2050,626 2083,635 2117,645"/>
                <TextEquiv>
                    <Unicode>guetten vnd muessige</Unicode>
                </TextEquiv>
            </TextLine>
            <TextLine id="r1l4" custom="readingOrder {index:3;}">
                <Coords points="1398,729 1774,733 1815,783 1880,737 1983,785 2086,790 2093,716 2057,698 1936,719 1832,652 1659,673 1412,603"/>
                <Baseline points="1410,705 1443,704 1476,704 1510,704 1543,704 1577,705 1610,706 1644,709 1677,712 1711,715 1744,719 1777,722 1811,727 1844,731 1878,737 1911,741 1945,747 1978,753 2012,759 2045,765 2079,771"/>
                <TextEquiv>
                    <Unicode>ist iro dzs thungsen</Unicode>
                </TextEquiv>
            </TextLine>
            <TextLine id="r1l5" custom="readingOrder {index:4;}">
                <Coords points="1442,760 1478,781 1500,770 1533,802 1595,779 1650,825 1708,790 1822,836 1856,819 1898,841 1946,824 2029,847 2034,805 1987,805 1931,743 1870,740 1815,782 1777,731 1710,761 1646,731 1578,752 1501,729 1446,736"/>
                <Baseline points="1452,759 1480,762 1509,765 1537,769 1566,772 1594,776 1623,779 1651,783 1680,787 1708,792 1737,795 1765,800 1794,804 1822,808 1851,811 1879,815 1908,819 1936,823 1965,826 1993,829 2022,833"/>
                <TextEquiv>
                    <Unicode>angelegt worden</Unicode>
                </TextEquiv>
            </TextLine>
            <TextLine id="r1l6" custom="readingOrder {index:5;}">
                <Coords points="1444,818 1602,828 1805,880 1922,865 1949,899 2123,911 2130,858 2049,836 1989,852 1869,822 1820,835 1703,795 1654,817 1452,765"/>
                <Baseline points="1454,810 1487,813 1520,817 1553,821 1586,826 1619,830 1652,835 1685,839 1718,845 1751,849 1784,855 1817,859 1850,864 1883,869 1916,874 1949,878 1982,882 2015,887 2048,892 2081,896 2115,899"/>
                <TextEquiv>
                    <Unicode>vll Ins halpisen erstelten</Unicode>
                </TextEquiv>
            </TextLine>
            <TextLine id="r1l7" custom="readingOrder {index:6;}">
                <Coords points="1434,875 1470,865 1769,934 1811,906 1914,936 1991,921 2131,986 2142,928 1925,864 1441,820"/>
                <Baseline points="1446,855 1480,860 1514,864 1548,870 1582,874 1617,877 1651,882 1685,886 1719,890 1753,894 1788,898 1822,901 1856,907 1890,911 1924,915 1959,921 1993,927 2027,932 2061,939 2095,945 2130,953"/>
                <TextEquiv>
                    <Unicode>wer, anget uff iun 20 mg</Unicode>
                </TextEquiv>
            </TextLine>
            <TextLine id="r1l8" custom="readingOrder {index:7;}">
                <Coords points="1472,1060 1547,1035 1585,1055 1684,1046 1730,1073 1955,1107 2007,1078 2073,1113 2080,1042 2009,1041 1974,1001 1937,1013 1854,990 1823,1012 1763,993 1702,1008 1631,953 1549,969 1483,955"/>
                <Baseline points="1484,1028 1513,1031 1542,1032 1571,1035 1600,1037 1629,1040 1658,1043 1688,1045 1717,1048 1746,1050 1775,1054 1804,1057 1833,1061 1862,1064 1892,1067 1921,1071 1950,1074 1979,1078 2008,1082 2037,1084 2067,1088"/>
                <TextEquiv>
                    <Unicode>ff Zinstag dem 19 ttay</Unicode>
                </TextEquiv>
            </TextLine>
            <TextLine id="r1l9" custom="readingOrder {index:8;}">
                <Coords points="1400,1094 1446,1081 1535,1121 1563,1100 1687,1117 1772,1094 1813,1122 1854,1100 1884,1131 1959,1127 2062,1165 2087,1155 2091,1117 2005,1084 1958,1104 1726,1072 1700,1049 1636,1066 1546,1035 1486,1064 1406,1034"/>
                <Baseline points="1410,1079 1443,1080 1476,1084 1510,1086 1543,1089 1577,1092 1610,1095 1644,1099 1677,1101 1711,1105 1744,1109 1777,1112 1811,1115 1844,1118 1878,1122 1911,1124 1945,1127 1978,1130 2012,1134 2045,1136 2079,1139"/>
                <TextEquiv>
                    <Unicode>Laupstenns im 15 72 jun¬</Unicode>
                </TextEquiv>
            </TextLine>
            <TextLine id="r1l10" custom="readingOrder {index:9;}">
                <Coords points="1440,1170 1675,1154 1732,1184 1758,1167 1870,1178 1936,1215 1984,1188 2109,1221 2113,1169 2011,1163 1960,1126 1902,1154 1805,1114 1669,1125 1616,1102 1538,1121 1447,1099"/>
                <Baseline points="1452,1139 1484,1140 1517,1142 1549,1143 1582,1146 1614,1149 1647,1152 1679,1155 1712,1158 1744,1161 1777,1166 1810,1169 1842,1173 1875,1178 1907,1180 1940,1184 1972,1187 2005,1190 2037,1193 2070,1196 2103,1199"/>
                <TextEquiv>
                    <Unicode>gaxemrürttigkeytt s vanner</Unicode>
                </TextEquiv>
            </TextLine>
            <TextLine id="r1l11" custom="readingOrder {index:10;} person {offset:0; length:15;}">
                <Coords points="1435,1197 1670,1205 1689,1225 1949,1241 1988,1266 2033,1246 2095,1257 2099,1216 2036,1220 2016,1195 1936,1213 1866,1180 1842,1195 1757,1167 1712,1184 1590,1148 1439,1166"/>
                <Baseline points="1445,1197 1477,1196 1509,1197 1541,1197 1573,1199 1605,1201 1637,1203 1669,1206 1701,1209 1733,1212 1766,1217 1798,1219 1830,1224 1862,1228 1894,1232 1926,1236 1958,1241 1990,1244 2022,1248 2054,1253 2087,1256"/>
                <TextEquiv>
                    <Unicode>vetter thormans des thatts</Unicode>
                </TextEquiv>
            </TextLine>
            <TextLine id="r1l12" custom="readingOrder {index:11;} person {offset:5; length:13;}">
                <Coords points="1444,1265 1545,1250 1659,1288 1747,1267 1842,1306 1891,1288 1920,1314 1976,1311 2011,1290 2100,1321 2107,1257 2035,1273 1762,1221 1710,1239 1657,1204 1539,1219 1451,1196"/>
                <Baseline points="1454,1251 1487,1251 1521,1253 1554,1254 1588,1257 1622,1260 1655,1263 1689,1265 1723,1269 1756,1274 1790,1277 1823,1281 1857,1285 1891,1289 1924,1292 1958,1297 1992,1299 2025,1302 2059,1305 2093,1308"/>
                <TextEquiv>
                    <Unicode>Herr Abratam müßei des</Unicode>
                </TextEquiv>
            </TextLine>
            <TextLine id="r1l13" custom="readingOrder {index:12;} person {offset:10; length:10;}">
                <Coords points="1436,1304 1518,1336 1628,1319 1643,1337 1684,1313 1718,1337 1801,1340 1822,1360 1845,1344 1992,1384 2065,1365 2069,1325 2009,1289 1922,1316 1890,1288 1848,1312 1744,1266 1632,1290 1548,1257 1441,1252"/>
                <Baseline points="1445,1302 1475,1304 1506,1305 1536,1308 1567,1310 1598,1313 1628,1316 1659,1319 1689,1322 1720,1326 1751,1329 1781,1334 1812,1337 1842,1340 1873,1343 1904,1346 1934,1349 1965,1352 1995,1353 2026,1356 2057,1358"/>
                <TextEquiv>
                    <Unicode>Vredirenn Görg Kochn den</Unicode>
                </TextEquiv>
            </TextLine>
            <TextLine id="r1l14" custom="readingOrder {index:13;} person {offset:13; length:5; continued:true;}">
                <Coords points="1439,1371 1525,1369 1572,1393 1667,1378 1710,1404 1757,1382 1822,1393 1856,1424 1895,1398 2005,1412 2007,1381 1921,1377 1883,1351 1820,1360 1804,1341 1784,1355 1683,1313 1642,1338 1628,1321 1512,1334 1475,1306 1444,1322"/>
                <Baseline points="1449,1355 1476,1358 1503,1359 1531,1362 1558,1364 1586,1366 1613,1368 1641,1371 1668,1374 1696,1376 1723,1379 1750,1381 1778,1383 1805,1386 1833,1389 1860,1391 1888,1394 1915,1395 1943,1397 1970,1398 1998,1400"/>
                <TextEquiv>
                    <Unicode>Burgn ✳ unnd Hanns</Unicode>
                </TextEquiv>
            </TextLine>
            <TextLine id="r1l15" custom="readingOrder {index:14;} person {offset:0; length:6; continued:true;}">
                <Coords points="1494,1416 1563,1418 1579,1434 1602,1419 1684,1470 1767,1456 1809,1485 1913,1462 1971,1500 2014,1478 2018,1419 1927,1405 1866,1423 1830,1401 1800,1410 1776,1385 1710,1403 1622,1374 1568,1393 1499,1368"/>
                <Baseline points="1503,1409 1528,1411 1553,1414 1578,1416 1603,1418 1629,1421 1654,1424 1679,1426 1704,1430 1729,1432 1755,1436 1780,1438 1805,1440 1830,1444 1855,1446 1881,1449 1906,1452 1931,1454 1956,1455 1981,1458 2007,1460"/>
                <TextEquiv>
                    <Unicode>annels großweifells</Unicode>
                </TextEquiv>
            </TextLine>
            <TextLine id="r1l16" custom="readingOrder {index:15;}">
                <Coords points="1455,1516 1469,1519 1486,1505 1534,1510 1595,1492 1631,1520 1707,1526 1765,1508 1769,1461 1683,1470 1657,1449 1637,1456 1592,1433 1534,1437 1513,1418 1463,1421"/>
                <Baseline points="1467,1484 1493,1481 1519,1482 1546,1482 1572,1484 1599,1488 1625,1491 1652,1493 1678,1496 1705,1499 1731,1499 1758,1499"/>
                <TextEquiv>
                    <Unicode>hatt</Unicode>
                </TextEquiv>
            </TextLine>
            <TextLine id="r1l17" custom="readingOrder {index:16;} person {offset:0; length:15;}">
                <Coords points="1408,1618 1674,1630 1784,1683 1849,1663 1903,1680 1933,1662 1981,1670 1985,1624 1948,1606 1912,1622 1860,1581 1791,1595 1735,1573 1693,1597 1599,1576 1512,1524 1462,1558 1413,1555"/>
                <Baseline points="1416,1611 1443,1612 1471,1613 1499,1615 1527,1617 1555,1619 1583,1622 1611,1625 1639,1629 1667,1632 1695,1635 1722,1639 1750,1642 1778,1645 1806,1647 1834,1650 1862,1652 1890,1653 1918,1653 1946,1653 1974,1652"/>
                <TextEquiv>
                    <Unicode>Hanns Schyffman</Unicode>
                </TextEquiv>
            </TextLine>
            <TextLine id="r1l18" custom="readingOrder {index:17;} place {offset:4; length:8;}">
                <Coords points="1479,1665 1541,1678 1583,1674 1615,1697 1686,1691 1740,1719 1783,1710 1787,1671 1698,1649 1676,1624 1658,1636 1631,1627 1601,1648 1578,1630 1540,1643 1512,1626 1483,1627"/>
                <Baseline points="1488,1664 1514,1666 1540,1667 1566,1669 1592,1671 1618,1674 1645,1677 1671,1679 1697,1681 1723,1684 1749,1687 1776,1691"/>
                <TextEquiv>
                    <Unicode>von Müllinen</Unicode>
                </TextEquiv>
            </TextLine>
            <TextLine id="r1l19" custom="readingOrder {index:18;} place {offset:5; length:6;}">
                <Coords points="1277,1780 1425,1773 1556,1824 1661,1807 1809,1841 1865,1821 1971,1856 2018,1839 2024,1774 1984,1758 1850,1794 1726,1740 1409,1744 1356,1711 1281,1735"/>
                <Baseline points="1287,1767 1323,1770 1359,1773 1395,1775 1431,1778 1467,1782 1503,1785 1540,1788 1576,1793 1612,1796 1648,1800 1684,1803 1720,1807 1756,1810 1793,1814 1829,1817 1865,1820 1901,1823 1937,1826 1973,1829 2010,1833"/>
                <TextEquiv>
                    <Unicode>innd insell uff den anzug</Unicode>
                </TextEquiv>
            </TextLine>
            <TextLine id="r1l20" custom="readingOrder {index:19;}">
                <Coords points="1295,1841 1336,1860 1604,1850 1693,1895 1775,1861 2037,1890 2040,1851 1925,1853 1865,1821 1827,1846 1659,1808 1557,1823 1485,1814 1453,1783 1298,1810"/>
                <Baseline points="1304,1839 1340,1838 1376,1838 1412,1838 1449,1839 1485,1841 1521,1842 1558,1845 1594,1848 1630,1850 1667,1854 1703,1858 1739,1862 1775,1865 1812,1869 1848,1872 1884,1875 1921,1877 1957,1880 1993,1882 2030,1884"/>
                <TextEquiv>
                    <Unicode>as inn veruesachet, das er ni</Unicode>
                </TextEquiv>
            </TextLine>
            <TextLine id="r1l21" custom="readingOrder {index:20;}">
                <Coords points="1306,1917 1347,1899 1441,1927 1495,1898 1688,1945 1822,1921 1856,1955 1958,1932 2014,1954 2017,1912 1997,1904 1929,1887 1832,1903 1781,1864 1746,1883 1689,1859 1658,1880 1311,1852"/>
                <Baseline points="1317,1895 1351,1895 1386,1895 1420,1896 1455,1896 1489,1898 1524,1900 1558,1902 1593,1905 1627,1908 1662,1911 1696,1914 1731,1917 1765,1920 1800,1923 1834,1926 1869,1929 1903,1931 1938,1934 1972,1935 2007,1937"/>
                <TextEquiv>
                    <Unicode>zekilchenn noch zu des herren</Unicode>
                </TextEquiv>
            </TextLine>
            <TextLine id="r1l22" custom="readingOrder {index:21;}">
                <Coords points="1289,1964 1402,1997 1475,1964 1593,1985 1757,1972 1937,2015 2003,1986 2005,1951 1577,1944 1509,1911 1464,1933 1291,1921"/>
                <Baseline points="1298,1955 1332,1955 1367,1956 1402,1956 1437,1958 1472,1959 1506,1960 1541,1961 1576,1963 1611,1965 1646,1968 1680,1970 1715,1973 1750,1975 1785,1977 1820,1979 1854,1982 1889,1985 1924,1988 1959,1989 1994,1992"/>
                <TextEquiv>
                    <Unicode>nachtmal nun ein gutte zytt</Unicode>
                </TextEquiv>
            </TextLine>
            <TextLine id="r1l23" custom="readingOrder {index:22;}">
                <Coords points="1322,2018 1359,2016 1390,2050 1417,2031 1487,2050 1536,2023 1590,2046 1628,2022 1751,2057 1813,2034 2014,2067 2016,2020 1904,2013 1879,1989 1821,2009 1753,1969 1623,2001 1527,1979 1402,1995 1325,1969"/>
                <Baseline points="1331,2016 1364,2016 1398,2018 1432,2018 1466,2020 1500,2021 1533,2024 1567,2024 1601,2027 1635,2028 1669,2031 1702,2033 1736,2034 1770,2037 1804,2039 1837,2040 1871,2040 1905,2042 1939,2043 1973,2043 2007,2045"/>
                <TextEquiv>
                    <Unicode>dahar gannen dise meytung</Unicode>
                </TextEquiv>
            </TextLine>
            <TextLine id="r1l24" custom="readingOrder {index:23;}">
                <Coords points="1304,2075 1374,2107 1401,2086 1437,2110 1699,2089 1873,2122 2026,2115 2028,2066 1813,2035 1761,2059 1627,2022 1525,2058 1306,2035"/>
                <Baseline points="1313,2075 1348,2076 1383,2078 1418,2079 1454,2081 1489,2082 1524,2084 1559,2085 1595,2086 1630,2088 1665,2088 1700,2090 1736,2091 1771,2093 1806,2095 1841,2096 1877,2098 1912,2099 1947,2101 1982,2103 2018,2105"/>
                <TextEquiv>
                    <Unicode>anzeypt, das er inn schweren</Unicode>
                </TextEquiv>
            </TextLine>
            <TextLine id="r1l25" custom="readingOrder {index:24;}">
                <Coords points="1344,2158 1420,2137 1544,2160 1610,2140 1793,2169 1838,2145 1907,2174 1938,2156 2017,2166 2018,2135 1896,2107 1701,2122 1600,2090 1346,2106"/>
                <Baseline points="1355,2129 1387,2132 1420,2136 1453,2137 1485,2139 1518,2142 1551,2144 1583,2145 1616,2147 1649,2147 1682,2148 1714,2150 1747,2150 1780,2151 1812,2153 1845,2154 1878,2155 1910,2156 1943,2157 1976,2160 2009,2162"/>
                <TextEquiv>
                    <Unicode>attssänndlen, aber die wie</Unicode>
                </TextEquiv>
            </TextLine>
            <TextLine id="r1l26" custom="readingOrder {index:25;}">
                <Coords points="1293,2204 1393,2227 1453,2196 1619,2207 1670,2240 1721,2203 1781,2229 1886,2203 1984,2238 2006,2234 2008,2173 1883,2185 1849,2160 1803,2176 1780,2155 1644,2165 1563,2142 1544,2160 1471,2141 1294,2157"/>
                <Baseline points="1301,2196 1335,2196 1370,2195 1405,2196 1440,2196 1475,2196 1510,2197 1544,2198 1579,2199 1614,2199 1649,2201 1684,2202 1719,2203 1754,2205 1788,2206 1823,2207 1858,2208 1893,2210 1928,2211 1963,2212 1998,2213"/>
                <TextEquiv>
                    <Unicode>das sich tächtlichr form nach</Unicode>
                </TextEquiv>
            </TextLine>
            <TextLine id="r1l27" custom="readingOrder {index:26;}">
                <Coords points="1302,2279 1365,2249 1389,2269 1569,2282 1609,2259 1661,2287 1710,2262 1775,2284 1836,2259 1957,2279 1994,2267 1995,2241 1749,2209 1697,2227 1655,2204 1626,2229 1571,2202 1523,2228 1444,2197 1402,2227 1303,2215"/>
                <Baseline points="1311,2252 1344,2252 1378,2253 1412,2253 1446,2253 1479,2253 1513,2255 1547,2255 1581,2255 1614,2256 1648,2256 1682,2256 1716,2258 1749,2258 1783,2259 1817,2259 1851,2261 1884,2261 1918,2262 1952,2264 1986,2265"/>
                <TextEquiv>
                    <Unicode>pevurtt ✳ fùrzutrybenn im</Unicode>
                </TextEquiv>
            </TextLine>
            <TextLine id="r1l28" custom="readingOrder {index:27;}">
                <Coords points="1297,2305 1381,2344 1433,2314 1485,2336 1563,2311 1807,2355 1879,2317 1915,2342 2000,2332 2001,2270 1928,2297 1839,2259 1776,2283 1710,2263 1675,2285 1594,2267 1512,2288 1362,2251 1297,2281"/>
                <Baseline points="1305,2309 1339,2309 1373,2310 1408,2310 1442,2310 1476,2312 1511,2313 1545,2313 1579,2315 1614,2316 1648,2317 1682,2318 1717,2319 1751,2319 1785,2321 1820,2321 1854,2322 1888,2322 1923,2322 1957,2322 1992,2322"/>
                <TextEquiv>
                    <Unicode>vermog wiewol offtenmals</Unicode>
                </TextEquiv>
            </TextLine>
            <TextLine id="r1l29" custom="readingOrder {index:28;}">
                <Coords points="1299,2396 1412,2375 1441,2402 1606,2384 1701,2412 1759,2379 1839,2416 1890,2389 2017,2389 2018,2353 1864,2325 1822,2355 1609,2340 1518,2310 1458,2336 1433,2313 1375,2345 1301,2308"/>
                <Baseline points="1308,2370 1343,2370 1378,2370 1413,2370 1448,2372 1483,2372 1518,2373 1553,2373 1588,2375 1623,2376 1658,2378 1693,2378 1728,2379 1763,2381 1798,2382 1833,2383 1868,2384 1903,2384 1938,2385 1973,2385 2009,2385"/>
                <TextEquiv>
                    <Unicode>zwuschenn inen vspruchen das</Unicode>
                </TextEquiv>
            </TextLine>
            <TextLine id="r1l30" custom="readingOrder {index:29;}">
                <Coords points="1314,2436 1411,2460 1488,2425 1702,2444 1759,2485 1854,2449 1909,2477 1934,2456 1985,2468 1988,2396 1840,2417 1758,2379 1700,2413 1604,2384 1546,2403 1479,2386 1440,2402 1410,2374 1315,2391"/>
                <Baseline points="1323,2426 1355,2426 1388,2427 1421,2427 1453,2427 1486,2429 1519,2430 1551,2432 1584,2433 1617,2436 1650,2437 1682,2438 1715,2441 1748,2442 1780,2444 1813,2445 1846,2446 1878,2447 1911,2448 1944,2449 1977,2450"/>
                <TextEquiv>
                    <Unicode>us sus nrachttens sinenthalb</Unicode>
                </TextEquiv>
            </TextLine>
            <TextLine id="r1l31" custom="readingOrder {index:30;} person {offset:8; length:7;}">
                <Coords points="1295,2487 1606,2484 1661,2527 1751,2501 1841,2534 1873,2516 2027,2532 2031,2445 2006,2439 1959,2468 1908,2476 1885,2454 1782,2477 1690,2441 1507,2454 1452,2430 1413,2460 1298,2437"/>
                <Baseline points="1305,2481 1340,2483 1376,2484 1412,2487 1447,2487 1483,2490 1519,2491 1554,2493 1590,2495 1626,2496 1662,2498 1697,2500 1733,2502 1769,2503 1804,2505 1840,2507 1876,2508 1911,2510 1947,2511 1983,2513 2019,2514"/>
                <TextEquiv>
                    <Unicode>mit der velleye riechtlichen</Unicode>
                </TextEquiv>
            </TextLine>
            <TextLine id="r1l32" custom="readingOrder {index:31;}">
                <Coords points="1292,2553 1469,2564 1506,2541 1555,2580 1646,2559 1730,2584 1802,2559 1851,2587 2021,2589 2051,2583 2053,2545 1971,2516 1822,2537 1721,2502 1661,2527 1608,2485 1488,2516 1295,2488"/>
                <Baseline points="1302,2541 1339,2541 1376,2543 1413,2544 1450,2546 1487,2547 1524,2549 1561,2550 1598,2552 1635,2555 1672,2556 1709,2559 1746,2560 1783,2562 1820,2563 1857,2564 1894,2565 1931,2567 1968,2567 2005,2567 2043,2567"/>
                <TextEquiv>
                    <Unicode>abgannet unnd also ✳ nach dem</Unicode>
                </TextEquiv>
            </TextLine>
            <TextLine id="r1l33" custom="readingOrder {index:32;}">
                <Coords points="1296,2605 1545,2611 1590,2633 1665,2611 1787,2639 1985,2631 1985,2587 1924,2575 1865,2593 1788,2569 1695,2588 1647,2558 1567,2579 1512,2553 1444,2577 1389,2554 1297,2565"/>
                <Baseline points="1304,2601 1337,2601 1371,2602 1404,2603 1438,2604 1472,2605 1505,2607 1539,2608 1573,2609 1606,2611 1640,2612 1674,2615 1707,2616 1741,2616 1775,2618 1808,2618 1842,2618 1876,2618 1909,2618 1943,2616 1977,2615"/>
                <TextEquiv>
                    <Unicode>en den gawillenn vvon den</Unicode>
                </TextEquiv>
            </TextLine>
            <TextLine id="r1l34" custom="readingOrder {index:33;}">
                <Coords points="1252,2669 1448,2665 1488,2701 1564,2677 1611,2704 1666,2669 1960,2687 1962,2642 1849,2624 1800,2647 1666,2610 1563,2639 1458,2605 1423,2625 1395,2605 1253,2603"/>
                <Baseline points="1260,2663 1294,2663 1329,2662 1363,2663 1398,2663 1433,2664 1467,2664 1502,2666 1536,2667 1571,2669 1606,2670 1640,2672 1675,2673 1709,2675 1744,2676 1779,2676 1813,2676 1848,2676 1882,2676 1917,2675 1952,2673"/>
                <TextEquiv>
                    <Unicode>Danckluchenn pspurtt, da er</Unicode>
                </TextEquiv>
            </TextLine>
            <TextLine id="r1l35" custom="readingOrder {index:34;}">
                <Coords points="1257,2717 1302,2739 1439,2725 1508,2758 1565,2738 1656,2772 1730,2739 1882,2739 1904,2762 1992,2743 1993,2700 1927,2681 1859,2709 1795,2678 1727,2699 1666,2669 1611,2705 1574,2679 1507,2694 1423,2662 1258,2681"/>
                <Baseline points="1266,2715 1301,2717 1337,2718 1373,2721 1409,2721 1445,2723 1481,2725 1516,2727 1552,2727 1588,2729 1624,2730 1660,2732 1696,2732 1732,2733 1767,2733 1803,2733 1839,2733 1875,2733 1911,2732 1947,2730 1983,2729"/>
                <TextEquiv>
                    <Unicode>alls ein zrünscher ✳ dann sin</Unicode>
                </TextEquiv>
            </TextLine>
            <TextEquiv>
                <Unicode>witter vmb gnad, will
stich fürhin solch sach
guetten vnd muessige
ist iro dzs thungsen
angelegt worden
vll Ins halpisen erstelten
wer, anget uff iun 20 mg
ff Zinstag dem 19 ttay
Laupstenns im 15 72 jun¬
gaxemrürttigkeytt s vanner
vetter thormans des thatts
Herr Abratam müßei des
Vredirenn Görg Kochn den
Burgn ✳ unnd Hanns
annels großweifells
hatt
Hanns Schyffman
von Müllinen
innd insell uff den anzug
as inn veruesachet, das er ni
zekilchenn noch zu des herren
nachtmal nun ein gutte zytt
dahar gannen dise meytung
anzeypt, das er inn schweren
attssänndlen, aber die wie
das sich tächtlichr form nach
pevurtt ✳ fùrzutrybenn im
vermog wiewol offtenmals
zwuschenn inen vspruchen das
us sus nrachttens sinenthalb
mit der velleye riechtlichen
abgannet unnd also ✳ nach dem
en den gawillenn vvon den
Danckluchenn pspurtt, da er
alls ein zrünscher ✳ dann sin</Unicode>
            </TextEquiv>
        </TextRegion>
        <TextRegion orientation="0.0" id="r2" custom="readingOrder {index:1;}">
            <Coords points="2214,349 2214,2933 3041,2933 3041,349"/>
            <TextLine id="r2l1" custom="readingOrder {index:0;}">
                <Coords points="2919,398 2934,396 2949,381 2958,379 2975,384 2982,380 2996,389 3007,390 3017,383 3026,383 3024,322 2931,339 2917,335"/>
                <Baseline points="2927,377 2957,374 2987,374 3017,374"/>
                <TextEquiv>
                    <Unicode>181</Unicode>
                </TextEquiv>
            </TextLine>
            <TextLine id="r2l2" custom="readingOrder {index:1;}">
                <Coords points="2245,496 2456,504 2502,472 2632,451 2669,474 2810,438 2950,446 2991,434 2986,377 2623,388 2563,420 2240,446"/>
                <Baseline points="2253,492 2289,490 2325,488 2362,484 2398,481 2435,477 2471,473 2508,469 2544,466 2581,462 2617,458 2653,454 2690,450 2726,447 2763,444 2799,441 2836,438 2872,436 2909,433 2945,431 2982,431"/>
                <TextEquiv>
                    <Unicode>vatter uss din frgen priffft</Unicode>
                </TextEquiv>
            </TextLine>
            <TextLine id="r2l3" custom="readingOrder {index:2;} person {offset:0; length:9;}">
                <Coords points="2274,583 2482,521 2642,515 2679,539 2732,505 2905,480 2989,499 2995,434 2948,456 2848,460 2813,438 2765,467 2642,457 2611,483 2267,511"/>
                <Baseline points="2279,549 2314,546 2350,541 2385,537 2421,533 2457,529 2492,525 2528,520 2563,517 2599,514 2635,510 2670,507 2706,504 2741,501 2777,499 2813,495 2848,494 2884,491 2919,489 2955,488 2991,486"/>
                <TextEquiv>
                    <Unicode>täffisber vnnd sin mutter abe</Unicode>
                </TextEquiv>
            </TextLine>
            <TextLine id="r2l4" custom="readingOrder {index:3;}">
                <Coords points="2239,616 2531,570 2633,590 2712,560 2997,553 2992,498 2943,508 2906,481 2763,505 2717,537 2481,522 2315,575 2233,549"/>
                <Baseline points="2246,608 2283,603 2320,597 2357,592 2394,587 2431,582 2468,578 2505,574 2542,571 2579,567 2617,564 2654,561 2691,560 2728,557 2765,554 2802,552 2839,551 2876,548 2913,546 2950,545 2988,543"/>
                <TextEquiv>
                    <Unicode>An dannt dahenmen gwesen</Unicode>
                </TextEquiv>
            </TextLine>
            <TextLine id="r2l5" custom="readingOrder {index:4;}">
                <Coords points="2237,684 2370,635 2423,662 2592,618 3006,597 3013,535 2885,572 2736,558 2647,595 2546,573 2445,608 2231,615"/>
                <Baseline points="2244,657 2282,652 2320,646 2358,641 2396,637 2435,633 2473,628 2511,626 2549,622 2587,619 2626,616 2664,614 2702,611 2740,609 2778,606 2817,605 2855,602 2893,599 2931,595 2969,592 3008,588"/>
                <TextEquiv>
                    <Unicode>für ein gmeind eter ✳ inn alls ein</Unicode>
                </TextEquiv>
            </TextLine>
            <TextLine id="r2l6" custom="readingOrder {index:5;}">
                <Coords points="2241,724 2640,667 2780,680 2863,648 2995,651 3041,640 3039,607 2592,618 2422,662 2371,636 2324,677 2238,684"/>
                <Baseline points="2249,710 2288,703 2327,697 2366,691 2405,686 2444,682 2483,678 2523,674 2562,671 2601,668 2640,665 2679,663 2718,661 2757,659 2797,655 2836,654 2875,650 2914,647 2953,642 2992,638 3032,633"/>
                <TextEquiv>
                    <Unicode>faumtman anzunemmen, das imab</Unicode>
                </TextEquiv>
            </TextLine>
            <TextLine id="r2l7" custom="readingOrder {index:6;}">
                <Coords points="2248,767 2292,786 2515,730 2565,752 2669,716 3000,728 3045,702 3041,657 2987,647 2926,677 2890,657 2770,684 2651,667 2245,726"/>
                <Baseline points="2256,759 2297,754 2338,748 2379,743 2420,738 2461,734 2502,730 2543,726 2584,722 2625,719 2666,716 2707,713 2748,710 2789,707 2830,705 2871,703 2912,701 2953,699 2994,698 3035,696"/>
                <TextEquiv>
                    <Unicode>laßher nit pradten mag sundes</Unicode>
                </TextEquiv>
            </TextLine>
            <TextLine id="r2l8" custom="readingOrder {index:7;}">
                <Coords points="2262,815 2437,808 2470,783 2501,807 2541,777 2695,764 2780,792 2873,763 3002,769 3012,725 2851,711 2811,741 2777,722 2710,740 2667,717 2560,752 2521,731 2494,756 2260,779"/>
                <Baseline points="2271,810 2307,803 2344,797 2381,792 2417,787 2454,784 2491,780 2527,776 2564,774 2601,772 2638,769 2674,768 2711,766 2748,765 2784,764 2821,763 2858,762 2894,761 2931,760 2968,759 3005,758"/>
                <TextEquiv>
                    <Unicode>aus einem frombdem them ver¬</Unicode>
                </TextEquiv>
            </TextLine>
            <TextLine id="r2l9" custom="readingOrder {index:8;}">
                <Coords points="2253,871 2525,827 2810,814 2857,837 2984,814 2982,787 2922,761 2795,794 2694,764 2540,778 2504,806 2473,784 2433,806 2335,798 2250,828"/>
                <Baseline points="2262,867 2297,859 2333,852 2368,846 2404,842 2440,837 2475,834 2511,831 2547,830 2582,827 2618,826 2654,824 2689,823 2725,822 2761,821 2796,819 2832,818 2868,816 2903,814 2939,811 2975,807"/>
                <TextEquiv>
                    <Unicode>vff der allmend dulden wellen</Unicode>
                </TextEquiv>
            </TextLine>
            <TextLine id="r2l10" custom="readingOrder {index:9;}">
                <Coords points="2249,936 2463,893 2545,919 2609,885 2645,912 2681,873 2733,903 2808,880 2847,907 2987,875 2974,815 2605,856 2525,828 2246,883"/>
                <Baseline points="2256,920 2292,913 2328,908 2364,905 2400,900 2436,896 2472,894 2508,891 2544,888 2580,886 2617,884 2653,882 2689,880 2725,879 2761,876 2797,875 2833,873 2869,872 2905,870 2941,868 2978,866"/>
                <TextEquiv>
                    <Unicode>da er aber ouch mit ehine erlad</Unicode>
                </TextEquiv>
            </TextLine>
            <TextLine id="r2l11" custom="readingOrder {index:10;}">
                <Coords points="2251,981 2352,951 2532,966 2593,935 2662,961 2742,931 2989,949 3030,938 3026,862 2994,846 2948,894 2893,904 2724,902 2680,875 2645,912 2607,884 2545,919 2502,893 2249,936"/>
                <Baseline points="2259,969 2297,964 2335,961 2373,956 2411,952 2449,949 2487,946 2525,943 2563,941 2601,938 2639,937 2677,935 2715,934 2753,932 2791,931 2829,930 2867,929 2905,929 2943,927 2981,927 3020,926"/>
                <TextEquiv>
                    <Unicode>vnnd dieselbenn Eestwwungen erhaltn</Unicode>
                </TextEquiv>
            </TextLine>
            <TextLine id="r2l12" custom="readingOrder {index:11;}">
                <Coords points="2247,1019 2410,1004 2480,1028 2559,1003 2629,1023 2666,993 2973,990 2971,954 2849,930 2827,954 2741,932 2668,963 2604,934 2533,965 2437,952 2245,977"/>
                <Baseline points="2255,1011 2290,1011 2325,1009 2361,1008 2396,1007 2432,1004 2467,1003 2503,1001 2538,999 2574,997 2609,995 2644,993 2680,991 2715,989 2751,987 2786,986 2822,984 2857,983 2893,981 2928,981 2964,980"/>
                <TextEquiv>
                    <Unicode>möge us sollich unnd anderen</Unicode>
                </TextEquiv>
            </TextLine>
            <TextLine id="r2l13" custom="readingOrder {index:12;}">
                <Coords points="2253,1071 2311,1096 2360,1059 2516,1087 2632,1048 2720,1069 2819,1041 2979,1044 2976,991 2936,986 2878,1011 2846,988 2764,1018 2671,994 2627,1023 2559,1003 2345,1032 2312,1006 2251,1031"/>
                <Baseline points="2261,1067 2296,1064 2331,1062 2367,1059 2402,1057 2438,1055 2473,1053 2509,1052 2544,1050 2580,1049 2615,1047 2650,1046 2686,1044 2721,1043 2757,1041 2792,1040 2828,1038 2863,1037 2899,1035 2934,1034 2970,1032"/>
                <TextEquiv>
                    <Unicode>nch er ursachenn, dann man im</Unicode>
                </TextEquiv>
            </TextLine>
            <TextLine id="r2l14" custom="readingOrder {index:13;}">
                <Coords points="2228,1124 2382,1147 2497,1111 2642,1145 2689,1100 3050,1100 3048,1038 2889,1070 2819,1043 2444,1087 2393,1060 2314,1092 2227,1070"/>
                <Baseline points="2237,1119 2277,1117 2317,1115 2357,1112 2397,1111 2438,1109 2478,1107 2518,1106 2558,1104 2598,1103 2639,1102 2679,1101 2719,1100 2759,1100 2799,1098 2840,1098 2880,1097 2920,1097 2960,1095 3000,1095 3041,1094"/>
                <TextEquiv>
                    <Unicode>jamasen zuprecht unnd unachter</Unicode>
                </TextEquiv>
            </TextLine>
            <TextLine id="r2l15" custom="readingOrder {index:14;}">
                <Coords points="2276,1208 2334,1170 2367,1195 2408,1164 2556,1186 2649,1160 2735,1192 2810,1162 2880,1178 2994,1157 2993,1115 2894,1099 2846,1125 2742,1123 2689,1100 2657,1125 2585,1108 2544,1136 2493,1111 2274,1144"/>
                <Baseline points="2283,1172 2318,1169 2353,1167 2388,1166 2423,1164 2458,1161 2493,1160 2528,1159 2563,1157 2598,1155 2634,1155 2669,1153 2704,1152 2739,1152 2774,1151 2809,1151 2844,1151 2879,1151 2914,1151 2949,1151 2985,1152"/>
                <TextEquiv>
                    <Unicode>z er sich des hind dacht ✳ so einen</Unicode>
                </TextEquiv>
            </TextLine>
            <TextLine id="r2l16" custom="readingOrder {index:15;}">
                <Coords points="2246,1234 2395,1212 2428,1245 2477,1227 2626,1250 2726,1224 2787,1244 2849,1208 2967,1213 2956,1158 2738,1191 2616,1160 2578,1187 2489,1164 2403,1169 2367,1196 2337,1168 2284,1192 2245,1178"/>
                <Baseline points="2255,1221 2290,1221 2325,1220 2360,1219 2395,1218 2430,1217 2465,1215 2501,1215 2536,1214 2571,1212 2606,1212 2641,1211 2676,1211 2711,1211 2747,1211 2782,1209 2817,1210 2852,1211 2887,1211 2922,1211 2958,1212"/>
                <TextEquiv>
                    <Unicode>zu des teimnachtman gan well</Unicode>
                </TextEquiv>
            </TextLine>
            <TextLine id="r2l17" custom="readingOrder {index:16;}">
                <Coords points="2242,1292 2396,1296 2468,1269 2503,1297 2643,1266 2737,1293 2765,1270 2930,1284 3018,1266 3018,1226 2972,1206 2804,1245 2241,1235"/>
                <Baseline points="2250,1281 2289,1277 2329,1275 2369,1272 2409,1271 2449,1269 2489,1268 2529,1268 2569,1266 2609,1266 2649,1266 2689,1266 2729,1266 2769,1268 2809,1268 2849,1268 2889,1268 2929,1269 2969,1269 3009,1269"/>
                <TextEquiv>
                    <Unicode>das er sich zuuor, mit senen wider¬</Unicode>
                </TextEquiv>
            </TextLine>
            <TextLine id="r2l18" custom="readingOrder {index:17;}">
                <Coords points="2260,1340 2325,1325 2481,1357 2585,1322 2715,1352 2745,1326 2802,1357 2923,1327 2960,1351 3034,1342 3034,1299 2859,1268 2741,1293 2667,1277 2637,1300 2492,1293 2467,1269 2395,1299 2259,1287"/>
                <Baseline points="2268,1329 2305,1328 2343,1326 2381,1325 2419,1323 2457,1322 2495,1322 2533,1322 2571,1322 2609,1322 2647,1322 2684,1322 2722,1322 2760,1322 2798,1323 2836,1323 2874,1323 2912,1324 2950,1325 2988,1325 3026,1325"/>
                <TextEquiv>
                    <Unicode>werttig setzenn ouch sich selbs ertinse</Unicode>
                </TextEquiv>
            </TextLine>
            <TextLine id="r2l19" custom="readingOrder {index:18;}">
                <Coords points="2252,1387 2312,1409 2576,1372 2690,1410 2744,1382 2862,1385 2886,1408 2923,1385 2990,1426 3007,1332 2958,1351 2925,1326 2846,1331 2798,1357 2565,1323 2497,1349 2459,1312 2391,1348 2253,1342"/>
                <Baseline points="2261,1383 2297,1379 2334,1377 2371,1376 2408,1374 2445,1373 2481,1373 2518,1374 2555,1374 2592,1376 2629,1376 2665,1378 2702,1379 2739,1381 2776,1382 2813,1383 2849,1385 2886,1386 2923,1386 2960,1388 2997,1388"/>
                <TextEquiv>
                    <Unicode>das i seinlichs iit unwürdigklich</Unicode>
                </TextEquiv>
            </TextLine>
            <TextLine id="r2l20" custom="readingOrder {index:19;}">
                <Coords points="2252,1442 2490,1431 2519,1455 2558,1425 2640,1431 2674,1468 2721,1444 2740,1466 2764,1446 2983,1470 2986,1399 2917,1391 2773,1405 2748,1383 2707,1410 2510,1375 2443,1406 2383,1382 2328,1407 2255,1392"/>
                <Baseline points="2261,1431 2296,1428 2332,1428 2368,1427 2403,1427 2439,1427 2475,1428 2510,1428 2546,1430 2582,1431 2618,1433 2653,1436 2689,1438 2725,1440 2760,1443 2796,1446 2832,1449 2867,1452 2903,1455 2939,1458 2975,1461"/>
                <TextEquiv>
                    <Unicode>Inner damnus empfacht deßwer</Unicode>
                </TextEquiv>
            </TextLine>
            <TextLine id="r2l21" custom="readingOrder {index:20;}">
                <Coords points="2246,1500 2482,1497 2521,1523 2560,1498 2745,1524 2808,1498 2922,1524 3011,1509 2978,1470 2909,1487 2763,1445 2672,1469 2620,1439 2541,1459 2472,1432 2374,1456 2248,1441"/>
                <Baseline points="2256,1490 2293,1488 2330,1487 2367,1485 2405,1485 2442,1485 2479,1487 2517,1487 2554,1488 2591,1490 2629,1491 2666,1493 2703,1496 2740,1498 2778,1500 2815,1503 2852,1505 2890,1506 2927,1508 2964,1509 3002,1511"/>
                <TextEquiv>
                    <Unicode>Diewisl söllichs mit bschech unnd</Unicode>
                </TextEquiv>
            </TextLine>
            <TextLine id="r2l22" custom="readingOrder {index:21;}">
                <Coords points="2253,1548 2308,1569 2379,1537 2453,1579 2493,1552 2561,1567 2614,1547 2669,1570 2725,1559 2770,1593 2873,1572 2898,1592 2953,1578 2956,1530 2810,1498 2751,1524 2609,1498 2520,1523 2256,1503"/>
                <Baseline points="2262,1535 2296,1536 2330,1538 2364,1539 2398,1540 2432,1542 2466,1544 2501,1545 2535,1547 2569,1549 2603,1551 2637,1553 2671,1555 2705,1557 2740,1560 2774,1563 2808,1565 2842,1568 2876,1569 2910,1574 2945,1575"/>
                <TextEquiv>
                    <Unicode>s noch iit uss sollich tauffts</Unicode>
                </TextEquiv>
            </TextLine>
            <TextLine id="r2l23" custom="readingOrder {index:22;}">
                <Coords points="2246,1600 2384,1616 2530,1595 2785,1644 2846,1616 2971,1641 2991,1637 2996,1543 2903,1590 2873,1572 2785,1595 2724,1560 2578,1544 2461,1576 2359,1542 2309,1567 2249,1549"/>
                <Baseline points="2255,1590 2291,1590 2327,1591 2364,1593 2400,1593 2436,1596 2473,1598 2509,1599 2545,1602 2582,1604 2618,1607 2654,1610 2691,1611 2727,1613 2763,1616 2800,1619 2836,1621 2872,1623 2909,1626 2945,1627 2982,1628"/>
                <TextEquiv>
                    <Unicode>haundlen in kkommen mog mun</Unicode>
                </TextEquiv>
            </TextLine>
            <TextLine id="r2l24" custom="readingOrder {index:23;}">
                <Coords points="2235,1646 2374,1647 2421,1675 2565,1646 2595,1671 3004,1702 3004,1627 2921,1653 2876,1620 2800,1647 2530,1595 2482,1618 2239,1594"/>
                <Baseline points="2244,1638 2281,1640 2319,1640 2356,1643 2394,1644 2432,1647 2469,1648 2507,1652 2545,1654 2582,1656 2620,1659 2658,1663 2695,1666 2733,1669 2771,1671 2808,1674 2846,1677 2884,1679 2921,1682 2959,1683 2997,1685"/>
                <TextEquiv>
                    <Unicode>sy den fünff jaren, mi zu des</Unicode>
                </TextEquiv>
            </TextLine>
            <TextLine id="r2l25" custom="readingOrder {index:24;}">
                <Coords points="2234,1718 2270,1727 2360,1685 2461,1735 2525,1706 2603,1745 2711,1710 2741,1733 2972,1749 2975,1709 2848,1681 2621,1685 2559,1644 2453,1677 2389,1645 2239,1652"/>
                <Baseline points="2244,1695 2280,1695 2316,1695 2352,1695 2388,1697 2424,1698 2460,1700 2496,1701 2532,1704 2568,1706 2604,1709 2640,1711 2676,1715 2712,1719 2748,1722 2784,1725 2820,1728 2856,1730 2892,1733 2928,1736 2964,1739"/>
                <TextEquiv>
                    <Unicode>sern nachtmal gange noch das</Unicode>
                </TextEquiv>
            </TextLine>
            <TextLine id="r2l26" custom="readingOrder {index:25;}">
                <Coords points="2239,1786 2301,1762 2397,1792 2504,1762 2579,1789 2623,1776 2667,1810 2762,1780 2846,1825 2957,1802 2959,1746 2775,1737 2709,1709 2601,1747 2559,1715 2520,1737 2368,1726 2338,1703 2243,1724"/>
                <Baseline points="2250,1754 2286,1754 2323,1755 2360,1757 2397,1758 2433,1759 2470,1760 2507,1762 2544,1764 2581,1766 2617,1767 2654,1770 2691,1772 2728,1775 2765,1778 2801,1782 2838,1785 2875,1789 2912,1794 2949,1797"/>
                <TextEquiv>
                    <Unicode>genoßen unnd iun sollich voal</Unicode>
                </TextEquiv>
            </TextLine>
            <TextLine id="r2l27" custom="readingOrder {index:26;}">
                <Coords points="2231,1821 2337,1816 2379,1848 2414,1821 2581,1831 2807,1879 2865,1851 2958,1867 2961,1815 2916,1799 2824,1821 2771,1780 2666,1810 2611,1774 2537,1797 2494,1764 2405,1791 2355,1768 2234,1779"/>
                <Baseline points="2240,1809 2275,1811 2310,1812 2346,1812 2381,1815 2417,1817 2452,1818 2488,1821 2523,1823 2559,1826 2594,1829 2629,1831 2665,1834 2700,1837 2736,1840 2771,1844 2807,1847 2842,1848 2878,1851 2913,1854 2949,1856"/>
                <TextEquiv>
                    <Unicode>miner g zu ordnung zu wider</Unicode>
                </TextEquiv>
            </TextLine>
            <TextLine id="r2l28" custom="readingOrder {index:27;}">
                <Coords points="2243,1897 2364,1878 2492,1914 2528,1885 2648,1918 2764,1896 2803,1936 2881,1913 2970,1930 2973,1883 2880,1884 2810,1854 2705,1866 2458,1825 2385,1846 2333,1818 2248,1826"/>
                <Baseline points="2253,1865 2288,1867 2324,1869 2359,1872 2395,1874 2430,1877 2466,1878 2501,1881 2537,1883 2572,1885 2608,1888 2643,1890 2679,1893 2714,1895 2750,1897 2785,1901 2821,1903 2856,1906 2892,1908 2927,1912 2963,1914"/>
                <TextEquiv>
                    <Unicode>glabt, des er wol er ehennen</Unicode>
                </TextEquiv>
            </TextLine>
            <TextLine id="r2l29" custom="readingOrder {index:28;}">
                <Coords points="2235,1923 2302,1950 2429,1930 2547,1979 2662,1950 2701,1986 2753,1968 2836,1993 2876,1969 2907,2000 2981,1987 2984,1949 2928,1920 2803,1935 2763,1894 2640,1922 2534,1891 2492,1913 2371,1883 2237,1896"/>
                <Baseline points="2244,1919 2280,1920 2316,1922 2353,1924 2389,1926 2426,1929 2462,1932 2498,1935 2535,1938 2571,1940 2608,1944 2644,1948 2680,1951 2717,1955 2753,1958 2790,1962 2826,1967 2862,1971 2899,1975 2935,1978 2972,1983"/>
                <TextEquiv>
                    <Unicode>mog des kilch gans halb aber siie</Unicode>
                </TextEquiv>
            </TextLine>
            <TextLine id="r2l30" custom="readingOrder {index:29;}">
                <Coords points="2223,2006 2326,1983 2354,2005 2449,1992 2530,2033 2600,2001 2688,2042 2723,2026 2918,2061 2924,1999 2878,1970 2835,1994 2705,1988 2673,1949 2545,1977 2470,1940 2365,1962 2230,1937"/>
                <Baseline points="2234,1974 2267,1976 2301,1979 2335,1981 2369,1985 2403,1987 2436,1990 2470,1993 2504,1996 2538,2000 2572,2003 2605,2006 2639,2010 2673,2013 2707,2016 2740,2021 2774,2024 2808,2029 2842,2033 2876,2037 2910,2042"/>
                <TextEquiv>
                    <Unicode>inn hitt dahar sschechen</Unicode>
                </TextEquiv>
            </TextLine>
            <TextLine id="r2l31" custom="readingOrder {index:30;}">
                <Coords points="2207,2029 2469,2073 2571,2062 2740,2123 2842,2079 2941,2110 2945,2070 2820,2033 2529,2034 2344,2006 2325,1983 2210,2001"/>
                <Baseline points="2216,2030 2251,2032 2287,2034 2323,2037 2359,2040 2395,2043 2431,2046 2467,2050 2503,2053 2539,2058 2575,2061 2610,2066 2646,2069 2682,2073 2718,2076 2754,2081 2790,2085 2826,2088 2862,2093 2898,2096 2934,2099"/>
                <TextEquiv>
                    <Unicode>und des willenn,das er so var</Unicode>
                </TextEquiv>
            </TextLine>
            <TextLine id="r2l32" custom="readingOrder {index:31;}">
                <Coords points="2222,2097 2250,2116 2444,2108 2602,2164 2659,2137 2767,2181 2853,2147 2956,2177 2964,2110 2851,2117 2828,2090 2738,2115 2574,2068 2227,2055"/>
                <Baseline points="2231,2091 2266,2093 2302,2095 2338,2097 2374,2101 2410,2104 2446,2108 2482,2112 2518,2116 2554,2121 2590,2125 2625,2129 2661,2135 2697,2138 2733,2144 2769,2147 2805,2151 2841,2155 2877,2159 2913,2163 2949,2165"/>
                <TextEquiv>
                    <Unicode>ùbel erkleyt gsin ✳ sunst hab</Unicode>
                </TextEquiv>
            </TextLine>
            <TextLine id="r2l33" custom="readingOrder {index:32;}">
                <Coords points="2234,2162 2352,2196 2388,2172 2515,2203 2568,2184 2691,2204 2730,2235 2824,2218 2872,2245 2922,2235 2929,2171 2870,2157 2757,2177 2652,2137 2602,2166 2454,2143 2416,2112 2239,2114"/>
                <Baseline points="2244,2145 2277,2149 2311,2153 2344,2156 2378,2161 2411,2165 2445,2169 2478,2173 2512,2176 2545,2180 2579,2185 2613,2188 2646,2192 2680,2196 2713,2201 2747,2205 2780,2208 2814,2213 2847,2216 2881,2220 2915,2223"/>
                <TextEquiv>
                    <Unicode>er sich allwaxe miner sn hrim</Unicode>
                </TextEquiv>
            </TextLine>
            <TextLine id="r2l34" custom="readingOrder {index:33;}">
                <Coords points="2236,2220 2318,2220 2383,2262 2535,2235 2612,2275 2665,2260 2920,2299 2926,2253 2871,2257 2825,2219 2773,2243 2571,2184 2379,2197 2243,2167"/>
                <Baseline points="2247,2207 2280,2210 2313,2214 2346,2219 2380,2223 2413,2228 2446,2231 2480,2236 2513,2239 2546,2243 2580,2248 2613,2251 2646,2257 2679,2261 2713,2265 2746,2269 2779,2273 2813,2277 2846,2281 2879,2286 2913,2291"/>
                <TextEquiv>
                    <Unicode>ordnung alls eruer tatftenn</Unicode>
                </TextEquiv>
            </TextLine>
            <TextLine id="r2l35" custom="readingOrder {index:34;}">
                <Coords points="2224,2271 2322,2282 2361,2319 2501,2302 2546,2329 2657,2322 2692,2353 2739,2324 2807,2338 2846,2377 2901,2357 2951,2378 2978,2278 2929,2305 2887,2280 2834,2298 2703,2270 2549,2279 2511,2253 2362,2254 2334,2226 2230,2220"/>
                <Baseline points="2232,2268 2268,2271 2304,2274 2340,2278 2377,2282 2413,2287 2449,2291 2486,2297 2522,2301 2558,2306 2595,2311 2631,2316 2667,2321 2703,2325 2740,2331 2776,2337 2812,2340 2849,2345 2885,2350 2921,2354 2958,2357"/>
                <TextEquiv>
                    <Unicode>oberfeytt, dero er sich tröster</Unicode>
                </TextEquiv>
            </TextLine>
            <TextLine id="r2l36" custom="readingOrder {index:35;}">
                <Coords points="2225,2350 2276,2362 2339,2332 2516,2361 2580,2403 2626,2376 2689,2384 2745,2436 2849,2409 2962,2435 2968,2390 2846,2376 2736,2324 2667,2352 2601,2315 2482,2329 2428,2295 2362,2320 2322,2281 2232,2301"/>
                <Baseline points="2237,2328 2272,2331 2308,2336 2344,2340 2380,2344 2416,2349 2452,2353 2488,2358 2524,2362 2560,2368 2596,2372 2631,2378 2667,2383 2703,2388 2739,2393 2775,2398 2811,2403 2847,2408 2883,2412 2919,2416 2955,2421"/>
                <TextEquiv>
                    <Unicode>ghallt, dann er sine feind, wie</Unicode>
                </TextEquiv>
            </TextLine>
            <TextLine id="r2l37" custom="readingOrder {index:36;}">
                <Coords points="2230,2387 2373,2426 2457,2419 2480,2448 2536,2430 2601,2462 2624,2448 2665,2479 2700,2460 2773,2507 2820,2484 2941,2507 2953,2433 2850,2408 2741,2435 2629,2375 2582,2403 2515,2360 2236,2349"/>
                <Baseline points="2241,2379 2275,2386 2310,2392 2344,2398 2379,2404 2414,2410 2448,2415 2483,2421 2518,2427 2552,2432 2587,2436 2622,2442 2656,2447 2691,2452 2726,2458 2760,2463 2795,2469 2830,2475 2864,2480 2899,2487 2934,2493"/>
                <TextEquiv>
                    <Unicode>ouch vonder hristennlach kouff</Unicode>
                </TextEquiv>
            </TextLine>
            <TextLine id="r2l38" custom="readingOrder {index:37;}">
                <Coords points="2206,2449 2308,2480 2461,2475 2518,2515 2553,2492 2632,2516 2672,2498 2724,2543 2909,2554 2938,2524 2818,2486 2784,2500 2753,2463 2665,2479 2641,2452 2602,2462 2535,2431 2480,2449 2458,2422 2391,2434 2262,2381 2214,2396"/>
                <Baseline points="2217,2436 2252,2441 2287,2446 2323,2452 2358,2457 2394,2463 2429,2468 2464,2474 2500,2480 2535,2486 2571,2492 2606,2498 2641,2504 2677,2509 2712,2516 2748,2522 2783,2527 2818,2534 2854,2539 2889,2544 2925,2549"/>
                <TextEquiv>
                    <Unicode>lassenn selbs innd. kilchene</Unicode>
                </TextEquiv>
            </TextLine>
            <TextLine id="r2l39" custom="readingOrder {index:38;} person {offset:0; length:4;}">
                <Coords points="2215,2506 2488,2547 2510,2572 2700,2571 2764,2618 2880,2609 2938,2649 2949,2586 2872,2546 2746,2553 2637,2511 2515,2515 2460,2477 2347,2485 2225,2448"/>
                <Baseline points="2226,2496 2261,2500 2297,2506 2332,2511 2368,2516 2403,2522 2439,2528 2474,2533 2510,2540 2545,2546 2581,2552 2616,2558 2652,2565 2687,2571 2723,2578 2758,2583 2794,2590 2829,2596 2865,2603 2900,2609 2936,2616"/>
                <TextEquiv>
                    <Unicode>ysin ✳ unnd inn ubrigenn sacheme</Unicode>
                </TextEquiv>
            </TextLine>
            <TextLine id="r2l40" custom="readingOrder {index:39;}">
                <Coords points="2205,2571 2255,2551 2355,2605 2460,2597 2483,2629 2722,2638 2879,2679 2901,2625 2822,2625 2799,2603 2763,2618 2612,2564 2511,2572 2491,2544 2419,2553 2381,2526 2352,2542 2216,2504"/>
                <Baseline points="2217,2549 2250,2553 2283,2558 2317,2564 2350,2570 2384,2577 2417,2582 2450,2588 2484,2595 2517,2601 2551,2607 2584,2614 2617,2620 2651,2627 2684,2632 2718,2638 2751,2643 2784,2649 2818,2654 2851,2658 2885,2663"/>
                <TextEquiv>
                    <Unicode>so man im feir forpuff od</Unicode>
                </TextEquiv>
            </TextLine>
            <TextLine id="r2l41" custom="readingOrder {index:40;}">
                <Coords points="2211,2618 2262,2641 2320,2619 2376,2662 2422,2641 2452,2680 2507,2661 2601,2675 2639,2719 2830,2714 2920,2754 2930,2693 2847,2666 2647,2630 2542,2641 2463,2599 2361,2605 2222,2555"/>
                <Baseline points="2222,2607 2256,2613 2291,2620 2326,2627 2360,2632 2395,2639 2430,2645 2464,2653 2499,2658 2534,2666 2569,2672 2603,2678 2638,2685 2673,2691 2707,2695 2742,2701 2777,2705 2811,2709 2846,2714 2881,2717 2916,2720"/>
                <TextEquiv>
                    <Unicode>usser priefft gott₎ ✳ sich alls ein</Unicode>
                </TextEquiv>
            </TextLine>
            <TextLine id="r2l42" custom="readingOrder {index:41;}">
                <Coords points="2202,2688 2417,2708 2495,2762 2574,2738 2724,2794 2825,2783 2923,2823 2952,2748 2856,2758 2717,2709 2648,2719 2599,2674 2449,2681 2430,2652 2375,2663 2320,2620 2270,2642 2215,2625"/>
                <Baseline points="2214,2672 2250,2675 2286,2680 2322,2685 2358,2691 2394,2697 2430,2704 2466,2712 2502,2720 2538,2728 2574,2735 2610,2744 2646,2751 2682,2759 2718,2766 2754,2773 2790,2779 2826,2785 2862,2790 2898,2795 2934,2798"/>
                <TextEquiv>
                    <Unicode>ghorsamer vstelle, deß er noch</Unicode>
                </TextEquiv>
            </TextLine>
            <TextLine id="r2l43" custom="readingOrder {index:42;}">
                <Coords points="2227,2740 2270,2733 2338,2746 2353,2763 2394,2758 2441,2802 2496,2818 2624,2790 2670,2808 2676,2775 2626,2770 2577,2739 2535,2751 2502,2725 2470,2748 2450,2723 2387,2702 2333,2719 2235,2694"/>
                <Baseline points="2237,2727 2262,2731 2287,2735 2312,2740 2337,2745 2362,2752 2387,2757 2412,2763 2437,2768 2463,2773 2488,2778 2513,2782 2538,2787 2563,2791 2588,2794 2613,2796 2638,2798 2664,2799"/>
                <TextEquiv>
                    <Unicode>sennet zeünd</Unicode>
                </TextEquiv>
            </TextLine>
            <TextLine id="r2l44" custom="readingOrder {index:43;}">
                <Coords points="2741,2837 2755,2834 2763,2843 2770,2839 2787,2847 2798,2842 2828,2858 2837,2853 2871,2887 2893,2872 2929,2887 2941,2823 2916,2822 2896,2800 2876,2793 2843,2796 2826,2784 2810,2793 2786,2785 2750,2788"/>
                <Baseline points="2750,2835 2779,2839 2808,2844 2837,2850 2866,2856 2895,2861 2924,2865"/>
                <TextEquiv>
                    <Unicode>und sich</Unicode>
                </TextEquiv>
            </TextLine>
            <TextLine id="r2l45" custom="readingOrder {index:44;} person {offset:0; length:9;}">
                <Coords points="2217,2815 2315,2803 2403,2826 2449,2875 2560,2851 2631,2896 2821,2906 2920,2942 2931,2890 2854,2888 2784,2840 2624,2841 2573,2799 2498,2816 2381,2758 2319,2769 2233,2741"/>
                <Baseline points="2232,2783 2266,2790 2300,2797 2334,2805 2368,2812 2403,2821 2437,2827 2471,2835 2505,2842 2539,2850 2574,2856 2608,2864 2642,2870 2676,2877 2710,2884 2745,2890 2779,2896 2813,2902 2847,2908 2881,2915 2916,2921"/>
                <TextEquiv>
                    <Unicode>ginal fri willig ergaben</Unicode>
                </TextEquiv>
            </TextLine>
            <TextEquiv>
                <Unicode>181
vatter uss din frgen priffft
täffisber vnnd sin mutter abe
An dannt dahenmen gwesen
für ein gmeind eter ✳ inn alls ein
faumtman anzunemmen, das imab
laßher nit pradten mag sundes
aus einem frombdem them ver¬
vff der allmend dulden wellen
da er aber ouch mit ehine erlad
vnnd dieselbenn Eestwwungen erhaltn
möge us sollich unnd anderen
nch er ursachenn, dann man im
jamasen zuprecht unnd unachter
z er sich des hind dacht ✳ so einen
zu des teimnachtman gan well
das er sich zuuor, mit senen wider¬
werttig setzenn ouch sich selbs ertinse
das i seinlichs iit unwürdigklich
Inner damnus empfacht deßwer
Diewisl söllichs mit bschech unnd
s noch iit uss sollich tauffts
haundlen in kkommen mog mun
sy den fünff jaren, mi zu des
sern nachtmal gange noch das
genoßen unnd iun sollich voal
miner g zu ordnung zu wider
glabt, des er wol er ehennen
mog des kilch gans halb aber siie
inn hitt dahar sschechen
und des willenn,das er so var
ùbel erkleyt gsin ✳ sunst hab
er sich allwaxe miner sn hrim
ordnung alls eruer tatftenn
oberfeytt, dero er sich tröster
ghallt, dann er sine feind, wie
ouch vonder hristennlach kouff
lassenn selbs innd. kilchene
ysin ✳ unnd inn ubrigenn sacheme
so man im feir forpuff od
usser priefft gott₎ ✳ sich alls ein
ghorsamer vstelle, deß er noch
sennet zeünd
und sich
ginal fri willig ergaben</Unicode>
            </TextEquiv>
        </TextRegion>
    </Page>
</PcGts>
