4160 3120
1318 265 2083 403 selig vnderweigen besegnett
1316 351 2103 483 unnd imme zugemutten, er solle
1321 397 2079 539 Imme fuisch zu smenn husettagn
1338 477 2056 594 dem er feantmurttrt, er
1328 548 2063 668 wölles söllichs prad thun, wie er
1319 613 2061 734 Inne ertwan den siner jugendn
1331 696 2055 810 ennerdienner sach so ubell ge
1340 758 2103 899 schlagen nun ein etei ußgstossen
1339 848 2131 974 gtte unnd inn söllichen beschyden
1340 917 2086 1043 fürgen₎. Unlang darnach uff
1330 996 2049 1109 der straaß, sige zu im khon
1333 1060 2071 1186 ein krepsman nempt sich Ulli
1342 1136 2101 1244 Malir von Buttisholtz ußlungen
1345 1193 2053 1318 piett, der vormals im kiep
1341 1281 2065 1388 stin gunst psell gewäsen, mitt
1347 1365 2073 1471 dem der ein maßs wyns getruncken
1335 1410 2084 1552 Da in dann demselben Ulli Male
1331 1503 2085 1618 ereltt, wie das Inne Schnemp¬
1362 1578 2104 1684 abgedachter Clauo Jürig solch
1342 1652 2058 1754 Inn seine jugend par übell per
1334 1725 2047 1838 schlagen, darumb er noch fürsaches
1340 1799 2089 1918 wäre sich an imme beëchen, hierim
1322 1886 2091 1982 dann deselb Maler imme Schnemeli
1326 1944 2058 2068 gegen Laug Fürin selichen huff
1334 2023 2039 2139 zuthund vnd zuschlachen zugsagt.
1335 2100 2080 2194 dewägen unnd diewyl er gwüße
1333 2160 2078 2266 ghen, das derselb Eluh Zürich stlch
1328 2234 2012 2333 domaln dahin khon unnd fürwey
1344 2295 2085 2390 müssen, uff den Benekeber pe¬
1326 2359 2055 2474 gangen, daselbst sich byde uff
1329 2430 2057 2535 einen stork vstez unnd gegen
1325 2486 2060 2591 dem abend zwo stnd lang biß an
1310 2552 2070 2673 ggvarlich zu den fünffen ✳ uff
1323 2631 2011 2746 mergenamptn Claus fürmen
1315 2695 2052 2799 sälix gewantten. Deß vorhabens
1814 2784 2081 2872 so er khonen
2280 332 3021 428 so erkhommen, wöllee er imme
2235 395 3021 500 sin imme inn sier jugend erzeyete
2249 446 2959 554 gmach unnd schleg, znrryben
2238 509 2988 619 unnd so er macht ze boden und zerod
2238 569 3003 692 schlachen. wie nun endtlich vil
2230 642 3004 755 gedachter Flaub Türing selig, sy
2238 715 3025 831 antroffen, habe er Schneiwli ime
2240 786 3009 905 söllichs fürghaltnen undr versagt, schlag
2239 858 3006 977 mich yech aber, hiemit den stacken
2242 920 3022 1048 so er getragt zu handen gefussen
2237 997 2997 1119 uber inn yngschlagn aelber furng
2243 1069 3001 1184 salix habe sich glych inn die fluchen
2237 1130 3007 1253 gäben unnd den kein uf einem
2229 1202 2976 1312 das er Ime Inne, sinem willen
2221 1273 2929 1378 nach mit gnugsam schlachen
2223 1318 2970 1441 wahen. Doch habe die obgenamen
2223 1390 2953 1517 Hanns Maler sin psell hiei
2219 1456 2878 1594 dhein handanleggug gerhe
2198 1645 2929 1795 Wyttms ist im fürghalttten
2216 1756 2907 1854 wie das er auch zu Biberstein
2235 1804 2951 1915 bekhennt, das er vff einander
2257 1870 2940 1996 yrtn uff Heini Kuffen von
2223 1960 2940 2061 aber Erlispach gewortten, unnd
2229 2028 2936 2129 mitt einem stein nach imme pr
2229 2078 2962 2207 worffen, aber mitt tröffen habe.
2226 2150 2869 2278 soll deßhalb hierüber nycher
2209 2219 2882 2339 lührng unnd bscheyden gäb
2202 2384 2974 2487 hiruff er fürgäben, als eronc
2207 2448 2980 2565 fuarlich vor 25 jaren noch ein
2203 2517 2931 2631 kleiner roß bub gsin, sy ime
2204 2585 2969 2724 müsin phan, dann ein gryssle
2183 2618 2999 2780 und besydes näben einer strafs
2193 2693 2832 2827 Ie selbs mit zuchte zue
