4160 3120
1106 81 1884 302 Ist ein man er ufzeign unnd
1120 180 1891 365 beyben genzlich by sollichs seiner
1147 274 1878 427 vergehen mitt bezig ✳ daser
1244 324 1872 491 uffsteiben und gnäßse
1197 404 1329 484 ille.
1224 697 1898 903 ff sumnstag den 9 19
1103 829 1922 971 Wintermonatts dis xv lxxi
1170 888 1900 1009 Jarb inn gägenwürttigkheytt
1169 942 1919 1095 der krommen, persamen unnd wysen
1173 1022 1902 1130 Herr Hanns Bickhartten herr
1164 1090 1927 1201 Petter Buchers, beydt der khätten
1166 1150 1894 1268 Hanns Mannels Großweybells
1171 1228 1915 1343 und der weyblen mener s herren
1154 1288 1403 1398 gmeinlich
1148 1444 1905 1584 hatt diser gägenwmttiger frauen
1125 1560 1905 1646 uber von Nagen unnder dem sitten
1144 1620 1862 1712 heunden inn Wallis vürttig zu
1152 1678 1887 1796 Marckhili, hienachvolgende grosse
1129 1757 1904 1861 unnd schwarer misshandlung behein
1133 1830 1492 1933 unnd verhäfen.
1148 1996 1906 2100 Erstlich das er hieuorzu faren
1121 2063 1886 2174 am land wallig uss einem husz
1128 2136 1740 2257 ein husruchmen tschopen
1128 2254 1886 2388 unnd zu Nayen inn sinen
1135 2333 1867 2478 grymett, aber us einem huss
1146 2410 1879 2523 ein gutt sampt einem jembdli
1143 2466 1878 2592 eintfrombdert unnd an sinem
1112 2543 1671 2669 Lyb verschlissen habe.
1622 2626 1873 2731 dnnne
1993 138 2810 319 Denne wyther verzächen. Allisdann
2032 231 2804 361 onquarlich vor zwoyen jaren, er
2011 296 2828 453 Franz Zuber sampt Roman zubern
2047 369 2789 494 inem bruder, ouch Hannsen zubern
2051 417 2844 547 iins vatters bruder zun als gewäßne
2022 508 2845 630 Murer mitt ein annderen gan lëügk
2020 586 2849 694 Bickell unnd wachzug zerychen ge¬
2022 650 2848 792 gangen, abind sy underwägen (leyder
2032 732 2753 879 eso böser anfechtung, berarschlafet
2016 807 2819 933 daselbst im pfynwald uff lüch zer
2027 875 2771 977 wartten vnndt zemurden. Vnnd
2022 950 2787 1083 also inn söllichem fürnämmen, habe
2023 1022 2805 1128 in bruder unnd vetter, inne franz
2022 1114 2812 1216 zur wacht oder hut verordnett, vnd
2031 1181 2827 1289 ettwan ein steinwurff vor inen
2027 1247 2829 1362 gestelltt, da wache zehallen, so ertwer
2006 1319 2798 1425 khomen, er uß einer gasellnuß, die
2007 1391 2792 1495 Im sin bruder darzu päben hatt
2021 1455 2759 1581 pfyffen sölle, wölches er uß dero
2018 1538 2791 1643 anwysung gethan, unnd als inn
2019 1600 2797 1723 gedachtem pfynwald uff selbigen
2009 1687 2798 1799 abend spaatt ein baüwe mitt einer
2003 1741 2798 1857 kägen dahür khommen, habe er franmen
2011 1824 2740 1930 gepfiffen unnd grufft Roman.
2001 1886 2794 2007 desselben wortt zeychens vnnd pfff
2032 1967 2765 2067 uns, die anderen bryd wargenommen
2031 2028 2759 2135 vff Eemelltten kreiner geachten
2020 2082 2774 2204 den Hinderrucks angriffen, mitt
2022 2153 2795 2270 einem mässer erstoffen unnd geiede
2028 2233 2805 2339 Darzwüsthen aber er franen an stinem
2023 2295 2800 2405 orff unnd uff der wacht still estanden
2019 2363 2801 2472 darnach habind sy denselben framen
2021 2438 2807 2537 ußzogen unnd vergraben, daruon
2005 2500 2764 2619 sy imme frantz allein einen hutt
2815 1820 2846 1888 6
2827 1361 2880 1427 s
