4160 3120
1167 203 1980 358 odem praesentibus herr Hanns
1186 257 1963 423 Anchoni Tilpiers her Hanns
1169 345 1966 494 Biekhartten bryde der rhätten
1207 433 2000 586 Vetter Wyßhaanens der Burpeen
1202 488 1988 672 Hanns Mannels Großwybels
1190 593 1855 750 Ist auch zu Marckzili
1308 703 1906 859 Hanns Guli der zimmer
1398 834 1706 927 man alhie
1163 878 1957 1069 Txammertt unnd imme fürge¬
1207 1014 1963 1110 hallten wie das minen g. here
1203 1056 1939 1186 ploublich fürkheinen unnd usse¬
1205 1121 1921 1249 farnng epentlich wol bericht
1200 1196 1918 1318 das er bubischen personen inn
1218 1268 1891 1398 seinem huss statt unnd platz
1217 1339 1915 1442 gäbt mitt Inen buse vnnd
1224 1409 1884 1535 prasse, vnnd nemlichen die
1221 1485 1863 1612 Madlen schwenderen sampt
1191 1563 1929 1646 Ensoll Cutorn, vnnd annder
1209 1634 1854 1731 meer, söll deßhalb anzesh
1203 1677 1944 1822 wie sich die sachen darumb wüsse
1204 1767 1915 1870 trage und mitt sinem gehaln
1203 1823 1925 1944 beschächen, zugetragen habend
1200 1887 1838 2005 vnnd welliche er also Inzogen
1207 1970 1953 2102 und villichen zusamen bepplen
1187 2118 1946 2243 vff seinlichs er geantwurttet
1184 2210 1939 2312 wi das er von waxen diser straup
1159 2271 1932 2360 Dering dun willen khomen
1158 2341 1957 2451 sin huss zuuerkhouffen. Welches
1163 2410 1958 2511 huß Imme die Madlen schwender
1163 2483 1925 2589 duch Eerenluth abheylsen lassen
1162 2549 1952 2652 dahin khomen, das huß Innalen
1157 2624 1923 2727 gemachen besichigen, volgends
1160 2688 1963 2793 mitt Iue sthe wedlen kabine
2742 121 2817 176 145
2096 140 2921 287 unnd der Kolcatzena ein abentune
2114 213 2918 365 gehen, dem nach hinwaß zopen
2108 291 2855 433 das si das erst maln, das die
2110 384 2777 497 wilen schwandern inn seuw
2761 452 2903 515 arnan
2096 468 2508 592 hus gsin.
2096 507 2944 661 habe er vernomen, das sy schwender
2086 598 2875 755 vff der Kantzlen verrufft vnd
2096 668 2877 809 rmnter des eushalb von Im
2095 777 2885 900 gheyen worden. Da habe er Ira
2079 864 2876 969 nit meer wollen feyl hain¬
2088 939 2928 1030 vnnd wie er mit Mielenskien
2083 1005 2885 1125 gartten ein maass won gtenck
2101 1079 2888 1205 lig die Madlen schwanderi zur
2082 1166 2904 1297 hür eiem khon und versprochen
2085 1268 2874 1353 es gillt mir auch, hiemn zu
2082 1320 2848 1449 Tisch ungelad₎n gsassen unnd
2088 1405 2880 1516 dem khonfft gredt, da er Ira die
2068 1483 2829 1606 frümen fürgeworffen, darff s
2095 1575 2901 1683 geentwungen der kharn ryber Jachi
2104 1640 2882 1757 sellhoffer, wurde den khouff In
2082 1726 2789 1824 Irem nauen thun etc. nach de
2081 1787 2819 1904 abendt tuck sige Nielimb
2073 1861 2818 1983 E herr sampt der Madl
2091 1916 2697 2054 zu husz hinnsz grug
2085 2005 2890 2126 den anderen cnntag danach sig
2095 2077 2852 2174 die schwanderi abermalt zu iuw
2079 2158 2855 2258 khomen vnd mit Ime vnd st
2087 2214 2881 2321 gehbfrouwen haben gassen, en
2095 2287 2856 2401 von der handlung des khauffs
2089 2365 2869 2466 fredt nach dem abend brott
2097 2437 2819 2537 sich er hiab Inn Hoff, mitt
2100 2511 2872 2621 zuhtn gmelden) den schwynen Je¬
2097 2574 2840 2686 issen gaben, da sye der
2068 2640 2839 2761 h Großsweybell Binzuschryber
