4160 3120
1128 97 1907 287 Aber vor einem fir, dem Jacob
1133 212 1923 363 Shwyteryßen ußs siner verchstett
1123 293 1899 444 ein nüwe Elchs ennrag, dieselb
1118 371 1907 495 einem landtman umb v. batzz
1109 424 1677 574 zekhouffen glassen.
1095 556 1904 707 Ittem dise verstheinen wunters
1107 648 1897 776 Hansten spani dem Mezger vor
1113 734 1930 851 nachts vor seinen pfenstern dannen
1098 798 1899 912 zwoy Hembdli unnd die einem
1107 882 1834 1002 metzger knacht umb vi batt
1110 944 1350 1035 gäben
1096 1049 1900 1181 Imme habe er des Wilhelm Packe
1111 1145 1915 1257 frouwen by hollinpen, die schweege
1117 1208 1874 1297 borketten, so er anweg unnd
1117 1265 1892 1385 domaln vor dem husgehangett
1109 1345 1880 1458 ime zeentlenen angsprochen, das
1135 1431 1896 1532 yaber nitt thun wollen, deßhalb
1119 1491 1866 1592 se gewarttet, bis sy hinweg
1114 1549 1890 1657 vnnd niemandes vorhanden gsin
1114 1622 1854 1730 vnnd also die Hocketten darnach
1093 1682 1889 1790 erwurscht vnnd darmitt danuon
1085 1761 1222 1848 zos
1076 1838 1880 1961 Denne so sege er ouch einest mitt
1095 1925 1866 2024 nuwe Tytteren, alhie Inn das
1092 1997 1857 2112 schlach huss zum tach hinm gstig
1084 2075 1863 2180 ouch stunst zwoy mal zwüsch
1073 2145 1877 2251 dem Nachtmal, do das schlachhuß
1083 2220 1895 2324 mit beschlossen gsin darin gang
1068 2290 1868 2396 ettliche Utterli unnd lauen
1081 2339 1859 2439 von den kinderen abgehouwen.
1094 2430 1847 2536 zeim gewagen unnd pässen
2036 206 2867 303 Item abermals alhie inn der metzen
2056 268 2896 388 inn zusachen vlerluthen dem Hann
2060 334 2819 460 Bottinger ussen sthuli dey dickpf
2060 400 2855 523 genomen, unnd deplychen pethan
2045 476 2861 600 als wöller ers für sinen domaln
2043 548 2870 674 gewäsenen meyster entleuen, wölche
2044 640 2870 749 aber nitt, sonnders er die selbs behalten
2039 712 2818 789 vnnd veruntruwen wollen die
2034 770 2836 884 habe er aber gesagtem nöttungen
2050 843 2855 961 augendes widerumbhin gaben müsfn
2006 987 2867 1111 Denne als hieuor imme sin vatte
2076 1078 2837 1163 achs fronen inn seckellgäben
2054 1142 2845 1258 vnnd ußgeschickt ettwas bekhouffen
2042 1215 2816 1321 habe ir das palln verthan, mitt
2032 1257 2864 1381 koufft ✳ vnnd darumb dem vatter
2041 1366 2805 1451 mitt meer begegnen wöllen
2046 1405 2271 1519 dörffen
1983 1515 2834 1672 Denne anguarlich vor acht wurhen
2041 1614 2820 1732 uff nachts uss Hanns Endolff
2021 1686 2836 1787 Bechtoldis huss im graben alhie
2039 1743 2803 1861 zwoy fäl gestolen ✳ unnd beyde
2037 1827 2832 1962 einem schumacher umb vi batz
2023 1890 2526 2012 khoufflich hingabn
2019 1986 2855 2154 bnlang darnach abermalg inn gedachs
1983 2100 2773 2212 Berchtoldig hus geschlichen, darin
2019 2163 2833 2290 aber zwoy fal erwutschen doch vom
2020 2225 2831 2359 Bnacht erhortt, ergriffen, vnnd die
2013 2291 2607 2410 fäl also abgezaßn worden.
2007 2401 2833 2515 Denne das sembdli so mantrag
2028 2472 2793 2568 habe er Zur Im Zumer, Jacob
2007 2528 2837 2626 Källern dem wäber an der Brenng
2024 2601 2377 2728 gaspen gestolen
