4160 3120
1137 110 1993 272 Bartes wuchen laug verlorn, darnach
1123 180 2024 343 zu ersag mnnder einer teürpellen schryn
1108 255 1999 392 funden, unnd erkhennt, den hietten
1130 332 1976 467 darub angedt, die ime bescheydt
1130 396 1969 520 getbt were söllich schwyn, ghotte mit
1127 459 1968 605 minder sin hut, vnnd wüßer mit
1141 556 1979 659 rannen har es khomen wow, darmmb
1139 626 1972 755 r Wallei dasselbig widerumb heim,
1120 696 1928 818 gerben. Unlauc darnach six
1122 776 1948 898 Hanns Schnyder sälig heim zu stien
1139 845 1951 969 Huß khomen, dasselbig besichtigen
1147 915 1955 1039 unnd prede, so dasselb ein zesehen
1136 988 1958 1114 nach dem er die anderen sine schreyn
1131 1037 1969 1162 gezechnet hatte, wurde er verenne
1161 1141 1894 1231 das es das sein, aber es ware mit
1151 1200 1287 1275 das
1289 1211 1877 1319 in. darnach habe er
1161 1271 1957 1397 wöllen dasselbig seinem schwager über
1148 1327 1945 1464 das wasser verkhonfft, vnnd deß¬
1151 1408 1941 1534 halb hierin vnd andrrn sache ver¬
1154 1483 1925 1602 gehalten wie hieob erkhent) nützu
1331 1570 1912 1674 chandlen, pitter ich in
1141 1622 1187 1717 9
1353 1628 1878 1745 gantz frùngenlich umb
1378 1700 1919 1792 ychi vier gnad wolle
1162 1746 1203 1825 e
1304 1764 1880 1859 sachen sine kleinen enerzehns
1296 1840 1863 1936 vnd das Ine grosse arm
1133 1894 1888 1999 zu sollichen leden fäler genötig
1137 1952 1922 2056 haben, vnd Ie vetteliche gned be¬
1146 2027 1226 2100 1yß
1119 2057 1920 2184 ist einest mitt dem fleinsten und
1126 2155 1913 2261 75 lbrs stein danzu gebunden ufzogen worden
1128 2280 1905 2379 uff donsten dem 8t novembris 1571.
1101 2357 1902 2453 Jar ist gedachter Mieli Willti mitt
1103 2417 1847 2512 dem byer ußmine s hernn
1097 2496 1770 2583 anden vnd gegietten verrisee
2830 118 2914 217 16
2835 193 2949 291 Ist
2119 193 2819 387 Dodim praesentibus obstadt
2470 325 2599 413 ouch
2206 456 2814 597 Blung salmiper alhie
2403 541 2606 621 vierttich
2114 659 2880 769 zu Marckzili Wytther exammer un
2085 719 2954 849 fürgehallten worden, Namlich das nun
2107 800 2904 908 g Heren an er uff gestergem tag
2105 869 2928 985 vff fürgebrachte anclapt, gethane ant¬
2102 948 2933 1054 müettung nitt khommen mögende, dann
2087 1017 2867 1108 Ir gnad Gretter berecht, Erstlich
2098 1065 2882 1190 das sy drem Eeman auchan habe
2096 1151 2881 1261 das er Ira anheupigstin mussen nac
2097 1213 2899 1317 erlaugter Schidigenen zum andern
2097 1287 2834 1401 das sy auch, das gall der müllen
2093 1324 2887 1475 Uspin küller zum theyl vrnntrüwet
2107 1442 2898 1535 vnnd darnach denselben Iren Lemen
2096 1491 2885 1596 ouch dahin beredt, vnnd berott, das
2102 1562 2881 1677 er enh dahin paup unnd das vbris
2090 1628 2863 1734 gestolen. unnd zum dritten das
2082 1702 2823 1793 sy ouch alhie Inn de Statt, mit
2088 1773 2814 1896 allein irem vatter, sonnder a
2069 1830 2817 1956 anderlüchen, ir haab Husrach en
2083 1876 2887 2018 issige spyß, somt sy dessen ankhommen
2075 1972 2870 2076 möcen verstolen habe, solle deß
2076 2018 2884 2154 halb Ire begangne fäler bekhennen
2075 2081 2811 2217 vnnd der gnaden errartten, die sy
2065 2142 2871 2273 verhofflich zuerlangen sien woden
2069 2214 2768 2354 woneet se die weerkeyt anzut
2063 2275 2260 2388 werde, I
2054 2363 2810 2523 uffseinlichs sy anzug, wie das
2063 2494 2834 2591 vmeller Ir Reman, zu Bama by
2067 2543 2821 2647 der müllen erwen 14 tag laug
2066 2619 2830 2702 gerapwenen, die Inne aber sines ver
2046 2673 2858 2794 dienten Tydloens mit fürdelich begellen
