4160 3120
1074 162 1883 264 Denne aber verchuinens wuntter
1098 215 1882 327 Inn einem huß, do er uber necht
1119 285 1886 382 gsin, im obeaden uss einem
1126 341 1857 447 derkelln, so vff der hinlichen
1119 415 1883 509 glägen und ernz sampt eine
1123 465 1868 574 Hembdli grnommen unnd us dem
1122 546 1847 639 Bembdli by einem veren brächt
1125 588 1608 702 is batzen gelößen.
1119 720 1907 863 Denne vor vier heren Jacob Voglen
1135 817 1844 914 dem allten aman zu Thun uß
1152 877 1865 991 einer stuben ein par wyß sydie
1141 943 1875 1061 Josten Bundell, vnnd dieselbs
1216 1020 1379 1128 chlissen
1190 1140 1906 1241 denm aber diss sumers Stoffell
1135 1209 1871 1306 Schillnknacht dem Haffmpiesser
1142 1272 1791 1364 alhie ein par zwilchin hossen
1153 1335 1899 1433 er antrete, ab der staupt vorden
1127 1356 1851 1501 ammen pfenstern genommen
1111 1501 1871 1623 Denne vor zwören dann im Bach
1140 1582 1853 1686 sy Obescheeli ein wys hußmhin
1140 1651 1834 1744 wüllen sembd uss einem obesad
1147 1706 1869 1817 gestolen unnd an imme verschlissen.
1099 1795 1891 1910 Dene zu Rydowr im würes
1128 1880 1853 1978 inss zum Lam obenhalb der stub
1144 1945 1825 2051 tur ein batzen funden und
1140 2023 1527 2105 alda verzert
1120 2091 1860 2176 Denne dem murtt zu Cappelln
1125 2165 1829 2287 fünff fünffer ab dem buffn
1071 2280 1879 2411 Denne Inn des predicant nachfure
1116 2379 1829 2462 hnst zu Mullenber, der inne
1125 2435 1802 2535 fs zu dienst des predican
1104 2492 1866 2606 iherbeichen us einem Büchfli
1096 2588 1639 2667 Virrutzer vermitruwen
1617 2669 1852 2765 Dnnnt
1998 160 2849 283 Denne Michell Rentschen zu Belnac
2006 241 2833 363 ußs einer suhr eit yserinn werf
2002 306 2807 414 den in murtken umb und entzer
1994 379 2239 496 verkhaufft
1989 496 2822 601 Denne Gatt dehern dem metzse
2018 550 2795 670 alhie ✳ uss₎ sinem huss im ganp
2027 629 2846 727 eben sy der kameren ein hembdt
2010 693 2674 804 danis ii batz gelosn
1986 810 2819 906 Denne Vetter Taapen, allewyl ir
2031 888 2832 991 noch und der meizte zehuts gsin
2031 915 2880 1055 ein lidern grsaß, dasselb eine
2014 1009 2804 1108 frombden handtwerks ssollen
2026 1076 2814 1182 umb i batzen zekhouffen flass
1983 1177 2801 1303 Denne hur inn der srnd dem
2019 1261 2838 1369 Benndiche Buphispen zu Külla
2024 1320 2826 1412 wyl ein zembdli) das eine
2025 1381 2862 1505 dienstknächen umb mi bach
2025 1458 2413 1559 ze khauffen gaben
2007 1549 2822 1698 Blycher wys Hannsen Buppister
2019 1639 2793 1751 zu Endlishere an ein hembdlc
2037 1710 2796 1834 einen daruß ein dickenpf
2036 1777 2217 1856 glößen.
2052 1876 2811 2000 Denne den petzigen husfrouwen
2016 1941 2823 2079 zur mesprn ein kölsche küßzeich
2026 2020 2830 2157 ab der Louben, dieselb vmb. f. bei
2013 2086 2345 2197 verschonfft.
1965 2166 2800 2286 Denne zu inderlargen, uss einem
2022 2252 2775 2347 näbend saden ein goott Damaßin
2022 2315 2784 2414 wanstele sampt einem wyssen par
2015 2373 2784 2480 gekërdenter hosen gestolen, das
1999 2456 2784 2535 wam sell im Luvener siett umb
2010 2502 2817 2618 i diekpf verkhaufft, die hosen
2006 2568 2823 2672 alhie lassen sranz gerben die getag
2007 2636 2607 2746 unnd an im selbs verschlis
