4160 3120
1188 144 1901 358 Iff awnendegen
1163 250 1270 329 tax
1268 274 1900 399 vonembris 1571 jar
1138 308 1914 477 in sagenwürttig kheyt h hin
1119 381 1884 548 fedmmngers deß vdicent hrr
1162 462 1906 611 Hans Gickhart deß ehrs hans
1221 544 1889 690 annels Großwybels e hat
1325 671 1821 815 Anna vorer vom
1405 770 1713 869 hapstettenn
1148 834 1862 982 a Marckzili uff gemanste
1092 918 1886 1046 zu anhalten und befrafen nachtol
1169 981 1872 1115 de psonen ires widertouffer¬
1300 1046 1870 1165 gloubens halb angeben
1112 1188 1902 1355 Nmlich das nach dem sy hienon
1094 1256 1847 1388 von sollichen ires irtumbs wäy
1074 1353 1885 1472 behendiget domaln den widrruff
1092 1401 1884 1521 vnd miner g. Iu Eeformation ze
1091 1482 1855 1577 gläb und zephorsamen mir füs
1071 1503 1886 1645 an Eydes statt versprochen Aber syd,
1089 1601 1863 1712 her deß unangestchen sich wythter
1089 1667 1830 1783 besuehung der widtöuffeischen
1083 1731 1843 1835 gemeind getrucht Als winlich
1079 1782 1850 1897 zur diß pschumens wigens im
1047 1847 1839 1946 echiwel, in einem wald an
1065 1921 1829 2017 einer gwind esen, do Ueeli zeit
1057 1976 1821 2079 glirt vnd sunst noch ein Junger
1079 2044 1881 2140 man glet, deselb jung heiss Hans
1097 2099 1877 2196 ein düchli waber im bswyl
1082 2157 1825 2252 dahenmen hab alda huß und hoff
1100 2224 1858 2311 b und khind an selbige gmeind
1067 2284 1869 2397 sich esin amn Melchiora ein tauw
1056 2343 1811 2451 wei, welche sy Anni Forer dah
1060 2403 1832 2513 gladt vnd brufft habe, Item einer
1058 2461 1868 2587 heist Hans Murer sig ussen behing
1050 2533 1834 2630 vnd ouch marta des Hans felwxen
1042 2561 1808 2689 din eygmyl frouw mir deren
1025 2633 1803 2763 gedacht hede vnd dander jung bersr
1992 170 2823 307 heim in er huß gangen, da sy dies
1991 238 2806 358 rachtens vornaht bliben und habe
1993 286 2829 416 dergedacht Eede, mertheyls sin zuzue
1991 370 2777 483 und hinderschlupff di exgwwyl
1984 422 2831 547 an derselbet gmeind, hatt sedo das
1984 486 2806 612 nachtmal ußtheilt, das sy ouch von
1973 565 2524 667 im empfangen habend
2176 684 2251 764 hür
1974 701 2822 819 darnach im höüwet sic sy abr
1986 793 2803 888 mals an einer gewind gsin, die am
1975 853 2831 946 buch holl erg mi wyt vom sleg
1974 911 2771 1011 wag zim bad ghalten worden, da
1962 981 2825 1088 habe abermals gleit der vorgedacht hede
1975 1054 2809 1153 und in der persambung gsin haus
1983 1135 2550 1225 murer obgenampt, e
2570 1145 2817 1196 vrengein
1974 1182 2756 1287 meitli Chriftina ein frouw und
1956 1248 2776 1358 Ann Bünpfrich sigind alle am buch
1963 1335 2409 1409 holtteg daheien
2427 1328 2733 1425 die sy doch
1965 1376 2775 1499 wyth nit bekhenne, nih ands mi
1950 1466 2748 1562 diem zunamen angeben khönne
1962 1528 2793 1632 vnd ouch habe yn sonst khein anderen
1951 1574 2760 1700 khenr nctimen khend dren
1977 1653 2809 1779 so damaln im der gnennd gugwartig
1979 1733 2079 1832 gstn
1989 1869 2788 2008 Hienäben hat sich gedachte nn
1956 1955 2791 2079 porer gentzlich bepäben ✳ und erpott
1956 2010 2821 2146 firthin udar miner g haren chrsst
1977 2087 2728 2182 eiliche eformation zegeläben,
1973 2151 2769 2263 und darin zebeharren biß an
1973 2215 2746 2326 er knde sait hochtr und ernst
1971 2270 2749 2361 lichr gott an nich min g heren
1962 2324 2749 2452 langende jra dis er begangne
1970 2392 2781 2502 fäler vnd vbertrattung Ires hienon
1971 2482 2793 2592 gethanen gelobens gnädigklich Zeue
1983 2539 2133 2624 sychen
1969 2627 2065 2708 Ist
2064 2624 2750 2713 getumket worden, vnd hat
1987 2687 2825 2782 nit wyters bekhennen, noch schuldige
1968 2733 2655 2827 der seckt der gäben wöllen
