4160 3120
1308 306 2104 438 Zorn ußgossen, Aber er wew darb
1324 374 2079 484 nitt gesumet gsin sollichs juns
1744 435 2109 541 unches bedecht
1329 443 1671 551 wech zebeine
1321 505 2054 604 den predicante hierduch ettlichen
1315 557 2069 705 estalte zuerschrken. Wolche
1422 644 2073 761 Inno morndes ußgossen he
1346 719 2041 832 ir übell beruwen, vnd dch
1351 794 1838 926 ven genz lydig syr
1312 948 2032 1090 Denne wycher bekhenn, das er
1352 1042 2061 1165 vffn ein hyrt des Jung Mer¬
1363 1106 2071 1230 botts fromeen, die ettwan stuhe
1361 1183 2079 1285 Jar laug mit by Ire man huß¬
1363 1260 2059 1377 gehalten, sonders im etomen liben
1350 1319 2032 1439 umbher vlüffen, ein krri gäben
1364 1387 2060 1511 das sy ein zichten guelden) mit
1355 1477 1920 1574 imme sinen willen geben
1368 1540 2048 1651 wöllte. Als aber er vff geschickte
1361 1611 2048 1725 zött dasselb an sy  begänt
1359 1695 2049 1810 hab sy es imme gentzlich abgeschleg
1352 1744 2037 1859 unnd mit thu wöllen deße
1346 1828 2059 1951 halb er sya by der huben ergriffn
1339 1900 2037 2012 vnnd ghandlett, vnd venet
1335 1981 2057 2088 dardurch sin gulle widerbze¬
1349 2049 2040 2166 überschören sis an des habe
1392 2139 2064 2245 mi mit Im fhendlen
1337 2256 2043 2401 Ist ein mal für ufzog
1337 2449 2033 2578 Vff denstag dem 27. dermmbes
1330 2524 2039 2629 Am 157 jar ist gedachtes
1326 2585 2039 2707 Jabey uff ein gemein ersech ud
1326 2667 2047 2771 abwag alles erstens diser siner gefangen
1330 2751 2012 2862 schafft halb ufglüffen, uß gelassen
2924 344 3004 411 48
2257 348 3018 490 Jodem prosemitus obstadt
2344 443 2563 563 Ist auf
2360 546 2995 678 Cristan Schwantzentrüber
2445 632 2728 735 von Trub.
2212 740 2970 860 zu Marckzili, mitt angehalltner
2219 830 2964 921 Martter examinier unnd im
2197 889 2968 1019 fürgehallen worden. Erstlich als
2217 947 2983 1086 dann er hienor uff zwöy mal
2212 1028 2975 1155 alhie zu Bei, von siner mißhindt
2210 1109 2998 1231 lungen wëgn din psempting kheind
2204 1177 2952 1289 Da Jure Ende mal inn ledich
2210 1244 2973 1369 lassung, ey geschwornem Eydt
2190 1317 2949 1446 Engebundt vn das ir sich des
2200 1374 2954 1501 zware nädens, auch allerwiets
2210 1458 2933 1584 Hüstren unnd taffenen müssige
2213 1530 2968 1638 solle, ess er aber unprach
2216 1603 2940 1708 sich bißhar füran unnd vilmaln
2199 1680 2944 1789 gebruchen, dardurch ein sr herr
2149 1733 2931 1876 als sin nareurliche oberthutt hochlich
2206 1808 2939 1937 gerachten und meynrydien worden.
2201 1874 2929 1996 soll deßhalb anzigenn, was
2175 1941 2928 2091 inne sölliche lichenrigkhytt
2174 2028 2748 2163 zu uben bewege habe.
2180 2132 2969 2307 vff seinlichs er grantwurtten
2179 2258 2939 2403 das nach eines vatters sälix
2178 2326 2970 2490 tod, Inne, mit suen eylggnos
2180 2410 2913 2517 vnd ade litsen, mit der
2174 2461 2978 2587 er zuhnen vnd zehandlen vel
2162 2515 2948 2671 geschäffte angefallen, vnnd sein
2186 2620 3000 2747 guss und wene wych von dem luchen
2163 2693 2958 2823 sie, alßo das er mitt mahe higes
2150 2767 2920 2920 halb fuürkhen, dann dazs in sich Im
