4160 3120
1210 158 2007 288 Denne zzu Solochurn yetz an zrm
1201 243 1944 349 maritt, einem kannendiesser vor
1205 309 1981 449 iem Laden, ein halbmassig
1203 375 2014 525 zumme fläschen guon, die zu Bug
1233 456 1959 575 vff dem Lanntenpiesser, vmb
1212 556 1268 597 vn
1550 525 1905 641 eschoufft.
1185 642 1990 788 Denne kutzlich hieuor zu poffig
1205 736 1986 854 Im wurb hunsy zun schlüssell
1203 821 1984 914 da er vbernacht gsin, ein zumine
1219 884 1939 989 orlechte schüsslen vß der Stuben
1218 943 2006 1055 eifrombden unnd zu solohnen
1381 1019 1998 1144 und erniser vrkhönfflich hegab
1216 1164 1991 1279 Denne aber ein ysenen wegen ab einem
1244 1238 1951 1351 ffen mürli us einem hufs zu
1269 1301 1974 1408 zäverkhimpe gstolen, den einem
1242 1358 1958 1486 schmid zu Elochuen vmb. V.
1319 1468 1416 1543 ge
1422 1444 1796 1557 verkhafft.
1220 1618 1960 1739 Denne vor Zwägen Jaren Aatmann
1264 1706 1995 1804 Eglin zu Kreygen ✳ uss einem seinen
1269 1748 1956 1860 staal ein spann ketten unnd ein
1259 1821 1982 1924 Alchs entregen die ketti dem elmann
1271 1896 1959 1987 zworb umb i dickphr unnd zwo
1266 1957 1985 2045 Vrn, vnnd die achs einem landt
1267 2014 1970 2132 man umb 8 ß ze khouffen gaben
1200 2112 1993 2229 Denne zu oberwanpen dem peren
1782 2199 1810 2233 1
1254 2204 1983 2303 vnnder Tachfen Huse, aber yslnen
1254 2265 1958 2379 weggen unnder einem schafft uß
1247 2330 1909 2441 der buchi gnon, dan s von
1227 2402 2009 2513 einem landtman un ß gloßn
2095 80 2925 291 Denne vrgangens frülings unnder den
2110 164 2933 342 Beneren Lauben alhie dem Bilgian
2092 230 2910 416 Boumparrter ein schwarzz par hoßen
2110 286 2954 459 vor den pfensteren ab einer stanp nachts
2119 344 2978 527 entfrönbden, vnnd dem venner Abische
2113 443 2840 605 umb 1 lb ze khouffen glassn
2093 595 2900 751 Denne plycher gstellen dise herpsts
2130 679 2958 812 dem Hanns Wyßhaanen vor den pfenster
2124 768 2876 870 denner ein schwarz verhoßen
2121 817 2968 949 groben, dasselbig inn der Semgin
2129 903 2938 1024 hiess aim daren graben zebehalltn
2108 984 2854 1101 gäben, do es noch wehenden sy0.
2079 1134 2881 1282 Deme nach nechstuersheinen haßg¬
2123 1231 2918 1334 nachten, dem e Elspling uff am
2117 1308 2900 1395 obenthalb Balm ein elchs, so im
2233 1355 2428 1399 an de wan
2125 1376 2927 1474 gußrang, erstecket, guon, die einen
2119 1441 2891 1545 ihuren von Mulern umb 1x s
2094 1506 2383 1636 Verkhaufft
2088 1663 2867 1784 Demie ouch umb dasselbig zytt
2121 1756 2857 1843 dem Gryser zur kannen, als er
2119 1807 2915 1912 alda behebrigen worde ein hembdl
2117 1875 2819 1981 0s obexaden guon das mir
2128 1949 2895 2048 Zwyler kächen alhie umb m batt
2126 2024 2452 2125 zekhouffen gaben
2088 2144 2928 2254 Denne vor deyen Jann. Hanns
2113 2234 2916 2340 Einndelmn alhie zum wyssen fe
2142 2293 2913 2403 ein kölsche küßziechen, murd hiag
2134 2358 2991 2465 Hembdli ab der laub gstolen.
2123 2411 2898 2532 die Ksziechn Ime die Glinzina
2126 2485 2921 2571 mub S. bat vnnd das ein hembt
2123 2540 2898 2652 umb j guldi und des ander umb
2119 2609 2804 2733 ur Barzen verkhoufft
