4160 3120
1283 258 2085 424 worden, hatte er sich laug darnach
1283 338 2060 467 zu eine genenen matzen gelegt
1296 410 2041 527 die dem fürgear und in
1298 466 2063 609 zu der ee angsprochen wollighe
1334 556 2059 681 ee, diewyl in Ira mhtt me¬
1283 620 2056 754 Suss mit erstan wollen, dab
1317 720 2059 822 y von Chorpricht zu Euben
1459 804 2016 903 vnd derselben magen ein
1274 855 2023 986 Grieff vordt, das syalher fir
1296 919 2019 1064 Cherprihn gesollen, da heite
1305 1015 2037 1123 aber Inn dir Voge dhen tag
1463 1088 2036 1210 , vnd dieselb sin mey
1296 1147 2032 1271 der sich 2 wycher achpfirs
1291 1215 2052 1359 sondes dem hendell erstiten lassen
1290 1286 2052 1445 darnach vei Im Cuner habe
1307 1382 2048 1508 er In Riedbad gebadet, da¬
1305 1464 2046 1574 selbs aber ein gmeine Tienen
1293 1539 2046 1654 Ine gewachsen, das er ira uß
1289 1603 2018 1728 Eorhafften  die Er zu¬
1278 1686 2050 1806 gesagt, vydauff ein nach
1284 1754 2013 1874 beschlaffen, Worndes aber habe
1278 1831 1994 1947 die selb Ime verlassen, von Ime
1281 1891 2022 2023 gluffen, das er dieselb stucher
1288 1982 2046 2095 mit wer gesichen habe. Souil
1298 2033 2027 2155 unnd wychers mitt air wyber
1287 2111 2048 2232 gehandlet. Pitten uc in y
1301 2178 2047 2303 herrn gnng tuleich eiren gied
1282 2263 2026 2373 wölle ime by vorigen byd belybn
1266 2326 2007 2439 lassen, so wölle er den furshin
1287 2392 2040 2508 n wer überwätten, sonders i diße
1289 2462 2029 2577 vnd allen odern sichen Berlichhol
1283 2532 1517 2602 vnd trag
1231 2597 2035 2704 Ist erstlech läs zum anderen mit
1270 2651 2038 2753 Den 70. ocembris und zu drittennel
1268 2704 2003 2811 mit dem Kleinsten stun danzu geben
1261 2770 2011 2884 ufgezogn wadt und blybt geglich
1259 2835 1881 2950 by hieob gschickter pyich
2258 431 2962 580 uff donstag dem 1 tag de¬
2235 553 2950 641 embes dm 1572. jar inn
2223 592 2972 731 gägenwürttigkeytt herr Cisper
2237 662 2956 784 Wyßhaanens, des Ehatts, Hanns
2225 738 2948 848 Schutzen der Bungeren Hanns
2214 800 2949 960 Mannels, Großwybells. E. Ist
2293 979 2851 1145 Wenndell Schnemeli
2385 1072 2709 1183 von Küttingen
2192 1147 2896 1298 bermals zu Marckeili vynli
2215 1234 2909 1367 befiegt unnd ihmme fürgehalten
2207 1306 2914 1420 worden. Wie das nun e herrn
2216 1368 2955 1502 an sein pestern gethane vergicht und
2216 1452 2918 1550 widerüffung hievor zu Biberi
2226 1519 2896 1632 ein gegabner ehanntnng nitt
2202 1584 2917 1698 khomen wöllend. Dann wol
2195 1663 2916 1770 zurachten, das er seimlichs wie
2197 1730 2962 1846 ers vormalss anpäben verhandlen
2171 1796 3015 1921 vnnd uff den Clans Kunß
2182 1857 2950 1963 saugn am Benekerberg gewertten
2180 1939 2919 2043 zemunden undestandn habe.
2190 1993 2927 2132 sölle deßhalb die warcheytt be-
2172 2069 2705 2213 khamen und anzeye
2155 2191 2906 2374 Vff seinliche er nach langem ein
2162 2328 2889 2457 manen und synlichen anhalltte
2164 2386 2957 2502 e entlich brkhentlich worden, Das
2157 2436 2966 2587 es sich vff hervsthytt, ongwarlich
2157 2504 2917 2650 we deitthalben, dar begäben
2145 2569 2858 2724 alls er Echnempli am morten
2169 2663 2948 2794 von Clanouw mitt Eplin fisch
2155 2703 2945 2869 khommen, das imme klaub Hänil
