4160 3120
1055 153 1919 287 Amme zu oberwanffen dem pien
1102 240 1924 370 unnder tachsen suss, aber eit ystir
1095 312 1887 439 wepgen under einem schafft uß
1086 376 1908 485 der kuchi guon, daruf von eine
1095 450 1833 558 landtman un ß glöß
1095 570 1853 693 Denne aber gerangnen fruling
1098 665 1874 754 alhie vnnder de Geweren haub
1108 715 1878 830 ein schwantz par hosen, dem Gilpian
1081 790 1872 906 Bonmgeitteri vor den pfensten
1101 858 1895 954 ob einer stang nachts sentfrömbde
1083 922 1820 1037 unnd umb ii lb verthonfft
1089 1062 1851 1167 Denne glycher wyß diß herrsts
1131 1125 1893 1231 dem Hanns Fryshaanen vor dee
1135 1182 1847 1307 Pfennsteren dannen, ein schwartz
1124 1270 1849 1365 Parhosen geroubett, vnnd die
1119 1336 1868 1432 an ein ortt ze behaltten gäben.
1095 1451 1913 1569 Denne flych nach nechst verschinnen
1090 1519 1892 1644 fasnache dem kisling uff bey
1114 1601 1863 1700 obenhalb Balm ein elchs, so im
1110 1668 1889 1769 gnstegang inn der wand grstäcken
1098 1740 1864 1833 gnomen, die einem Landtman
1111 1795 1852 1912 von Multen umb 1x s. ze¬
1122 1878 1619 1993 schauffen glassen.
1115 1997 1867 2094 Denne auch umb dasselbig zytt
1127 2061 1868 2170 dem Gepffer zur tannen, alse
1111 2125 1826 2241 alda behebagen worden ein
1105 2174 1849 2307 Hambdli ussen obergaden gnon, das
1110 2252 1834 2368 einem Ziegler Knacht alhie umb
1109 2339 1812 2450 ii batzen ze khouffen gëben
1103 2430 1823 2544 Denne vor deyen Jaren Hanns
1099 2485 1861 2614 Bundelin alhie zum wyssen frün
1642 2562 1851 2645 und zwoy
1106 2562 1625 2688 ein kölsche küßziehen,
1663 2627 1854 2733 Hembdli
2020 141 2836 279 Hembdli aber der lauben grstolen
2025 221 2834 353 die kußziechen umb v. ban, das
2036 251 2846 423 ein hembdli umb j guldi wund
2029 351 2782 469 das ander umb un batzen durc
2026 417 2709 547 ein frouwen verkhoufften las
1994 519 2860 668 Denne Kurhich hievor. N. Hubler
2023 604 2837 736 dem Scharer alhie, ouchein kußs¬
2033 688 2819 826 ziechen ab dee stangt vorm Hußs
2024 769 2858 889 guon usz dera er ein halben franck¬
2027 846 2595 969 eycher diekpen gloßen.
2005 989 2831 1120 Denne der württin Zur konen alhie, ein
2020 1068 2812 1186 effett Zwechelen, dieselb umb 2
2036 1143 2466 1254 batzen verkhoufft
1998 1267 2825 1396 Denne aber diss Eummers zu Biel
2038 1360 2793 1455 vor dem thor ab einem zun zwar
2037 1416 2794 1522 Hembdli, deen eis einem stein
2025 1498 2786 1585 houwer, umb 3 batz und das
2037 1557 2801 1661 ander des wirtts krachen zum toort
2034 1621 2792 1728 thurn zu solatuen ✳ ouch umb ii
2029 1675 2635 1807 bats erkhauffen glaß
1992 1781 2693 1894 Denne augends des ermelle
1999 1863 2826 1970 wurtts kracht, ein ander Hembdli
2040 1936 2832 2038 in des verkhonfften statt gestoben
2019 1996 2806 2107 unnd dasselb auch verkhanfft
1977 2109 2821 2250 Denne wycher zu Solochnen, einem
2029 2194 2720 2292 Feerer ab der louben, aber ein
2034 2291 2835 2382 Jembdli unnd darufs von einen
2019 2341 2859 2460 frömbden knacht ün batzen gläßen
2008 2461 2856 2597 Denne glycher gstallt zu Ollmitz
2023 2553 2804 2653 inn symdles zuss uss₎ obergad
2023 2614 2804 2707 auch ei hembdli unnd einem
2029 2672 2829 2773 windell psellen umb in batzenzu
1999 2719 2330 2833 bchouffen geben
