4160 3120
1285 242 2113 439 und einlich hatt er auch bekhennn
1334 369 2089 489 unnd verzäcgen. als dann flans
1331 424 2106 565 Türing von Bencken sälig, ine
1319 491 2069 633 Schnemelin, inn seiner jupend
1322 573 2098 694 vnuerdienter sach, gar vbell vnnd
1326 651 2107 766 ein arm ussgschlagen. Darumb imme
1317 710 2089 845 fürgsezen, sich mittleen zytt, so er
1345 797 2100 903 errachsen, an berüettem Claus
1321 865 2066 992 Zürichen zerichen. Beßhalb
1318 944 2087 1069 zu Herrsten zytt vor dritthalben
1299 1031 2062 1141 ar als imme gesager klaus
1304 1104 2085 1226 Thüring solich am morgenfeß
1342 1182 2071 1282 weitts Clarouw begegnen, unnd
1313 1249 2044 1354 dahar gewüßt, das derselb am
1327 1304 2071 1415 widerkeer, vber den Benckeber
1310 1384 2074 1504 heingen müssen, habe er sölliche
1316 1455 2094 1569 rach zeuolstrecken fürgnommen.
1299 1528 2058 1648 zu dem sich gefugn ✳ das hie¬
1314 1598 2096 1720 zwüstgen ein kriegsmen, so imm
1293 1665 2111 1793 Frannekrych vormals sein persopse
1319 1750 2061 1856 unnd im gar wol bekhant gsin
1316 1826 2033 1944 zu imme khommen, dem er diß
1330 1894 2072 2008 sach alssinem vertrinetten gsollen
1325 1976 2043 2090 erzellen, derselb habe sich plych
1314 2036 2070 2144 augendts enttwillig erpotten, imme
1307 2117 2057 2238 behilfflich zesin, vnnd den pernen
1303 2199 2026 2303 Clans Türi, wo sy inne an¬
1336 2254 2062 2382 rätten helffen geschlachen, der
1322 2351 2023 2460 meyenug sy beyde desselbign
1311 2418 2003 2534 tags uff den Benckerber
1313 2488 2072 2612 gegangen, sich alda uff einem
1328 2564 2042 2680 stock gesezn unnd zwo stund
1310 2644 2031 2760 lang biss onguarlich umb die
1885 2708 2062 2829 fünffe
2214 288 2990 421 fünffe habend, uff gemellten
2228 363 3005 475 Clang Füri selig gewarttet
2215 429 2996 527 unnd verhabens gewaßen, inne er
2230 495 2976 610 wollngklich eintweders gboden
2216 553 3036 680 oder so er gemöcht, gar gerodschlachen
2197 635 3020 762 Deßhalb wie einlich meegenampt
2216 692 3016 821 Claub Füring selig, sy dasselben
2229 784 3016 887 maln anroffen, habe er schneiel
2197 848 3006 962 imme söllichs fürghelltten unnd
2221 909 2977 1041 vrwissen, sprächende schlach mit
2211 980 2984 1111 ye aber hienner seinen stäck
2209 1067 2978 1186 zuhanden gefassett, vnnd uff
2232 1152 2972 1254 vilgedachten Clang Furig solih
2220 1228 2969 1344 als sich derselbschon, mitt usspe
2212 1288 2997 1411 zucktem schwart dnn die pegen
2230 1371 2972 1495 wir gestelle ghan, geschlagen
2196 1442 2970 1550 alber bemellter Türmng, alser
2214 1514 2956 1635 grsachen uberherren zesin, habe
2216 1594 2992 1691 sich glych inn die flucht gäben
2204 1659 3009 1774 vnnd den kein uf entrunen
2215 1805 2965 1952 voff Sampstag antpenultina derumb
2215 1909 2980 1996 D 1577t jar. Ist von obgedachts
2226 1967 2892 2065 wendell schneüwlic wayen von
2213 2027 2915 2124 thatt unnd Burgerin abgeehan
2216 2090 2932 2191 das nrn denselben dem Herzope
2216 2158 2910 2265 uss hanow zuschicken, der ine
2230 2230 2838 2327 vff die Gallern vernentig
2243 2290 2893 2397 wirt unnd ist hinwey
2228 2356 2927 2464 pfurtt 12. Jenners I 1522
2976 2307 3047 2366 n
