4160 3120
1142 122 1974 293 sampt ertlichen wellen khomen
1167 194 1994 352 der Schwendern nachpfragen denen
1149 265 1967 432 er zuantwirt gaben, sy ware
1140 352 1972 522 darben inn der stuben ✳ alls sy
1129 428 1979 609 aber linnff khomen hatte sy sich
1148 525 1956 669 erbotgen ghan, das man sy mit
1127 583 1952 728 amhendes finden khonden. Aber
1124 691 1979 828 npelt Lutor sih ium dhes
1154 743 1893 876 wic inn sinem hus gsten
1148 825 1949 947 darach habe man Inne Hans
1170 896 1960 1040 Bulm inn die besy gefurt
1169 986 1931 1117 also und anders nit, sye esein
1179 1079 1264 1138 san
1146 1352 1932 1498 Iff Mitwuchen dem 1 teg
1152 1460 1917 1543 Nonembes Im 1571. Jar inn
1173 1524 1887 1622 gigen wurttigkytt E Hains
1158 1588 1980 1689 Bickhartten des kharts Mari Murner
1181 1658 1896 1733 der Burgeren, Hanns Minnels
1189 1708 1811 1821 Prospeybells etc. Ist
1316 1826 1765 1941 AUieli Wallei von
1431 1904 1584 1978 Beli
1163 1955 1935 2071 zu Marckhili aberknals exammer
1156 2037 1920 2144 nnd fürgehalltten, wie das nun E.
1152 2114 1894 2204 herren an ersten gethane vrgicht
1161 2168 1937 2280 nitt khommen mögen, denn ir gnad
1143 2252 1916 2334 Gytter bericht, das er mitt allen
1149 2308 1919 2413 uss dem Badere an der ancken was
1150 2383 1909 2486 den halben müdt fforrn unnd den
1149 2445 1866 2532 mecken sounder noch ein mäß
1256 2485 1391 2552 gestolnt
1132 2503 1917 2607 Saltz, vnd alles das, das er danß
1143 2575 1915 2675 saxen machen zerouben vorhäbens
1146 2635 1872 2758 im spe. Ittem unnd das er
1733 2699 1941 2797 ein schreyn
2858 124 2898 175 1
2096 134 2929 290 Einschryn zu fersatz entkuett unnd
2127 211 2954 352 einem übers wasser verthaufft, das
2134 272 2987 434 er auch einen Teycher zu Bewnecht
2117 335 2966 495 vfgebrochen, daruß gestolen, vnnd auch
2120 443 2902 575 mer hin vnd wider vruntruwe
2113 495 2939 653 habe. solln deßhalb die waarheytt
2114 580 2883 723 umb sine befangne misshendlin
2119 698 2394 798 verkhennen.
2091 845 2887 990 Vff sentlichs ergentzlich by siner
2122 933 2921 1055 gestrigen vergicht beharrett unnd
2115 1012 2881 1117 nitt wollen bekhamlich sin, das
2118 1065 2870 1182 r vß dem Gaden alhie an der
2105 1152 2857 1263 clucken traag, wihes nitt, weder
2102 1238 2915 1338 Saltz noch anders, dann wie er anpal
2118 1307 2920 1402 ußs bewegung seines mit vetter e
2113 1356 2913 1471 man geharten pachts handells, entrag
2115 1433 2907 1540 habe. noth an dhemem andern ort
2117 1507 2894 1610 im läben lauf yer etzit enthomb¬
2110 1574 2368 1645 dett habe.
2542 1585 2879 1687 des spychens
2117 1648 2881 1748 halb der Erlücherung, das er wolle
2097 1704 2886 1821 unnd mohe ob nod sin pumpsamlic
2107 1775 2905 1895 eeysen das er an dem sampstag
2090 1823 2897 1962 znacht domaln söllicher spycher zu
2083 1912 2897 2017 Belch ufgebrochen worden, allee zum
2103 1976 2861 2096 wyssen Frutz, by Vetter zossen
2103 2044 2854 2163 itetn schwager zualhe gässen
2099 2114 2867 2215 alda vbernacht glogen, vnnd alhie
2075 2174 2896 2289 uß der Statt mit khomen sye, denn
2075 2251 2896 2342 erst moendes am Snntag nachmittag
2086 2304 2847 2409 sige er widerumb Hiess gen Beb
2084 2370 2401 2470 heimkheren.
2041 2399 2867 2578 Denne mitt zuchtn zmelden
2064 2518 2859 2639 des schnyns halb, gygt der an, wier
2065 2591 2819 2684 das waguarlich vor acht faren
2064 2631 2831 2754 als elcher gin, ettliche klein
2059 2692 2848 2813 farlen ghan, dener in eins etti
