<?xml version="1.0" encoding="UTF-8" standalone="yes"?>
<PcGts xmlns="http://schema.primaresearch.org/PAGE/gts/pagecontent/2013-07-15" xmlns:xsi="http://www.w3.org/2001/XMLSchema-instance" xsi:schemaLocation="http://schema.primaresearch.org/PAGE/gts/pagecontent/2013-07-15 http://schema.primaresearch.org/PAGE/gts/pagecontent/2013-07-15/pagecontent.xsd">
    <Metadata>
        <Creator>prov=University of Rostock/Institute of Mathematics/CITlab|PLANET AI GmbH/Gundram Leifert/gundram.leifert@planet-ai.de:name=German_Kurrent_XVI-XVIII_M1(htr_id=19584)::::v=2.6.7
prov=University of Rostock/Institute of Mathematics/CITlab|PLANET AI GmbH/Tobias Gruening/tobias.gruening@planet-ai.de:name=de.uros.citlab.module.baseline2polygon.B2PSeamMultiOriented:v=2.6.7
prov=University of Rostock/Institute of Mathematics/CITlab|PLANET AI GmbH/Tobias Gruening/tobias.gruening@planet-ai.de:name=/net_tf/LA73_249_0mod360.pb:de.uros.citlab.segmentation.CITlab_LA_ML:v=2.6.7
prov=READ-COOP:name=PyLaia@TranskribusPlatform:version=0.3.1:model_id=26190:lm=none:date=12_10_2020_11:53
prov=READ-Coop:name=PyLaia@Transkribus:version=0.3.1:model_id=26190:lm=none:date=12_10_2020_11:53
prov=University of Rostock/Institute of Mathematics/CITlab|PLANET AI GmbH/Tobias Gruening/tobias.gruening@planet-ai.de:name=de.uros.citlab.module.baseline2polygon.B2PSeamMultiOriented:v=2.6.6</Creator>
        <Created>2020-10-05T14:57:44.854+02:00</Created>
        <LastChange>2022-09-09T16:13:07.909+02:00</LastChange>
        <TranskribusMetadata docId="1334779" pageId="52354200" pageNr="8" tsid="114635765" status="IN_PROGRESS" userId="9570" imgUrl="https://files.transkribus.eu/Get?id=HFYMYBPBIJAMUYWQZQKHEJKT&amp;fileType=view" xmlUrl="https://files.transkribus.eu/Get?id=UGCCDMUKHGWMIZCZPMJKOKZT" imageId="16062300"/>
    </Metadata>
    <Page imageFilename="Turmbücher BIX 434 _00008-20200925_134316.jpg" imageWidth="4160" imageHeight="3120">
        <ReadingOrder>
            <OrderedGroup id="ro_1687513994886" caption="Regions reading order">
                <RegionRefIndexed index="0" regionRef="r1"/>
                <RegionRefIndexed index="1" regionRef="r2"/>
            </OrderedGroup>
        </ReadingOrder>
        <TextRegion orientation="0.0" id="r1" custom="readingOrder {index:0;}">
            <Coords points="1218,190 1218,2766 2034,2766 2034,190"/>
            <TextLine id="r1l1" custom="readingOrder {index:0;}">
                <Coords points="1333,213 1415,225 1449,256 1537,230 1697,244 1883,305 2009,287 2012,259 1974,256 1918,207 1863,215 1801,155 1697,197 1654,177 1547,196 1496,148 1336,185"/>
                <Baseline points="1338,215 1371,215 1404,216 1437,218 1471,219 1504,221 1537,223 1570,226 1604,228 1637,230 1670,234 1703,237 1737,241 1770,245 1803,250 1836,254 1870,259 1903,265 1936,271 1969,278 2003,285"/>
                <TextEquiv>
                    <Unicode>er inne oben uß uff ge¬</Unicode>
                </TextEquiv>
            </TextLine>
            <TextLine id="r1l2" custom="readingOrder {index:1;}">
                <Coords points="1236,283 1376,331 1448,303 1649,338 1703,308 1769,317 1819,359 1866,326 2006,347 2007,316 1880,302 1818,255 1775,284 1662,240 1517,233 1450,256 1415,224 1327,247 1240,231"/>
                <Baseline points="1242,270 1281,273 1321,276 1361,279 1401,280 1441,284 1481,285 1521,288 1561,291 1601,294 1641,297 1681,300 1721,304 1761,307 1801,312 1841,315 1881,321 1921,325 1961,331 2001,336"/>
                <TextEquiv>
                    <Unicode>wonliche liebtstatt furen</Unicode>
                </TextEquiv>
            </TextLine>
            <TextLine id="r1l3" custom="readingOrder {index:2;}">
                <Coords points="1216,377 1445,357 1533,418 1660,379 1964,421 2009,420 2013,376 1932,379 1899,347 1774,357 1723,321 1656,350 1452,302 1362,330 1223,285"/>
                <Baseline points="1224,344 1263,347 1302,351 1341,355 1380,358 1419,360 1458,363 1497,365 1536,369 1575,372 1614,374 1653,377 1692,380 1731,383 1770,386 1809,389 1848,393 1887,397 1926,402 1965,406 2004,411"/>
                <TextEquiv>
                    <Unicode>imme alda uss gnad unnd barm.</Unicode>
                </TextEquiv>
            </TextLine>
            <TextLine id="r1l4" custom="readingOrder {index:3;}">
                <Coords points="1239,423 1431,459 1465,488 1529,447 1739,454 1883,486 1912,516 1994,506 1999,442 1865,439 1771,392 1627,424 1531,417 1441,365 1373,403 1295,366 1242,374"/>
                <Baseline points="1245,417 1282,421 1319,426 1356,430 1394,432 1431,435 1468,437 1506,440 1543,441 1580,443 1618,445 1655,447 1692,449 1729,451 1767,453 1804,457 1841,460 1879,463 1916,467 1953,472 1991,477"/>
                <TextEquiv>
                    <Unicode>Herzigkheytt unnd wagen put</Unicode>
                </TextEquiv>
            </TextLine>
            <TextLine id="r1l5" custom="readingOrder {index:4;}">
                <Coords points="1237,516 1351,504 1544,575 1720,529 1849,587 1899,569 2015,608 2019,540 1949,509 1924,527 1872,488 1790,503 1750,473 1680,503 1638,463 1563,458 1499,492 1431,459 1375,489 1240,477"/>
                <Baseline points="1244,507 1282,509 1320,510 1359,513 1397,515 1436,516 1474,516 1512,519 1551,521 1589,522 1628,524 1666,527 1704,528 1743,531 1781,535 1820,538 1858,542 1896,546 1935,551 1973,556 2012,563"/>
                <TextEquiv>
                    <Unicode>ener Eerlicher frunden, sin hanß</Unicode>
                </TextEquiv>
            </TextLine>
            <TextLine id="r1l6" custom="readingOrder {index:5;}">
                <Coords points="1229,613 1286,641 1430,646 1503,608 1625,639 1690,621 1773,656 1819,617 1985,633 1988,580 1817,588 1752,560 1517,581 1422,534 1382,551 1322,525 1232,560"/>
                <Baseline points="1236,591 1273,593 1310,594 1347,596 1384,597 1422,599 1459,600 1496,602 1533,603 1570,605 1608,606 1645,609 1682,610 1719,612 1756,612 1794,614 1831,616 1868,617 1905,619 1942,621 1980,621"/>
                <TextEquiv>
                    <Unicode>abschlachen, vnnd also mitt</Unicode>
                </TextEquiv>
            </TextLine>
            <TextLine id="r1l7" custom="readingOrder {index:6;}">
                <Coords points="1239,673 1324,680 1371,720 1430,729 1497,698 1625,686 1705,712 1767,687 1822,715 1919,718 1921,673 1883,647 1760,658 1636,637 1479,657 1404,633 1351,654 1242,609"/>
                <Baseline points="1245,666 1278,669 1311,671 1345,673 1378,676 1412,678 1445,680 1479,682 1512,684 1546,686 1579,686 1612,687 1646,689 1679,690 1713,691 1746,692 1780,693 1813,693 1847,693 1880,693 1914,695"/>
                <TextEquiv>
                    <Unicode>dem schwartt vom läben</Unicode>
                </TextEquiv>
            </TextLine>
            <TextLine id="r1l8" custom="readingOrder {index:7;}">
                <Coords points="1921,704 1944,704 1949,701 1957,704 1965,701 1975,703 1978,679 1972,678 1965,680 1962,677 1956,678 1953,674 1949,676 1935,659 1928,658"/>
                <Baseline points="1928,696 1970,702"/>
                <TextEquiv>
                    <Unicode></Unicode>
                </TextEquiv>
            </TextLine>
            <TextLine id="r1l9" custom="readingOrder {index:8;}">
                <Coords points="1248,767 1373,759 1436,795 1607,774 1674,817 1724,792 1893,815 2006,802 2008,739 1777,696 1634,747 1532,713 1249,731"/>
                <Baseline points="1254,753 1291,756 1328,759 1366,761 1403,763 1440,764 1478,765 1515,767 1552,767 1590,767 1627,768 1664,768 1702,770 1739,770 1776,770 1814,771 1851,773 1888,774 1926,774 1963,777 2001,779"/>
                <TextEquiv>
                    <Unicode>zum Tod, nach Geyserlichem</Unicode>
                </TextEquiv>
            </TextLine>
            <TextLine id="r1l10" custom="readingOrder {index:9;}">
                <Coords points="1269,836 1336,871 1369,853 1528,860 1580,892 1761,862 1826,902 1908,904 1902,810 1823,835 1726,791 1683,826 1575,790 1465,823 1351,783 1271,783"/>
                <Baseline points="1275,831 1306,834 1337,837 1369,838 1400,839 1432,840 1463,842 1495,842 1526,843 1558,844 1589,845 1620,845 1652,846 1683,848 1715,849 1746,851 1778,852 1809,856 1841,858 1872,861 1904,866"/>
                <TextEquiv>
                    <Unicode>tächten, richten solle .</Unicode>
                </TextEquiv>
            </TextLine>
            <TextLine id="r1l11" custom="readingOrder {index:10;}">
                <Coords points="1294,971 1382,975 1452,1010 1522,976 1580,1002 1767,985 1819,1011 1993,1021 2006,963 1885,935 1749,954 1675,921 1587,940 1486,910 1402,944 1297,909"/>
                <Baseline points="1299,969 1335,969 1372,971 1409,971 1446,972 1482,974 1519,974 1556,976 1593,977 1630,978 1666,981 1703,983 1740,984 1777,986 1814,989 1850,992 1887,994 1924,998 1961,1001 1998,1004"/>
                <TextEquiv>
                    <Unicode>ere urheyln ist an bemelten Uttunge</Unicode>
                </TextEquiv>
            </TextLine>
            <TextLine id="r1l12" custom="readingOrder {index:11;}">
                <Coords points="1290,1023 1532,1036 1599,1078 1626,1058 1703,1075 1751,1047 1881,1084 1915,1061 1960,1080 2018,1064 2000,1020 1837,1027 1689,987 1608,1013 1561,996 1420,1014 1293,976"/>
                <Baseline points="1296,1022 1331,1024 1367,1027 1403,1029 1439,1031 1475,1033 1510,1034 1546,1037 1582,1038 1618,1040 1654,1041 1689,1043 1725,1045 1761,1046 1797,1048 1833,1051 1868,1053 1904,1055 1940,1057 1976,1061 2012,1064"/>
                <TextEquiv>
                    <Unicode>statten worden, uff sampstep den</Unicode>
                </TextEquiv>
            </TextLine>
            <TextLine id="r1l13" custom="readingOrder {index:12;}">
                <Coords points="1286,1110 1414,1093 1469,1120 1527,1091 1608,1118 1636,1103 1834,1133 1873,1106 1951,1124 1953,1091 1799,1065 1739,1081 1624,1062 1596,1078 1529,1054 1511,1070 1375,1047 1288,1057"/>
                <Baseline points="1293,1082 1325,1085 1358,1087 1390,1089 1423,1092 1456,1093 1488,1094 1521,1095 1554,1097 1586,1098 1619,1098 1652,1100 1684,1101 1717,1101 1750,1103 1782,1104 1815,1106 1848,1107 1880,1109 1913,1111 1946,1113"/>
                <TextEquiv>
                    <Unicode>itten tey Wuittemonats 17</Unicode>
                </TextEquiv>
            </TextLine>
            <TextLine id="r1l14" custom="readingOrder {index:13;}">
                <Coords points="1265,1376 1347,1411 1430,1380 1512,1411 1555,1382 1625,1419 1806,1426 1902,1379 1961,1399 1963,1335 1822,1299 1687,1342 1329,1269 1268,1278"/>
                <Baseline points="1271,1364 1305,1362 1339,1362 1373,1362 1408,1362 1442,1364 1476,1364 1510,1365 1545,1365 1579,1367 1613,1368 1647,1369 1682,1370 1716,1371 1750,1373 1784,1374 1819,1376 1853,1376 1887,1377 1921,1379 1956,1379"/>
                <TextEquiv>
                    <Unicode>uff zinstag dem 1j  tag</Unicode>
                </TextEquiv>
            </TextLine>
            <TextLine id="r1l15" custom="readingOrder {index:14;}">
                <Coords points="1274,1442 1520,1474 1582,1455 1802,1449 1849,1470 1958,1452 1958,1412 1888,1385 1834,1419 1647,1428 1560,1383 1516,1410 1462,1394 1335,1414 1275,1380"/>
                <Baseline points="1280,1434 1313,1434 1347,1434 1380,1436 1414,1437 1448,1439 1481,1440 1515,1442 1548,1443 1582,1445 1616,1446 1649,1448 1683,1448 1716,1448 1750,1449 1784,1448 1817,1447 1851,1445 1884,1442 1918,1439 1952,1436"/>
                <TextEquiv>
                    <Unicode>Nouembris im 15771. jari</Unicode>
                </TextEquiv>
            </TextLine>
            <TextLine id="r1l16" custom="readingOrder {index:15;} person {offset:28; length:6; continued:true;}">
                <Coords points="1275,1543 1314,1518 1426,1543 1544,1513 1627,1531 1668,1567 1743,1538 1853,1558 1925,1522 2006,1528 2007,1482 1744,1495 1668,1460 1517,1493 1277,1446"/>
                <Baseline points="1281,1505 1317,1506 1353,1508 1389,1508 1425,1510 1461,1511 1497,1512 1533,1514 1569,1515 1605,1517 1641,1518 1677,1520 1713,1520 1749,1521 1785,1521 1821,1523 1857,1523 1893,1523 1929,1523 1965,1523 2001,1521"/>
                <TextEquiv>
                    <Unicode>Inn pägenwürttigkheytt herr Vetter</Unicode>
                </TextEquiv>
            </TextLine>
            <TextLine id="r1l17" custom="readingOrder {index:16;} person {offset:0; length:7; continued:true;} organization {offset:12; length:6;} person {offset:19; length:9; continued:true;}">
                <Coords points="1260,1595 1502,1592 1589,1637 1757,1595 1918,1649 2003,1606 2006,1528 1924,1522 1745,1581 1533,1534 1262,1548"/>
                <Baseline points="1266,1581 1302,1581 1339,1580 1375,1580 1412,1581 1449,1583 1485,1584 1522,1586 1558,1588 1595,1590 1632,1592 1668,1595 1705,1596 1741,1598 1778,1599 1815,1601 1851,1601 1888,1601 1924,1599 1961,1598 1998,1595"/>
                <TextEquiv>
                    <Unicode>Buchers des Rhatts Ambresins</Unicode>
                </TextEquiv>
            </TextLine>
            <TextLine id="r1l18" custom="readingOrder {index:17;} person {offset:0; length:5; continued:true;} person {offset:20; length:5; continued:true;}">
                <Coords points="1272,1667 1405,1690 1484,1658 1660,1688 1694,1664 1896,1688 1983,1665 1957,1632 1915,1648 1835,1616 1728,1649 1273,1594"/>
                <Baseline points="1278,1658 1314,1658 1351,1657 1388,1656 1425,1658 1461,1658 1498,1658 1535,1659 1572,1661 1609,1661 1645,1662 1682,1664 1719,1665 1756,1665 1793,1667 1829,1667 1866,1667 1903,1667 1940,1667 1977,1665"/>
                <TextEquiv>
                    <Unicode>Meyer der Buegerin, Hanns</Unicode>
                </TextEquiv>
            </TextLine>
            <TextLine id="r1l19" custom="readingOrder {index:18;} person {offset:0; length:7; continued:true;}">
                <Coords points="1287,1717 1518,1712 1615,1764 1835,1730 1906,1773 2033,1746 2034,1703 1974,1684 1704,1704 1577,1667 1500,1690 1437,1670 1406,1692 1289,1665"/>
                <Baseline points="1293,1712 1329,1712 1366,1712 1403,1712 1440,1713 1476,1714 1513,1715 1550,1717 1587,1718 1623,1721 1660,1722 1697,1724 1734,1726 1770,1728 1807,1730 1844,1731 1881,1733 1917,1733 1954,1734 1991,1734 2028,1734"/>
                <TextEquiv>
                    <Unicode>Mannels Großsweybells etc. hatt</Unicode>
                </TextEquiv>
            </TextLine>
            <TextLine id="r1l20" custom="readingOrder {index:19;} person {offset:0; length:7;}">
                <Coords points="1386,1829 1451,1837 1489,1823 1586,1848 1630,1832 1678,1857 1740,1835 1892,1853 1894,1810 1841,1796 1756,1799 1737,1815 1669,1782 1637,1801 1548,1769 1389,1765"/>
                <Baseline points="1392,1815 1418,1817 1444,1820 1470,1823 1496,1824 1522,1826 1548,1827 1574,1830 1600,1831 1626,1832 1652,1833 1678,1835 1704,1835 1730,1836 1756,1836 1782,1838 1808,1838 1834,1838 1860,1838 1887,1838"/>
                <TextEquiv>
                    <Unicode>Luvolle zuvor der</Unicode>
                </TextEquiv>
            </TextLine>
            <TextLine id="r1l21" custom="readingOrder {index:20;}">
                <Coords points="1413,1886 1473,1903 1505,1888 1568,1919 1607,1920 1638,1897 1764,1889 1855,1929 1858,1870 1808,1856 1694,1867 1614,1841 1516,1842 1494,1825 1415,1847"/>
                <Baseline points="1419,1869 1444,1873 1469,1876 1495,1879 1520,1880 1546,1882 1571,1883 1596,1884 1622,1886 1647,1886 1673,1887 1698,1889 1723,1889 1749,1890 1774,1892 1800,1892 1825,1894 1851,1895"/>
                <TextEquiv>
                    <Unicode>unsalhie gnottig</Unicode>
                </TextEquiv>
            </TextLine>
            <TextLine id="r1l22" custom="readingOrder {index:21;}">
                <Coords points="1225,1980 1371,1974 1476,2022 1517,1982 1635,2019 1687,1989 1834,1982 1942,2018 2039,1995 2040,1951 1820,1939 1688,1962 1627,1925 1542,1955 1483,1928 1398,1955 1269,1873 1227,1884"/>
                <Baseline points="1230,1973 1270,1973 1310,1973 1350,1974 1390,1974 1431,1974 1471,1976 1511,1976 1551,1977 1591,1979 1632,1980 1672,1980 1712,1982 1752,1983 1792,1983 1833,1985 1873,1986 1913,1986 1953,1987 1993,1988 2034,1988"/>
                <TextEquiv>
                    <Unicode>Vore sein gestern bekhannte vnnd angäbnt</Unicode>
                </TextEquiv>
            </TextLine>
            <TextLine id="r1l23" custom="readingOrder {index:22;}">
                <Coords points="1239,2041 1353,2060 1497,2033 1564,2077 1620,2040 1750,2040 1894,2086 2009,2084 2010,2002 1792,2019 1727,1995 1632,2018 1571,1988 1479,2019 1340,1975 1240,1998"/>
                <Baseline points="1245,2033 1284,2033 1324,2033 1364,2033 1404,2033 1444,2033 1484,2033 1524,2033 1564,2034 1604,2034 1644,2036 1684,2036 1724,2037 1764,2039 1804,2039 1844,2040 1884,2040 1924,2042 1964,2042 2004,2043"/>
                <TextEquiv>
                    <Unicode>diebstäl, wycher vnnd vmb das er sich</Unicode>
                </TextEquiv>
            </TextLine>
            <TextLine id="r1l24" custom="readingOrder {index:23;}">
                <Coords points="1235,2129 1427,2097 1557,2131 1616,2102 1698,2101 1815,2146 1862,2109 1906,2109 1906,2086 1809,2054 1741,2084 1559,2079 1498,2034 1433,2077 1338,2048 1235,2057"/>
                <Baseline points="1241,2097 1274,2097 1307,2096 1340,2096 1373,2096 1406,2096 1439,2096 1472,2096 1505,2096 1538,2096 1571,2097 1604,2097 1637,2097 1670,2097 1703,2097 1736,2099 1769,2099 1802,2099 1835,2099 1868,2099 1901,2099"/>
                <TextEquiv>
                    <Unicode>zebedeunckn gnomen, bkhein</Unicode>
                </TextEquiv>
            </TextLine>
            <TextLine id="r1l25" custom="readingOrder {index:24;}">
                <Coords points="1230,2183 1291,2173 1319,2186 1337,2176 1409,2182 1434,2195 1454,2188 1485,2215 1512,2217 1544,2187 1571,2184 1573,2137 1544,2135 1527,2120 1482,2136 1438,2121 1421,2134 1394,2119 1359,2130 1326,2116 1258,2137 1232,2126"/>
                <Baseline points="1236,2165 1261,2163 1286,2163 1312,2162 1337,2162 1362,2163 1388,2163 1413,2165 1439,2166 1464,2168 1489,2168 1515,2170 1540,2173 1566,2174"/>
                <TextEquiv>
                    <Unicode>unnd verzachn</Unicode>
                </TextEquiv>
            </TextLine>
            <TextLine id="r1l26" custom="readingOrder {index:25;}">
                <Coords points="1213,2321 1354,2328 1401,2304 1465,2338 1611,2301 1730,2335 1786,2305 1979,2328 1995,2258 1907,2291 1640,2244 1484,2285 1307,2232 1254,2266 1213,2254"/>
                <Baseline points="1218,2306 1256,2306 1295,2306 1333,2306 1372,2306 1410,2306 1449,2306 1487,2304 1526,2304 1564,2304 1603,2304 1642,2304 1680,2304 1719,2304 1757,2304 1796,2306 1834,2306 1873,2308 1911,2310 1950,2312 1989,2315"/>
                <TextEquiv>
                    <Unicode>erstlich fùr an haurer ✳ als</Unicode>
                </TextEquiv>
            </TextLine>
            <TextLine id="r1l27" custom="readingOrder {index:26;} place {offset:6; length:7;}">
                <Coords points="1249,2368 1310,2362 1343,2387 1402,2359 1433,2379 1553,2365 1624,2403 1657,2372 1722,2372 1828,2399 1882,2372 1979,2381 1980,2329 1844,2314 1789,2342 1646,2316 1560,2347 1391,2308 1249,2332"/>
                <Baseline points="1254,2369 1290,2367 1326,2365 1362,2364 1398,2363 1434,2363 1470,2363 1506,2364 1542,2364 1578,2366 1614,2367 1650,2368 1686,2369 1722,2370 1758,2371 1794,2372 1830,2372 1866,2372 1902,2372 1938,2372 1974,2370"/>
                <TextEquiv>
                    <Unicode>er zu Pretmen inn des amans</Unicode>
                </TextEquiv>
            </TextLine>
            <TextLine id="r1l28" custom="readingOrder {index:27;}">
                <Coords points="1247,2459 1370,2427 1464,2424 1539,2461 1615,2440 1706,2458 1770,2433 1822,2477 1870,2481 1958,2431 1959,2390 1769,2413 1712,2378 1606,2416 1547,2388 1469,2407 1360,2382 1308,2405 1248,2393"/>
                <Baseline points="1253,2424 1288,2424 1323,2424 1358,2426 1393,2426 1428,2427 1463,2427 1498,2429 1533,2430 1568,2430 1603,2431 1638,2432 1673,2433 1708,2433 1743,2433 1778,2435 1813,2435 1848,2435 1883,2434 1918,2433 1953,2433"/>
                <TextEquiv>
                    <Unicode>husg vbernacht glüx, habe er</Unicode>
                </TextEquiv>
            </TextLine>
            <TextLine id="r1l29" custom="readingOrder {index:28;}">
                <Coords points="1268,2516 1327,2543 1389,2498 1616,2531 1655,2502 1807,2530 1857,2499 1982,2497 1965,2471 1820,2474 1770,2433 1739,2462 1631,2447 1585,2476 1445,2438 1268,2462"/>
                <Baseline points="1274,2493 1309,2495 1344,2495 1379,2496 1414,2496 1449,2498 1484,2498 1520,2498 1555,2499 1590,2499 1625,2499 1660,2499 1695,2499 1730,2499 1766,2498 1801,2498 1836,2498 1871,2496 1906,2495 1941,2493 1977,2492"/>
                <TextEquiv>
                    <Unicode>essen knecht, uß die kamen</Unicode>
                </TextEquiv>
            </TextLine>
            <TextLine id="r1l30" custom="readingOrder {index:29;}">
                <Coords points="1236,2567 1283,2550 1385,2577 1500,2548 1654,2601 1708,2565 1840,2606 1927,2558 1985,2566 1986,2537 1859,2509 1793,2541 1729,2516 1619,2543 1377,2504 1330,2538 1237,2515"/>
                <Baseline points="1242,2550 1278,2552 1315,2553 1352,2555 1389,2555 1426,2556 1463,2558 1500,2558 1537,2559 1574,2559 1611,2560 1647,2561 1684,2561 1721,2562 1758,2562 1795,2562 1832,2562 1869,2562 1906,2562 1943,2562 1980,2562"/>
                <TextEquiv>
                    <Unicode>ein nhürlich wramstell erstolen</Unicode>
                </TextEquiv>
            </TextLine>
            <TextLine id="r1l31" custom="readingOrder {index:30;} place {offset:13; length:4;}">
                <Coords points="1237,2618 1395,2618 1439,2643 1544,2621 1642,2657 1704,2626 2001,2640 2001,2597 1750,2600 1710,2566 1653,2601 1623,2579 1567,2603 1463,2554 1395,2579 1338,2557 1291,2590 1237,2567"/>
                <Baseline points="1242,2616 1279,2616 1317,2617 1354,2618 1392,2618 1430,2618 1467,2619 1505,2619 1543,2619 1580,2621 1618,2621 1656,2622 1693,2622 1731,2622 1769,2622 1806,2624 1844,2624 1882,2624 1919,2622 1957,2622 1995,2622"/>
                <TextEquiv>
                    <Unicode>dasselbig zu thun dem mün</Unicode>
                </TextEquiv>
            </TextLine>
            <TextLine id="r1l32" custom="readingOrder {index:31;}">
                <Coords points="1239,2707 1325,2684 1477,2727 2014,2677 1983,2646 1910,2663 1845,2628 1641,2658 1544,2621 1454,2657 1307,2664 1239,2626"/>
                <Baseline points="1245,2684 1283,2682 1321,2682 1359,2681 1397,2681 1436,2681 1474,2682 1512,2682 1550,2682 1588,2682 1627,2682 1665,2683 1703,2684 1741,2684 1779,2684 1818,2684 1856,2682 1894,2682 1932,2681 1970,2679 2009,2678"/>
                <TextEquiv>
                    <Unicode>Im gegen hoff umb zwo urttmen</Unicode>
                </TextEquiv>
            </TextLine>
            <TextLine id="r1l33" custom="readingOrder {index:32;}">
                <Coords points="1233,2774 1245,2770 1261,2778 1276,2764 1305,2750 1325,2750 1338,2763 1352,2766 1353,2697 1342,2697 1327,2683 1311,2696 1288,2689 1257,2710 1234,2709"/>
                <Baseline points="1239,2750 1266,2747 1293,2747 1320,2748 1347,2750"/>
                <TextEquiv>
                    <Unicode>gäben.</Unicode>
                </TextEquiv>
            </TextLine>
            <TextEquiv>
                <Unicode>er inne oben uß uff ge¬
wonliche liebtstatt furen
imme alda uss gnad unnd barm.
Herzigkheytt unnd wagen put
ener Eerlicher frunden, sin hanß
abschlachen, vnnd also mitt
dem schwartt vom läben

zum Tod, nach Geyserlichem
tächten, richten solle .
ere urheyln ist an bemelten Uttunge
statten worden, uff sampstep den
itten tey Wuittemonats 17
uff zinstag dem 1j  tag
Nouembris im 15771. jari
Inn pägenwürttigkheytt herr Vetter
Buchers des Rhatts Ambresins
Meyer der Buegerin, Hanns
Mannels Großsweybells etc. hatt
Luvolle zuvor der
unsalhie gnottig
Vore sein gestern bekhannte vnnd angäbnt
diebstäl, wycher vnnd vmb das er sich
zebedeunckn gnomen, bkhein
unnd verzachn
erstlich fùr an haurer ✳ als
er zu Pretmen inn des amans
husg vbernacht glüx, habe er
essen knecht, uß die kamen
ein nhürlich wramstell erstolen
dasselbig zu thun dem mün
Im gegen hoff umb zwo urttmen
gäben.</Unicode>
            </TextEquiv>
        </TextRegion>
        <TextRegion orientation="0.0" id="r2" custom="readingOrder {index:1;}">
            <Coords points="2123,152 2123,2462 3026,2462 3026,152"/>
            <TextLine id="r2l1" custom="readingOrder {index:0;}">
                <Coords points="2120,283 2332,235 2444,274 2511,233 2606,252 2673,196 2790,228 2843,187 2951,205 2999,189 2995,146 2903,153 2811,110 2728,171 2589,139 2530,185 2455,159 2296,217 2204,179 2114,223"/>
                <Baseline points="2123,260 2166,254 2210,249 2253,243 2297,238 2340,232 2384,226 2427,222 2471,216 2514,211 2558,207 2601,202 2645,199 2688,194 2732,191 2775,187 2819,185 2862,183 2906,181 2949,180 2993,180"/>
                <TextEquiv>
                    <Unicode>Denne nechstuerschinnens frulings</Unicode>
                </TextEquiv>
            </TextLine>
            <TextLine id="r2l2" custom="readingOrder {index:1;} place {offset:3; length:6;} person {offset:29; length:4;}">
                <Coords points="2160,347 2373,296 2426,325 2554,283 2614,295 2769,246 2855,299 2970,287 3008,275 3001,202 2153,281"/>
                <Baseline points="2162,312 2203,310 2245,308 2287,305 2329,301 2371,296 2413,293 2454,287 2496,282 2538,278 2580,272 2622,267 2664,262 2706,258 2747,255 2789,251 2831,248 2873,246 2915,245 2957,245 2999,246"/>
                <TextEquiv>
                    <Unicode>zu Bitlen uss des predirenen Hans</Unicode>
                </TextEquiv>
            </TextLine>
            <TextLine id="r2l3" custom="readingOrder {index:2;}">
                <Coords points="2159,396 2457,342 2636,377 2710,334 2787,369 2854,322 2912,361 2958,321 2996,330 2993,283 2806,307 2716,274 2636,301 2567,282 2500,320 2370,302 2156,352"/>
                <Baseline points="2163,378 2204,371 2245,363 2287,358 2328,354 2369,349 2411,346 2452,343 2493,340 2535,338 2576,336 2617,335 2659,333 2700,332 2741,330 2783,329 2824,326 2865,323 2907,321 2948,317 2990,312"/>
                <TextEquiv>
                    <Unicode>der ime übernachtt behalten, auch er</Unicode>
                </TextEquiv>
            </TextLine>
            <TextLine id="r2l4" custom="readingOrder {index:3;} person {offset:0; length:7;}">
                <Coords points="2167,449 2244,423 2292,450 2368,417 2422,449 2490,415 2661,423 2697,390 2729,417 2864,388 2933,407 3017,379 3015,340 2903,364 2854,323 2794,374 2513,386 2429,362 2398,387 2191,379 2164,401"/>
                <Baseline points="2172,435 2216,429 2260,424 2304,419 2348,415 2392,412 2436,409 2481,407 2525,405 2569,404 2613,402 2657,400 2701,399 2746,397 2790,394 2834,391 2878,388 2922,383 2966,377 3011,371"/>
                <TextEquiv>
                    <Unicode>schüeli teinsell enragt unnd eine</Unicode>
                </TextEquiv>
            </TextLine>
            <TextLine id="r2l5" custom="readingOrder {index:4;} place {offset:20; length:7;}">
                <Coords points="2170,510 2418,477 2526,520 2569,480 2960,464 2989,424 2828,442 2698,390 2661,423 2589,413 2499,450 2457,423 2416,462 2363,422 2307,457 2261,426 2167,449"/>
                <Baseline points="2174,497 2214,493 2255,489 2295,486 2336,482 2376,480 2417,479 2457,477 2498,476 2538,476 2579,474 2619,473 2660,473 2700,471 2741,469 2781,467 2822,464 2862,462 2903,458 2943,453 2984,447"/>
                <TextEquiv>
                    <Unicode>Müller knache so zu Gollins pe</Unicode>
                </TextEquiv>
            </TextLine>
            <TextLine id="r2l6" custom="readingOrder {index:5;}">
                <Coords points="2139,578 2492,531 2631,584 2715,529 2847,577 2952,573 3032,532 3028,447 2890,449 2793,504 2700,473 2646,510 2486,522 2441,497 2235,534 2135,493"/>
                <Baseline points="2144,566 2188,560 2232,556 2276,552 2320,548 2364,546 2408,543 2452,540 2496,537 2540,536 2585,533 2629,531 2673,530 2717,528 2761,527 2805,525 2849,525 2893,524 2937,523 2981,522 3026,521"/>
                <TextEquiv>
                    <Unicode>dienen umb puri Batzen verkhaufft</Unicode>
                </TextEquiv>
            </TextLine>
            <TextLine id="r2l7" custom="readingOrder {index:6;}">
                <Coords points="2131,727 2305,694 2431,721 2489,682 2865,640 2932,661 2978,637 2973,584 2900,611 2745,586 2653,639 2559,597 2485,636 2255,671 2122,618"/>
                <Baseline points="2135,701 2176,699 2218,696 2260,694 2302,690 2344,687 2386,682 2427,679 2469,675 2511,671 2553,668 2595,665 2637,660 2679,656 2720,653 2762,651 2804,648 2846,645 2888,642 2930,641 2972,641"/>
                <TextEquiv>
                    <Unicode>Denne vor deyen Jaren allewyl er zu</Unicode>
                </TextEquiv>
            </TextLine>
            <TextLine id="r2l8" custom="readingOrder {index:7;} place {offset:0; length:10;}">
                <Coords points="2170,760 2401,736 2436,767 2570,725 2718,745 2755,722 2912,717 2909,659 2853,655 2791,684 2735,655 2664,705 2399,684 2357,713 2168,712"/>
                <Baseline points="2175,750 2211,747 2248,744 2284,741 2321,738 2357,737 2394,734 2430,732 2467,731 2503,729 2540,728 2577,726 2613,725 2650,723 2686,722 2723,720 2759,719 2796,717 2832,714 2869,713 2906,710"/>
                <TextEquiv>
                    <Unicode>nderlagpen erdienet, Inn des</Unicode>
                </TextEquiv>
            </TextLine>
            <TextLine id="r2l9" custom="readingOrder {index:8;}">
                <Coords points="2137,830 2307,808 2344,829 2389,803 2505,841 2555,793 2632,843 2703,794 3014,788 3012,734 2949,758 2877,711 2824,762 2686,727 2599,770 2328,738 2134,775"/>
                <Baseline points="2142,822 2185,818 2228,812 2271,810 2315,806 2358,803 2401,800 2445,798 2488,795 2531,794 2575,792 2618,791 2661,789 2704,787 2748,785 2791,783 2834,780 2878,778 2921,774 2964,771 3008,767"/>
                <TextEquiv>
                    <Unicode>mans zu ihnn euss ✳ ein kleinen</Unicode>
                </TextEquiv>
            </TextLine>
            <TextLine id="r2l10" custom="readingOrder {index:9;}">
                <Coords points="2137,900 2428,874 2527,915 2656,867 2912,877 2909,822 2832,808 2763,838 2703,794 2636,846 2555,793 2504,841 2470,825 2427,852 2260,860 2133,833"/>
                <Baseline points="2142,893 2180,889 2218,885 2256,882 2294,879 2332,878 2370,876 2408,874 2446,872 2484,870 2523,869 2561,868 2599,867 2637,864 2675,863 2713,860 2751,859 2789,857 2827,853 2865,849 2904,846"/>
                <TextEquiv>
                    <Unicode>Gilberunrn bach entfrömbden</Unicode>
                </TextEquiv>
            </TextLine>
            <TextLine id="r2l11" custom="readingOrder {index:10;} person {offset:5; length:19;}">
                <Coords points="2148,957 2984,933 2982,882 2856,905 2673,864 2600,910 2147,918"/>
                <Baseline points="2153,950 2194,948 2235,947 2276,945 2318,944 2359,942 2400,940 2441,939 2483,938 2524,936 2565,935 2606,933 2648,931 2689,930 2730,928 2771,927 2813,925 2854,924 2895,923 2936,921 2978,920"/>
                <TextEquiv>
                    <Unicode>vnnd Ludi Unwenschwender ge¬</Unicode>
                </TextEquiv>
            </TextLine>
            <TextLine id="r2l12" custom="readingOrder {index:11;} place {offset:15; length:8;}">
                <Coords points="2146,1022 2214,1037 2335,994 2405,1017 2500,1008 2566,1042 2627,1003 2716,991 2761,1026 2804,995 2856,1009 2854,943 2823,939 2716,970 2653,931 2521,977 2423,933 2373,975 2144,956"/>
                <Baseline points="2151,1007 2185,1005 2220,1005 2255,1004 2290,1003 2325,1002 2360,1002 2395,1002 2430,1002 2465,1001 2500,1001 2534,999 2569,999 2604,998 2639,996 2674,995 2709,993 2744,991 2779,988 2814,984 2849,980"/>
                <TextEquiv>
                    <Unicode>wüshnen wei zu Munstign</Unicode>
                </TextEquiv>
            </TextLine>
            <TextLine id="r2l13" custom="readingOrder {index:12;}">
                <Coords points="2155,1083 2255,1075 2318,1106 2374,1070 2463,1094 2503,1059 2538,1080 2819,1080 2893,1052 2951,1065 2950,1030 2713,1035 2665,1006 2566,1042 2417,1019 2154,1049"/>
                <Baseline points="2160,1074 2199,1071 2238,1070 2277,1068 2317,1067 2356,1067 2395,1067 2434,1065 2474,1065 2513,1067 2552,1067 2591,1067 2631,1067 2670,1065 2709,1065 2748,1064 2788,1062 2827,1061 2866,1058 2905,1055 2945,1050"/>
                <TextEquiv>
                    <Unicode>umb xx batz und zwo vrrmen</Unicode>
                </TextEquiv>
            </TextLine>
            <TextLine id="r2l14" custom="readingOrder {index:13;}">
                <Coords points="2139,1164 2153,1171 2191,1146 2211,1154 2238,1147 2296,1151 2342,1118 2343,1099 2316,1107 2312,1102 2272,1107 2246,1100 2230,1104 2215,1094 2196,1097 2180,1088 2165,1100 2141,1103"/>
                <Baseline points="2145,1140 2172,1137 2199,1137 2226,1137 2254,1140 2281,1142 2308,1142 2336,1139"/>
                <TextEquiv>
                    <Unicode>gäben</Unicode>
                </TextEquiv>
            </TextLine>
            <TextLine id="r2l15" custom="readingOrder {index:14;}">
                <Coords points="2130,1329 2290,1304 2327,1336 2385,1305 2553,1318 2589,1295 2634,1326 2696,1287 2876,1324 2967,1294 2966,1260 2914,1236 2811,1270 2679,1230 2513,1253 2414,1209 2275,1251 2194,1216 2128,1267"/>
                <Baseline points="2135,1304 2176,1304 2217,1304 2258,1302 2300,1302 2341,1301 2382,1301 2424,1301 2465,1299 2506,1299 2548,1298 2589,1298 2630,1297 2671,1296 2713,1295 2754,1295 2795,1293 2837,1292 2878,1290 2919,1289 2961,1287"/>
                <TextEquiv>
                    <Unicode>Eber diß fenlings zu Vlnntz den</Unicode>
                </TextEquiv>
            </TextLine>
            <TextLine id="r2l16" custom="readingOrder {index:15;}">
                <Coords points="2157,1378 2218,1397 2270,1366 2382,1361 2472,1404 2505,1375 2747,1403 2932,1363 2932,1325 2838,1334 2759,1302 2596,1342 2470,1303 2340,1340 2289,1315 2255,1337 2156,1328"/>
                <Baseline points="2162,1358 2200,1359 2238,1361 2276,1361 2315,1362 2353,1362 2391,1362 2429,1364 2468,1364 2506,1364 2544,1364 2582,1364 2621,1364 2659,1362 2697,1362 2735,1362 2774,1361 2812,1361 2850,1359 2888,1358 2927,1358"/>
                <TextEquiv>
                    <Unicode>schidlens huss zwey ysin wegs</Unicode>
                </TextEquiv>
            </TextLine>
            <TextLine id="r2l17" custom="readingOrder {index:16;} person {offset:8; length:10;}">
                <Coords points="2147,1453 2290,1427 2423,1479 2588,1423 2638,1447 2825,1435 2863,1468 2965,1443 2965,1395 2875,1362 2781,1411 2681,1413 2635,1381 2458,1410 2378,1361 2147,1406"/>
                <Baseline points="2153,1430 2193,1430 2233,1430 2274,1430 2314,1431 2354,1431 2395,1431 2435,1431 2475,1431 2516,1431 2556,1431 2596,1431 2637,1431 2677,1430 2717,1430 2758,1430 2798,1430 2838,1428 2879,1428 2919,1427 2960,1427"/>
                <TextEquiv>
                    <Unicode>ess dee Kluhi guon den einen figg</Unicode>
                </TextEquiv>
            </TextLine>
            <TextLine id="r2l18" custom="readingOrder {index:17;}">
                <Coords points="2148,1501 2331,1506 2378,1544 2460,1508 2527,1524 2653,1499 2708,1536 2913,1496 2971,1512 2959,1443 2862,1468 2825,1436 2759,1477 2645,1451 2510,1479 2472,1454 2430,1483 2148,1456"/>
                <Baseline points="2153,1496 2193,1496 2234,1496 2274,1496 2315,1496 2356,1496 2396,1497 2437,1497 2478,1499 2518,1499 2559,1500 2600,1500 2640,1502 2681,1502 2722,1502 2762,1502 2803,1500 2844,1500 2884,1499 2925,1497 2966,1494"/>
                <TextEquiv>
                    <Unicode>ysen dem schmid umb in groß und</Unicode>
                </TextEquiv>
            </TextLine>
            <TextLine id="r2l19" custom="readingOrder {index:18;}">
                <Coords points="2159,1574 2235,1592 2697,1569 2723,1593 2917,1593 2918,1531 2851,1543 2791,1519 2528,1553 2423,1529 2384,1546 2336,1512 2232,1544 2160,1527"/>
                <Baseline points="2165,1560 2202,1560 2239,1560 2277,1562 2314,1562 2351,1562 2389,1563 2426,1564 2463,1565 2501,1566 2538,1567 2575,1568 2613,1569 2650,1569 2687,1569 2725,1571 2762,1571 2799,1571 2837,1571 2874,1571 2912,1569"/>
                <TextEquiv>
                    <Unicode>den annderen einem holtzehytter</Unicode>
                </TextEquiv>
            </TextLine>
            <TextLine id="r2l20" custom="readingOrder {index:19;}">
                <Coords points="2172,1649 2262,1634 2336,1679 2385,1646 2470,1670 2553,1643 2724,1678 2828,1636 2906,1652 2907,1593 2844,1616 2751,1577 2694,1610 2630,1569 2525,1610 2336,1611 2247,1586 2173,1606"/>
                <Baseline points="2178,1623 2214,1625 2250,1626 2286,1628 2322,1628 2358,1629 2394,1629 2431,1629 2467,1629 2503,1631 2539,1631 2575,1631 2611,1632 2647,1632 2684,1634 2720,1634 2756,1635 2792,1637 2828,1638 2864,1640 2901,1643"/>
                <TextEquiv>
                    <Unicode>umb in erntzer verkhanfft</Unicode>
                </TextEquiv>
            </TextLine>
            <TextLine id="r2l21" custom="readingOrder {index:20;} place {offset:3; length:8;}">
                <Coords points="2214,1739 2259,1728 2334,1731 2390,1714 2489,1723 2489,1698 2464,1700 2431,1677 2391,1686 2378,1676 2350,1685 2307,1678 2266,1692 2235,1666 2214,1661"/>
                <Baseline points="2219,1709 2245,1709 2271,1709 2298,1709 2324,1710 2351,1712 2377,1712 2403,1712 2430,1712 2456,1711 2483,1709"/>
                <TextEquiv>
                    <Unicode>zu Frünsten</Unicode>
                </TextEquiv>
            </TextLine>
            <TextLine id="r2l22" custom="readingOrder {index:21;}">
                <Coords points="2222,1781 2369,1783 2413,1818 2487,1775 2522,1803 2674,1779 2936,1794 2936,1731 2834,1756 2724,1731 2685,1756 2475,1755 2396,1714 2344,1748 2222,1739"/>
                <Baseline points="2228,1770 2263,1772 2298,1774 2333,1775 2368,1776 2403,1776 2438,1778 2474,1778 2509,1778 2544,1778 2579,1778 2614,1778 2649,1778 2684,1778 2720,1778 2755,1778 2790,1778 2825,1778 2860,1779 2895,1779 2931,1779"/>
                <TextEquiv>
                    <Unicode>mine, diß vegaugnen wuttes</Unicode>
                </TextEquiv>
            </TextLine>
            <TextLine id="r2l23" custom="readingOrder {index:22;}">
                <Coords points="2153,1828 2511,1835 2557,1870 2639,1873 2704,1843 2893,1863 2975,1847 2976,1821 2861,1786 2795,1814 2661,1784 2614,1814 2489,1778 2421,1818 2354,1784 2154,1793"/>
                <Baseline points="2159,1815 2199,1818 2240,1821 2280,1824 2321,1827 2361,1829 2402,1832 2442,1833 2483,1835 2523,1837 2564,1838 2605,1839 2645,1841 2686,1841 2726,1842 2767,1842 2807,1844 2848,1844 2888,1844 2929,1843 2970,1842"/>
                <TextEquiv>
                    <Unicode>eines buren knächt, inn des kammer</Unicode>
                </TextEquiv>
            </TextLine>
            <TextLine id="r2l24" custom="readingOrder {index:23;}">
                <Coords points="2149,1882 2249,1906 2314,1892 2378,1935 2468,1909 2527,1948 2607,1908 2880,1918 2882,1858 2801,1885 2657,1884 2586,1862 2420,1873 2368,1846 2309,1873 2215,1836 2150,1850"/>
                <Baseline points="2154,1880 2190,1882 2226,1884 2262,1887 2298,1889 2334,1892 2370,1893 2406,1895 2442,1896 2478,1899 2514,1901 2550,1901 2586,1902 2622,1904 2658,1905 2694,1905 2730,1907 2766,1907 2802,1907 2838,1907 2874,1907"/>
                <TextEquiv>
                    <Unicode>r übernaht beherbupet worden</Unicode>
                </TextEquiv>
            </TextLine>
            <TextLine id="r2l25" custom="readingOrder {index:24;}">
                <Coords points="2144,1968 2243,2000 2391,1965 2480,1998 2524,1966 2682,2006 2754,1970 2960,1976 2985,1921 2887,1894 2811,1944 2687,1918 2577,1950 2437,1919 2299,1943 2210,1905 2145,1921"/>
                <Baseline points="2150,1952 2191,1953 2232,1955 2274,1957 2315,1959 2357,1961 2398,1963 2439,1965 2481,1966 2522,1967 2564,1968 2605,1970 2646,1970 2688,1971 2729,1971 2771,1971 2812,1971 2853,1970 2895,1969 2936,1968 2978,1967"/>
                <TextEquiv>
                    <Unicode>vsf einem Tshopen vßem Seckill</Unicode>
                </TextEquiv>
            </TextLine>
            <TextLine id="r2l26" custom="readingOrder {index:25;}">
                <Coords points="2147,2051 2273,2029 2424,2067 2489,2038 2789,2042 2874,2080 2933,2066 2935,1995 2850,2012 2820,1985 2769,2010 2727,1990 2614,2017 2524,1966 2476,2000 2361,2011 2149,1982"/>
                <Baseline points="2154,2016 2192,2018 2231,2020 2270,2022 2308,2022 2347,2024 2386,2025 2424,2027 2463,2028 2502,2029 2541,2030 2579,2031 2618,2033 2657,2034 2695,2034 2734,2036 2773,2037 2811,2039 2850,2041 2889,2043 2928,2045"/>
                <TextEquiv>
                    <Unicode>so darunn gestecket, ein diekauff</Unicode>
                </TextEquiv>
            </TextLine>
            <TextLine id="r2l27" custom="readingOrder {index:26;}">
                <Coords points="2216,2115 2237,2111 2255,2117 2277,2101 2291,2112 2312,2101 2333,2113 2352,2114 2352,2072 2310,2064 2300,2073 2268,2069 2256,2077 2241,2064 2234,2064 2216,2073"/>
                <Baseline points="2222,2097 2253,2096 2284,2096 2315,2096 2346,2099"/>
                <TextEquiv>
                    <Unicode>domals</Unicode>
                </TextEquiv>
            </TextLine>
            <TextLine id="r2l28" custom="readingOrder {index:27;} place {offset:9; length:9;}">
                <Coords points="2124,2150 2201,2177 2338,2162 2432,2198 2692,2170 2814,2207 2935,2191 2918,2110 2798,2154 2595,2153 2520,2105 2470,2133 2126,2091"/>
                <Baseline points="2130,2153 2170,2155 2210,2158 2250,2160 2290,2162 2330,2164 2370,2165 2410,2166 2450,2168 2490,2168 2530,2168 2570,2169 2610,2169 2650,2171 2690,2171 2730,2172 2770,2174 2810,2175 2850,2177 2890,2178 2930,2181"/>
                <TextEquiv>
                    <Unicode>Aber, zu Trinstein, einen heblich</Unicode>
                </TextEquiv>
            </TextLine>
            <TextLine id="r2l29" custom="readingOrder {index:28;}">
                <Coords points="2141,2237 2253,2227 2282,2254 2474,2227 2512,2252 2573,2229 2661,2238 2694,2270 2858,2228 2897,2244 2898,2209 2813,2217 2721,2189 2646,2211 2583,2191 2416,2202 2355,2175 2310,2199 2143,2162"/>
                <Baseline points="2147,2214 2184,2216 2221,2217 2258,2219 2296,2220 2333,2222 2370,2223 2407,2225 2445,2226 2482,2228 2519,2229 2556,2231 2594,2231 2631,2232 2668,2234 2705,2234 2743,2234 2780,2234 2817,2234 2854,2234 2892,2234"/>
                <TextEquiv>
                    <Unicode>oder pfalben nacell, uss einem</Unicode>
                </TextEquiv>
            </TextLine>
            <TextLine id="r2l30" custom="readingOrder {index:29;}">
                <Coords points="2145,2284 2328,2332 2515,2288 2641,2295 2753,2337 2900,2336 2902,2250 2864,2230 2671,2279 2352,2246 2312,2272 2253,2226 2146,2234"/>
                <Baseline points="2151,2277 2188,2281 2225,2283 2262,2286 2299,2287 2337,2289 2374,2291 2411,2291 2448,2292 2485,2294 2523,2294 2560,2294 2597,2295 2634,2295 2671,2295 2709,2296 2746,2297 2783,2297 2820,2298 2857,2298 2895,2300"/>
                <TextEquiv>
                    <Unicode>wapten so vnder einen schopff</Unicode>
                </TextEquiv>
            </TextLine>
            <TextLine id="r2l31" custom="readingOrder {index:30;}">
                <Coords points="2145,2379 2197,2403 2260,2369 2370,2389 2486,2364 2685,2387 2894,2370 2894,2345 2777,2350 2714,2313 2648,2346 2317,2347 2217,2297 2147,2296"/>
                <Baseline points="2151,2343 2187,2348 2224,2351 2261,2354 2298,2357 2335,2360 2372,2361 2408,2363 2445,2364 2482,2364 2519,2366 2556,2366 2593,2367 2630,2367 2666,2367 2703,2367 2740,2369 2777,2369 2814,2370 2851,2372 2888,2372"/>
                <TextEquiv>
                    <Unicode>gstund₎ genomen hand einen</Unicode>
                </TextEquiv>
            </TextLine>
            <TextLine id="r2l32" custom="readingOrder {index:31;}">
                <Coords points="2152,2478 2215,2447 2303,2445 2344,2472 2445,2440 2523,2488 2578,2488 2628,2456 2683,2488 2732,2454 2783,2451 2785,2413 2715,2422 2691,2405 2642,2426 2596,2385 2526,2427 2459,2426 2427,2398 2273,2414 2156,2397"/>
                <Baseline points="2160,2423 2190,2425 2221,2427 2252,2429 2283,2432 2314,2433 2345,2436 2376,2438 2407,2439 2438,2442 2469,2444 2499,2445 2530,2447 2561,2448 2592,2448 2623,2448 2654,2448 2685,2448 2716,2447 2747,2445 2778,2444"/>
                <TextEquiv>
                    <Unicode>heren umb mi ß gaben</Unicode>
                </TextEquiv>
            </TextLine>
            <TextEquiv>
                <Unicode>Denne nechstuerschinnens frulings
zu Bitlen uss des predirenen Hans
der ime übernachtt behalten, auch er
schüeli teinsell enragt unnd eine
Müller knache so zu Gollins pe
dienen umb puri Batzen verkhaufft
Denne vor deyen Jaren allewyl er zu
nderlagpen erdienet, Inn des
mans zu ihnn euss ✳ ein kleinen
Gilberunrn bach entfrömbden
vnnd Ludi Unwenschwender ge¬
wüshnen wei zu Munstign
umb xx batz und zwo vrrmen
gäben
Eber diß fenlings zu Vlnntz den
schidlens huss zwey ysin wegs
ess dee Kluhi guon den einen figg
ysen dem schmid umb in groß und
den annderen einem holtzehytter
umb in erntzer verkhanfft
zu Frünsten
mine, diß vegaugnen wuttes
eines buren knächt, inn des kammer
r übernaht beherbupet worden
vsf einem Tshopen vßem Seckill
so darunn gestecket, ein diekauff
domals
Aber, zu Trinstein, einen heblich
oder pfalben nacell, uss einem
wapten so vnder einen schopff
gstund₎ genomen hand einen
heren umb mi ß gaben</Unicode>
            </TextEquiv>
        </TextRegion>
    </Page>
</PcGts>
