<?xml version="1.0" encoding="UTF-8" standalone="yes"?>
<PcGts xmlns="http://schema.primaresearch.org/PAGE/gts/pagecontent/2013-07-15" xmlns:xsi="http://www.w3.org/2001/XMLSchema-instance" xsi:schemaLocation="http://schema.primaresearch.org/PAGE/gts/pagecontent/2013-07-15 http://schema.primaresearch.org/PAGE/gts/pagecontent/2013-07-15/pagecontent.xsd">
    <Metadata>
        <Creator>prov=University of Rostock/Institute of Mathematics/CITlab|PLANET AI GmbH/Gundram Leifert/gundram.leifert@planet-ai.de:name=German_Kurrent_XVI-XVIII_M1(htr_id=19584)::::v=2.6.7
prov=University of Rostock/Institute of Mathematics/CITlab|PLANET AI GmbH/Tobias Gruening/tobias.gruening@planet-ai.de:name=de.uros.citlab.module.baseline2polygon.B2PSeamMultiOriented:v=2.6.7
prov=University of Rostock/Institute of Mathematics/CITlab|PLANET AI GmbH/Tobias Gruening/tobias.gruening@planet-ai.de:name=/net_tf/LA73_249_0mod360.pb:de.uros.citlab.segmentation.CITlab_LA_ML:v=2.6.7
prov=University of Rostock/Institute of Mathematics/CITlab|PLANET AI GmbH/Gundram Leifert/gundram.leifert@planet-ai.de:name=Turmbücher_StaBe_3_A.Funk(htr_id=27278)::::v=2.6.7
prov=University of Rostock/Institute of Mathematics/CITlab|PLANET AI GmbH/Tobias Gruening/tobias.gruening@planet-ai.de:name=de.uros.citlab.module.baseline2polygon.B2PSeamMultiOriented:v=2.6.7
prov=University of Rostock/Institute of Mathematics/CITlab|PLANET AI GmbH/Tobias Gruening/tobias.gruening@planet-ai.de:name=/net_tf/LA73_249_0mod360.pb:de.uros.citlab.segmentation.CITlab_LA_ML:v=2.6.6
Transkribus</Creator>
        <Created>2020-10-05T14:57:46.490+02:00</Created>
        <LastChange>2022-09-09T16:13:34.078+02:00</LastChange>
        <TranskribusMetadata docId="1334779" pageId="52354320" pageNr="26" tsid="114635901" status="IN_PROGRESS" userId="9570" imgUrl="https://files.transkribus.eu/Get?id=IAWOBUSNJEYNKXTAMZXPEGMJ&amp;fileType=view" xmlUrl="https://files.transkribus.eu/Get?id=KIIDATEXYWSSHASTNBOLNMWQ" imageId="16062358"/>
    </Metadata>
    <Page imageFilename="Turmbücher BIX 434 _00026-20200925_135016.jpg" imageWidth="4160" imageHeight="3120">
        <ReadingOrder>
            <OrderedGroup id="ro_1687513995829" caption="Regions reading order">
                <RegionRefIndexed index="0" regionRef="r1"/>
                <RegionRefIndexed index="1" regionRef="r2"/>
            </OrderedGroup>
        </ReadingOrder>
        <TextRegion orientation="0.0" id="r1" custom="readingOrder {index:0;}">
            <Coords points="1070,211 1070,2497 1917,2497 1917,211"/>
            <TextLine id="r1l1" custom="readingOrder {index:0;} person {offset:24; length:5; continued:true;}">
                <Coords points="1103,248 1421,274 1514,251 1618,288 1691,276 1751,310 1870,282 1872,246 1833,257 1762,211 1696,239 1540,199 1397,239 1229,204 1158,141 1108,160"/>
                <Baseline points="1109,240 1146,243 1184,246 1222,249 1260,251 1298,252 1335,255 1373,257 1411,258 1449,260 1487,261 1524,263 1562,264 1600,266 1638,268 1676,271 1713,274 1751,276 1789,279 1827,282 1865,285"/>
                <TextEquiv>
                    <Unicode>Aber vor einem Jar, dem Jacob</Unicode>
                </TextEquiv>
            </TextLine>
            <TextLine id="r1l2" custom="readingOrder {index:1;} person {offset:0; length:11; continued:true;}">
                <Coords points="1111,323 1380,368 1477,320 1597,374 1664,338 1795,345 1824,374 1900,360 1902,320 1841,287 1772,315 1643,282 1562,295 1517,252 1447,292 1393,264 1288,281 1115,253"/>
                <Baseline points="1118,296 1156,300 1195,305 1234,308 1273,311 1312,314 1351,317 1389,318 1428,321 1467,323 1506,324 1545,326 1584,327 1623,329 1661,331 1700,333 1739,335 1778,338 1817,342 1856,346 1895,350"/>
                <TextEquiv>
                    <Unicode>Shwyserysen ußs seiner werchstett</Unicode>
                </TextEquiv>
            </TextLine>
            <TextLine id="r1l3" custom="readingOrder {index:2;}">
                <Coords points="1116,384 1205,372 1289,405 1372,388 1465,428 1566,396 1701,453 1743,428 1786,455 1865,415 1868,364 1823,374 1791,344 1712,380 1526,371 1469,328 1380,368 1196,359 1158,328 1118,342"/>
                <Baseline points="1122,368 1158,372 1195,376 1232,379 1269,381 1306,383 1343,386 1380,389 1417,390 1454,392 1491,393 1527,394 1564,396 1601,397 1638,398 1675,401 1712,402 1749,403 1786,406 1823,408 1860,410"/>
                <TextEquiv>
                    <Unicode>ein nuwe Elchs einrag, dieselb</Unicode>
                </TextEquiv>
            </TextLine>
            <TextLine id="r1l4" custom="readingOrder {index:3;}">
                <Coords points="1106,466 1413,454 1475,482 1560,468 1594,496 1786,475 1892,514 1902,464 1824,436 1699,452 1444,411 1109,416"/>
                <Baseline points="1113,443 1152,444 1191,446 1230,449 1269,450 1308,452 1347,454 1387,456 1426,458 1465,459 1504,461 1543,462 1582,464 1621,467 1661,469 1700,470 1739,473 1778,476 1817,479 1856,482 1896,485"/>
                <TextEquiv>
                    <Unicode>einem landtman umb v. batz</Unicode>
                </TextEquiv>
            </TextLine>
            <TextLine id="r1l5" custom="readingOrder {index:4;}">
                <Coords points="1111,570 1149,544 1194,573 1228,558 1273,580 1325,547 1407,574 1586,554 1587,527 1487,480 1406,515 1314,463 1258,509 1183,468 1116,473"/>
                <Baseline points="1119,527 1144,527 1170,528 1196,528 1221,529 1247,530 1273,531 1298,532 1324,534 1350,535 1375,536 1401,538 1427,539 1452,541 1478,542 1504,543 1529,545 1555,545 1581,546"/>
                <TextEquiv>
                    <Unicode>zekhhouffen glassen</Unicode>
                </TextEquiv>
            </TextLine>
            <TextLine id="r1l6" custom="readingOrder {index:5;}">
                <Coords points="1087,682 1254,677 1325,705 1386,685 1455,730 1561,678 1868,686 1868,643 1581,658 1473,606 1341,601 1218,648 1088,577"/>
                <Baseline points="1092,668 1130,670 1169,673 1207,675 1246,676 1284,677 1323,678 1361,678 1400,678 1438,678 1477,678 1515,678 1554,678 1592,678 1631,678 1669,678 1708,678 1746,680 1785,680 1823,681 1862,684"/>
                <TextEquiv>
                    <Unicode>Ittem diss verschiinen wunters</Unicode>
                </TextEquiv>
            </TextLine>
            <TextLine id="r1l7" custom="readingOrder {index:6;} person {offset:0; length:12;}">
                <Coords points="1101,749 1170,742 1216,777 1296,746 1364,800 1420,765 1675,761 1707,784 1898,752 1817,712 1293,732 1102,686"/>
                <Baseline points="1107,738 1146,741 1185,744 1224,746 1264,748 1303,749 1342,750 1382,750 1421,752 1460,752 1500,752 1539,752 1578,752 1617,752 1657,752 1696,752 1735,752 1775,752 1814,753 1853,754 1893,755"/>
                <TextEquiv>
                    <Unicode>Hansen Spani dem Mezger, vor</Unicode>
                </TextEquiv>
            </TextLine>
            <TextLine id="r1l8" custom="readingOrder {index:7;}">
                <Coords points="1098,814 1195,848 1534,827 1574,868 1618,839 1651,866 1713,827 1923,839 1923,780 1877,768 1722,798 1645,763 1496,810 1394,783 1364,807 1247,795 1197,764 1099,780"/>
                <Baseline points="1104,809 1144,813 1185,817 1225,819 1266,822 1307,824 1347,825 1388,825 1429,825 1469,827 1510,825 1551,825 1591,825 1632,825 1673,825 1713,824 1754,824 1795,825 1835,825 1876,827 1917,828"/>
                <TextEquiv>
                    <Unicode>nachts vor seinen pfensteren dannen</Unicode>
                </TextEquiv>
            </TextLine>
            <TextLine id="r1l9" custom="readingOrder {index:8;}">
                <Coords points="1098,927 1142,909 1263,933 1358,897 1475,929 1570,897 1773,897 1859,928 1878,866 1629,853 1590,878 1500,842 1374,874 1261,852 1222,870 1099,827"/>
                <Baseline points="1104,884 1142,886 1180,888 1219,890 1257,893 1296,894 1334,894 1372,896 1411,897 1449,897 1488,897 1526,899 1564,899 1603,899 1641,899 1680,899 1718,899 1756,899 1795,899 1833,897 1872,897"/>
                <TextEquiv>
                    <Unicode>zwoy hembdli unnd die einem</Unicode>
                </TextEquiv>
            </TextLine>
            <TextLine id="r1l10" custom="readingOrder {index:9;}">
                <Coords points="1098,970 1135,959 1243,994 1284,966 1357,965 1455,1005 1627,965 1677,1015 1709,991 1817,996 1818,940 1790,934 1615,943 1589,921 1483,949 1449,913 1392,937 1340,903 1285,939 1099,928"/>
                <Baseline points="1103,954 1138,955 1173,956 1209,957 1244,959 1280,960 1315,960 1351,961 1386,962 1422,962 1457,963 1492,963 1528,963 1563,965 1599,965 1634,966 1670,966 1705,968 1741,969 1776,971 1812,972"/>
                <TextEquiv>
                    <Unicode>metzger knacht umb vi bais</Unicode>
                </TextEquiv>
            </TextLine>
            <TextLine id="r1l11" custom="readingOrder {index:10;}">
                <Coords points="1099,1054 1133,1056 1173,1039 1209,1037 1229,1023 1260,1038 1291,1033 1323,1040 1339,1035 1341,983 1309,977 1283,995 1275,989 1251,1001 1234,991 1200,990 1180,968 1102,967"/>
                <Baseline points="1106,1014 1131,1016 1156,1017 1182,1017 1207,1017 1232,1019 1258,1020 1283,1020 1308,1024 1334,1026"/>
                <TextEquiv>
                    <Unicode>gäben</Unicode>
                </TextEquiv>
            </TextLine>
            <TextLine id="r1l12" custom="readingOrder {index:11;} person {offset:18; length:12; continued:true;}">
                <Coords points="1086,1136 1299,1153 1341,1180 1494,1140 1697,1192 1754,1150 1893,1166 1884,1099 1769,1121 1653,1089 1585,1116 1364,1096 1264,1124 1145,1069 1086,1086"/>
                <Baseline points="1092,1149 1131,1149 1171,1149 1211,1148 1251,1148 1290,1148 1330,1148 1370,1148 1410,1148 1449,1148 1489,1148 1529,1148 1569,1148 1608,1148 1648,1148 1688,1149 1728,1149 1767,1149 1807,1149 1847,1150 1887,1151"/>
                <TextEquiv>
                    <Unicode>IImne habe er des Wilhelm Pack</Unicode>
                </TextEquiv>
            </TextLine>
            <TextLine id="r1l13" custom="readingOrder {index:12;} person {offset:0; length:7; continued:true;} place {offset:11; length:9;}">
                <Coords points="1105,1223 1257,1227 1340,1196 1400,1237 1558,1216 1598,1239 1636,1213 1760,1259 1837,1229 1901,1238 1901,1194 1816,1167 1657,1198 1486,1158 1419,1189 1106,1140"/>
                <Baseline points="1110,1206 1149,1208 1188,1209 1227,1211 1267,1211 1306,1211 1345,1211 1385,1212 1424,1212 1463,1212 1503,1212 1542,1212 1581,1212 1620,1212 1660,1213 1699,1214 1738,1215 1778,1215 1817,1217 1856,1218 1896,1220"/>
                <TextEquiv>
                    <Unicode>frouwen by hollingen, die schwert</Unicode>
                </TextEquiv>
            </TextLine>
            <TextLine id="r1l14" custom="readingOrder {index:13;}">
                <Coords points="1124,1284 1162,1307 1265,1281 1402,1299 1589,1280 1658,1310 1850,1293 1850,1240 1694,1267 1569,1242 1486,1255 1436,1228 1384,1261 1304,1230 1125,1225"/>
                <Baseline points="1130,1275 1165,1277 1201,1277 1237,1278 1273,1278 1308,1278 1344,1280 1380,1280 1416,1280 1451,1280 1487,1281 1523,1281 1559,1281 1594,1281 1630,1281 1666,1281 1702,1280 1737,1280 1773,1280 1809,1280 1845,1278"/>
                <TextEquiv>
                    <Unicode>voeketten, so er anweg unnd</Unicode>
                </TextEquiv>
            </TextLine>
            <TextLine id="r1l15" custom="readingOrder {index:14;}">
                <Coords points="1123,1348 1307,1367 1394,1346 1516,1394 1624,1358 1789,1373 1892,1349 1892,1315 1746,1321 1625,1289 1501,1328 1426,1302 1206,1322 1123,1284"/>
                <Baseline points="1128,1343 1167,1343 1207,1344 1247,1344 1287,1344 1327,1344 1367,1344 1407,1346 1447,1346 1487,1346 1527,1347 1567,1347 1607,1347 1647,1347 1687,1347 1727,1347 1767,1347 1807,1346 1847,1346 1887,1344"/>
                <TextEquiv>
                    <Unicode>Domaln vor dem husggehangett</Unicode>
                </TextEquiv>
            </TextLine>
            <TextLine id="r1l16" custom="readingOrder {index:15;}">
                <Coords points="1116,1432 1505,1414 1587,1461 1643,1460 1799,1428 1870,1444 1871,1389 1812,1365 1745,1402 1640,1372 1522,1399 1481,1372 1444,1388 1391,1363 1117,1355"/>
                <Baseline points="1121,1407 1158,1407 1195,1407 1232,1409 1269,1409 1307,1410 1344,1411 1381,1412 1418,1413 1455,1414 1493,1415 1530,1416 1567,1418 1604,1418 1641,1419 1679,1419 1716,1421 1753,1421 1790,1421 1827,1421 1865,1419"/>
                <TextEquiv>
                    <Unicode>imme zeentlenen anpsprochen, das</Unicode>
                </TextEquiv>
            </TextLine>
            <TextLine id="r1l17" custom="readingOrder {index:16;}">
                <Coords points="1135,1492 1251,1507 1384,1476 1434,1518 1487,1481 1616,1502 1725,1485 1804,1533 1883,1492 1884,1443 1742,1433 1663,1468 1617,1446 1136,1440"/>
                <Baseline points="1140,1478 1176,1478 1213,1478 1250,1478 1287,1478 1324,1478 1361,1479 1397,1479 1434,1481 1471,1482 1508,1482 1545,1484 1582,1485 1619,1487 1655,1487 1692,1488 1729,1489 1766,1490 1803,1491 1840,1491 1877,1491"/>
                <TextEquiv>
                    <Unicode>y aber nitt thun wollen, deßhalb</Unicode>
                </TextEquiv>
            </TextLine>
            <TextLine id="r1l18" custom="readingOrder {index:17;}">
                <Coords points="1123,1544 1202,1572 1255,1536 1417,1541 1591,1589 1687,1582 1757,1546 1862,1578 1863,1524 1714,1525 1580,1490 1455,1526 1399,1499 1323,1522 1124,1508"/>
                <Baseline points="1128,1536 1164,1538 1200,1538 1237,1538 1273,1539 1310,1539 1346,1541 1383,1542 1419,1543 1456,1545 1492,1545 1528,1547 1565,1548 1601,1548 1638,1550 1674,1550 1711,1550 1747,1550 1784,1550 1820,1549 1857,1548"/>
                <TextEquiv>
                    <Unicode>ser gewarttet biss sy hinwag</Unicode>
                </TextEquiv>
            </TextLine>
            <TextLine id="r1l19" custom="readingOrder {index:18;}">
                <Coords points="1119,1620 1238,1600 1533,1617 1594,1662 1645,1618 1737,1619 1791,1652 1880,1623 1881,1586 1796,1574 1761,1603 1649,1568 1563,1598 1436,1561 1120,1577"/>
                <Baseline points="1125,1602 1162,1602 1200,1604 1237,1604 1275,1605 1312,1607 1350,1608 1387,1609 1425,1610 1462,1611 1500,1613 1537,1614 1575,1616 1612,1616 1650,1617 1687,1617 1725,1619 1762,1619 1800,1619 1837,1617 1875,1617"/>
                <TextEquiv>
                    <Unicode>vnnd niemandes vorhanden gsin</Unicode>
                </TextEquiv>
            </TextLine>
            <TextLine id="r1l20" custom="readingOrder {index:19;}">
                <Coords points="1113,1683 1574,1685 1664,1711 1746,1681 1829,1687 1830,1653 1737,1664 1693,1630 1593,1662 1549,1622 1506,1619 1428,1643 1316,1621 1114,1646"/>
                <Baseline points="1119,1670 1154,1671 1189,1673 1224,1673 1260,1674 1295,1676 1330,1677 1365,1678 1401,1679 1436,1680 1471,1680 1506,1682 1542,1682 1577,1683 1612,1683 1647,1683 1683,1683 1718,1682 1753,1682 1788,1680 1824,1679"/>
                <TextEquiv>
                    <Unicode>vnnd also die Hocketten darnach</Unicode>
                </TextEquiv>
            </TextLine>
            <TextLine id="r1l21" custom="readingOrder {index:20;}">
                <Coords points="1095,1742 1168,1738 1249,1785 1349,1735 1423,1763 1485,1744 1879,1755 1879,1730 1727,1701 1371,1713 1264,1682 1193,1720 1096,1696"/>
                <Baseline points="1100,1734 1138,1735 1177,1736 1216,1737 1254,1739 1293,1739 1332,1740 1370,1740 1409,1742 1448,1743 1487,1743 1525,1743 1564,1745 1603,1745 1641,1745 1680,1746 1719,1746 1757,1746 1796,1746 1835,1746 1874,1746"/>
                <TextEquiv>
                    <Unicode>erwitscht vnnd darmitt danuon</Unicode>
                </TextEquiv>
            </TextLine>
            <TextLine id="r1l22" custom="readingOrder {index:21;}">
                <Coords points="1091,1829 1107,1830 1120,1840 1149,1819 1170,1822 1187,1832 1201,1826 1214,1829 1217,1776 1209,1778 1187,1771 1174,1778 1159,1763 1150,1770 1133,1770 1127,1764 1118,1767 1096,1757"/>
                <Baseline points="1098,1811 1125,1812 1153,1811 1181,1813 1209,1820"/>
                <TextEquiv>
                    <Unicode>Zos</Unicode>
                </TextEquiv>
            </TextLine>
            <TextLine id="r1l23" custom="readingOrder {index:22;}">
                <Coords points="1067,1935 1381,1922 1408,1946 1543,1919 1605,1952 1873,1943 1873,1898 1805,1904 1719,1857 1566,1900 1523,1871 1451,1895 1310,1861 1246,1889 1068,1849"/>
                <Baseline points="1073,1919 1112,1919 1152,1919 1192,1919 1232,1919 1271,1919 1311,1920 1351,1920 1391,1920 1430,1922 1470,1922 1510,1922 1550,1923 1589,1923 1629,1923 1669,1923 1709,1923 1748,1923 1788,1923 1828,1923 1868,1922"/>
                <TextEquiv>
                    <Unicode>Denne so seye er ouch einest mitt</Unicode>
                </TextEquiv>
            </TextLine>
            <TextLine id="r1l24" custom="readingOrder {index:23;}">
                <Coords points="1101,1988 1285,1972 1641,2016 1813,1983 1856,2004 1857,1951 1828,1942 1734,1960 1693,1933 1612,1963 1542,1920 1488,1961 1334,1955 1299,1928 1232,1954 1102,1944"/>
                <Baseline points="1107,1970 1144,1970 1181,1971 1218,1973 1255,1973 1293,1974 1330,1975 1367,1976 1404,1977 1441,1978 1479,1979 1516,1980 1553,1980 1590,1981 1627,1982 1665,1982 1702,1983 1739,1983 1776,1983 1813,1985 1851,1985"/>
                <TextEquiv>
                    <Unicode>ruwe Trtteren, alhie inn das</Unicode>
                </TextEquiv>
            </TextLine>
            <TextLine id="r1l25" custom="readingOrder {index:24;}">
                <Coords points="1092,2077 1127,2094 1187,2055 1267,2094 1474,2056 1569,2097 1659,2064 1753,2106 1823,2070 1858,2090 1859,2042 1768,2010 1648,2033 1577,2007 1468,2035 1398,1999 1301,2025 1231,1990 1094,1995"/>
                <Baseline points="1098,2040 1135,2042 1173,2045 1211,2046 1249,2047 1287,2048 1324,2049 1362,2049 1400,2051 1438,2051 1476,2052 1513,2052 1551,2052 1589,2054 1627,2054 1665,2055 1702,2055 1740,2057 1778,2058 1816,2059 1854,2061"/>
                <TextEquiv>
                    <Unicode>schlach huss zum tach hinm gsig</Unicode>
                </TextEquiv>
            </TextLine>
            <TextLine id="r1l26" custom="readingOrder {index:25;}">
                <Coords points="1087,2130 1165,2168 1241,2124 1300,2166 1428,2133 1479,2159 1537,2124 1646,2159 1722,2137 1763,2167 1844,2129 1845,2091 1812,2073 1742,2103 1674,2068 1455,2106 1406,2076 1359,2098 1314,2071 1275,2098 1178,2067 1146,2092 1088,2083"/>
                <Baseline points="1092,2112 1129,2114 1166,2116 1204,2118 1241,2118 1278,2120 1316,2121 1353,2121 1390,2121 1428,2123 1465,2123 1502,2123 1540,2123 1577,2124 1614,2124 1652,2125 1689,2126 1726,2126 1764,2127 1801,2129 1839,2130"/>
                <TextEquiv>
                    <Unicode>ouch stunst zwoy mal ✳ zwnsch</Unicode>
                </TextEquiv>
            </TextLine>
            <TextLine id="r1l27" custom="readingOrder {index:26;}">
                <Coords points="1084,2199 1196,2185 1313,2229 1361,2194 1594,2194 1694,2243 1871,2209 1872,2157 1786,2146 1759,2167 1722,2138 1657,2170 1581,2149 1543,2169 1425,2132 1364,2173 1209,2134 1167,2169 1084,2150"/>
                <Baseline points="1089,2192 1127,2192 1166,2191 1205,2190 1244,2190 1283,2190 1322,2190 1360,2190 1399,2190 1438,2190 1477,2190 1516,2190 1555,2190 1594,2192 1632,2192 1671,2193 1710,2195 1749,2195 1788,2196 1827,2198 1866,2199"/>
                <TextEquiv>
                    <Unicode>dem Nachtmal, do das schlachhuß</Unicode>
                </TextEquiv>
            </TextLine>
            <TextLine id="r1l28" custom="readingOrder {index:27;}">
                <Coords points="1087,2270 1139,2253 1381,2310 1419,2283 1494,2302 1650,2259 1781,2302 1882,2283 1882,2238 1782,2228 1684,2243 1627,2219 1588,2240 1517,2216 1465,2238 1387,2205 1087,2235"/>
                <Baseline points="1092,2256 1131,2257 1170,2258 1209,2259 1249,2261 1288,2261 1327,2261 1366,2262 1406,2262 1445,2262 1484,2262 1523,2262 1563,2262 1602,2262 1641,2262 1680,2262 1720,2262 1759,2263 1798,2264 1837,2265 1877,2265"/>
                <TextEquiv>
                    <Unicode>mit beschlossen gsin, darin gang</Unicode>
                </TextEquiv>
            </TextLine>
            <TextLine id="r1l29" custom="readingOrder {index:28;}">
                <Coords points="1065,2334 1162,2343 1200,2379 1271,2335 1404,2339 1443,2373 1521,2333 1865,2335 1865,2295 1065,2298"/>
                <Baseline points="1070,2334 1109,2334 1149,2334 1188,2334 1228,2334 1267,2334 1307,2334 1346,2333 1386,2333 1425,2331 1465,2331 1504,2330 1544,2330 1583,2330 1623,2330 1662,2330 1702,2330 1741,2330 1781,2331 1820,2333 1860,2334"/>
                <TextEquiv>
                    <Unicode>ettliche Utterli unnd lauen</Unicode>
                </TextEquiv>
            </TextLine>
            <TextLine id="r1l30" custom="readingOrder {index:29;}">
                <Coords points="1087,2427 1241,2398 1471,2398 1667,2428 1706,2402 1836,2406 1852,2367 1793,2368 1750,2333 1682,2363 1516,2375 1417,2352 1376,2376 1342,2352 1270,2381 1087,2371"/>
                <Baseline points="1092,2405 1129,2403 1167,2401 1205,2400 1243,2399 1280,2399 1318,2397 1356,2397 1394,2397 1431,2397 1469,2398 1507,2399 1545,2399 1582,2399 1620,2399 1658,2399 1696,2399 1733,2399 1771,2399 1809,2399 1847,2397"/>
                <TextEquiv>
                    <Unicode>von den kinderen abgehouwen</Unicode>
                </TextEquiv>
            </TextLine>
            <TextLine id="r1l31" custom="readingOrder {index:30;}">
                <Coords points="1075,2511 1185,2475 1230,2502 1349,2490 1410,2516 1504,2473 1647,2526 1751,2480 1823,2493 1823,2457 1751,2456 1709,2423 1514,2411 1454,2448 1075,2437"/>
                <Baseline points="1080,2469 1116,2469 1153,2471 1190,2471 1227,2471 1264,2471 1301,2471 1338,2469 1375,2469 1412,2469 1449,2469 1485,2469 1522,2469 1559,2470 1596,2471 1633,2472 1670,2472 1707,2474 1744,2476 1781,2479 1818,2481"/>
                <TextEquiv>
                    <Unicode>heim gewagen unnd gässen</Unicode>
                </TextEquiv>
            </TextLine>
            <TextEquiv>
                <Unicode>Aber vor einem Jar, dem Jacob
Shwyserysen ußs seiner werchstett
ein nuwe Elchs einrag, dieselb
einem landtman umb v. batz
zekhhouffen glassen
Ittem diss verschiinen wunters
Hansen Spani dem Mezger, vor
nachts vor seinen pfensteren dannen
zwoy hembdli unnd die einem
metzger knacht umb vi bais
gäben
IImne habe er des Wilhelm Pack
frouwen by hollingen, die schwert
voeketten, so er anweg unnd
Domaln vor dem husggehangett
imme zeentlenen anpsprochen, das
y aber nitt thun wollen, deßhalb
ser gewarttet biss sy hinwag
vnnd niemandes vorhanden gsin
vnnd also die Hocketten darnach
erwitscht vnnd darmitt danuon
Zos
Denne so seye er ouch einest mitt
ruwe Trtteren, alhie inn das
schlach huss zum tach hinm gsig
ouch stunst zwoy mal ✳ zwnsch
dem Nachtmal, do das schlachhuß
mit beschlossen gsin, darin gang
ettliche Utterli unnd lauen
von den kinderen abgehouwen
heim gewagen unnd gässen</Unicode>
            </TextEquiv>
        </TextRegion>
        <TextRegion orientation="0.0" id="r2" custom="readingOrder {index:1;}">
            <Coords points="1980,176 1980,2695 2885,2695 2885,176"/>
            <TextLine id="r2l1" custom="readingOrder {index:0;}">
                <Coords points="2801,214 2809,216 2811,213 2827,220 2834,217 2839,221 2844,218 2849,221 2865,206 2878,205 2880,168 2861,166 2842,182 2837,182 2830,174 2803,173"/>
                <Baseline points="2807,201 2840,204 2873,204"/>
                <TextEquiv>
                    <Unicode>24</Unicode>
                </TextEquiv>
            </TextLine>
            <TextLine id="r2l2" custom="readingOrder {index:1;}">
                <Coords points="2031,294 2418,265 2499,297 2744,244 2848,271 2865,216 2767,189 2332,244 2028,222"/>
                <Baseline points="2036,284 2077,282 2118,281 2159,279 2201,276 2242,273 2283,270 2324,267 2366,264 2407,260 2448,257 2489,255 2531,252 2572,251 2613,249 2654,248 2696,248 2737,248 2778,249 2819,252 2861,255"/>
                <TextEquiv>
                    <Unicode>Item abermals alhie inn der meizen</Unicode>
                </TextEquiv>
            </TextLine>
            <TextLine id="r2l3" custom="readingOrder {index:2;} person {offset:28; length:5; continued:true;}">
                <Coords points="2053,371 2154,345 2277,387 2395,331 2577,356 2744,314 2891,319 2888,264 2808,254 2432,308 2278,284 2147,324 2049,296"/>
                <Baseline points="2057,344 2098,344 2139,342 2181,341 2222,340 2264,338 2305,336 2346,335 2388,333 2429,330 2471,328 2512,326 2553,324 2595,321 2636,320 2678,318 2719,316 2760,315 2802,314 2843,314 2885,314"/>
                <TextEquiv>
                    <Unicode>inn zusachen vlerlüthen dem Hanns</Unicode>
                </TextEquiv>
            </TextLine>
            <TextLine id="r2l4" custom="readingOrder {index:3;} person {offset:0; length:9; continued:true;}">
                <Coords points="2055,435 2112,407 2211,430 2252,414 2349,457 2446,430 2474,445 2518,416 2601,434 2803,389 2801,323 2495,381 2453,353 2344,346 2301,381 2053,375"/>
                <Baseline points="2060,404 2096,405 2133,406 2170,407 2207,407 2244,407 2281,407 2318,407 2355,405 2392,405 2429,404 2465,402 2502,402 2539,401 2576,399 2613,396 2650,395 2687,393 2724,391 2761,389 2798,387"/>
                <TextEquiv>
                    <Unicode>Rottinger uss schuli dry diekp</Unicode>
                </TextEquiv>
            </TextLine>
            <TextLine id="r2l5" custom="readingOrder {index:4;}">
                <Coords points="2050,511 2370,483 2588,517 2662,472 2694,491 2736,465 2782,495 2849,470 2848,428 2773,392 2731,433 2656,448 2592,428 2482,452 2446,430 2416,458 2048,460"/>
                <Baseline points="2054,482 2093,482 2132,482 2172,482 2211,482 2251,480 2290,479 2330,479 2369,477 2409,476 2448,474 2487,473 2527,471 2566,470 2606,468 2645,466 2685,464 2724,462 2764,461 2803,459 2843,458"/>
                <TextEquiv>
                    <Unicode>genomen, unnd deplychen pethan</Unicode>
                </TextEquiv>
            </TextLine>
            <TextLine id="r2l6" custom="readingOrder {index:5;}">
                <Coords points="2047,585 2278,555 2390,592 2437,560 2487,595 2583,543 2859,541 2866,503 2738,466 2602,517 2395,493 2260,521 2218,495 2045,528"/>
                <Baseline points="2051,555 2091,557 2132,557 2172,555 2213,555 2253,554 2294,553 2334,551 2375,549 2415,547 2456,545 2496,542 2537,540 2577,538 2618,536 2658,533 2699,531 2739,530 2780,527 2820,526 2861,524"/>
                <TextEquiv>
                    <Unicode>als wöllee ers für sinen domaln</Unicode>
                </TextEquiv>
            </TextLine>
            <TextLine id="r2l7" custom="readingOrder {index:6;}">
                <Coords points="2038,663 2127,637 2171,666 2226,624 2361,673 2496,621 2711,596 2831,633 2867,608 2865,541 2493,596 2428,558 2388,597 2228,602 2175,570 2036,603"/>
                <Baseline points="2042,629 2085,627 2128,627 2171,626 2214,624 2257,623 2300,622 2343,620 2386,618 2429,618 2473,615 2516,614 2559,612 2602,609 2645,607 2688,606 2731,603 2774,602 2817,599 2861,596"/>
                <TextEquiv>
                    <Unicode>gewäsenen meyster entleuen wölches</Unicode>
                </TextEquiv>
            </TextLine>
            <TextLine id="r2l8" custom="readingOrder {index:7;}">
                <Coords points="2031,718 2204,694 2284,747 2373,699 2556,695 2603,728 2681,688 2788,721 2858,703 2849,634 2725,656 2620,634 2433,674 2399,648 2361,673 2301,650 2031,671"/>
                <Baseline points="2036,693 2076,693 2117,695 2158,695 2199,695 2240,695 2280,695 2321,695 2362,695 2403,695 2444,695 2484,695 2525,694 2566,693 2607,693 2648,691 2688,690 2729,688 2770,686 2811,683 2852,680"/>
                <TextEquiv>
                    <Unicode>aber nitt, sonnders er die selbs behalt</Unicode>
                </TextEquiv>
            </TextLine>
            <TextLine id="r2l9" custom="readingOrder {index:8;}">
                <Coords points="2032,783 2268,758 2538,782 2700,762 2758,787 2800,774 2800,717 2284,747 2237,710 2198,733 2129,708 2083,744 2032,738"/>
                <Baseline points="2037,762 2074,762 2112,761 2150,761 2188,761 2226,761 2264,761 2302,762 2340,762 2378,763 2416,764 2453,764 2491,765 2529,765 2567,765 2605,764 2643,764 2681,762 2719,761 2757,759 2795,756"/>
                <TextEquiv>
                    <Unicode>unnd veruntruwen wollen. Die</Unicode>
                </TextEquiv>
            </TextLine>
            <TextLine id="r2l10" custom="readingOrder {index:9;} place {offset:22; length:9;}">
                <Coords points="2028,883 2082,848 2196,837 2318,881 2461,841 2560,862 2641,837 2700,860 2820,834 2821,799 2601,807 2546,784 2435,809 2353,774 2177,816 2027,784"/>
                <Baseline points="2033,836 2072,836 2111,837 2150,837 2189,837 2228,837 2267,837 2307,837 2346,837 2385,837 2424,836 2463,836 2502,836 2541,834 2581,833 2620,833 2659,831 2698,830 2737,828 2776,827 2816,825"/>
                <TextEquiv>
                    <Unicode>habe er aber gesagtem nöttingen</Unicode>
                </TextEquiv>
            </TextLine>
            <TextLine id="r2l11" custom="readingOrder {index:10;}">
                <Coords points="2036,911 2108,947 2154,916 2426,910 2504,951 2554,910 2600,934 2640,909 2709,956 2755,926 2856,942 2855,853 2825,836 2547,887 2346,861 2308,888 2193,853 2036,881"/>
                <Baseline points="2042,903 2082,906 2122,906 2163,908 2203,908 2244,909 2284,909 2324,909 2365,909 2405,908 2446,908 2486,907 2526,906 2567,905 2607,905 2648,903 2688,902 2728,900 2769,900 2809,899 2850,897"/>
                <TextEquiv>
                    <Unicode>augendes widerumbhin gaben müsf</Unicode>
                </TextEquiv>
            </TextLine>
            <TextLine id="r2l12" custom="readingOrder {index:11;}">
                <Coords points="2004,1073 2509,1096 2605,1075 2656,1108 2703,1068 2863,1078 2863,1023 2809,1034 2753,990 2660,1023 2550,1004 2493,1048 2280,1026 2229,1047 2062,974 2003,989"/>
                <Baseline points="2009,1067 2051,1068 2093,1070 2136,1070 2178,1070 2221,1071 2263,1071 2306,1071 2348,1071 2391,1071 2433,1071 2475,1070 2518,1070 2560,1070 2603,1070 2645,1068 2688,1068 2730,1068 2773,1068 2815,1067 2858,1067"/>
                <TextEquiv>
                    <Unicode>Denne als hievor imme sin vatter</Unicode>
                </TextEquiv>
            </TextLine>
            <TextLine id="r2l13" custom="readingOrder {index:12;}">
                <Coords points="2058,1165 2446,1134 2532,1154 2599,1132 2687,1162 2780,1129 2837,1151 2837,1106 2743,1087 2466,1110 2353,1076 2235,1115 2058,1085"/>
                <Baseline points="2063,1131 2101,1131 2139,1132 2178,1133 2216,1133 2255,1134 2293,1134 2331,1134 2370,1136 2408,1136 2447,1136 2485,1136 2523,1136 2562,1136 2600,1134 2639,1134 2677,1134 2715,1133 2754,1132 2792,1131 2831,1130"/>
                <TextEquiv>
                    <Unicode>achs fronen inn seckell gäben</Unicode>
                </TextEquiv>
            </TextLine>
            <TextLine id="r2l14" custom="readingOrder {index:13;}">
                <Coords points="2034,1196 2306,1248 2355,1209 2434,1203 2774,1252 2837,1233 2839,1150 2759,1185 2709,1144 2448,1182 2321,1146 2252,1173 2205,1144 2150,1178 2035,1158"/>
                <Baseline points="2040,1190 2079,1191 2119,1194 2158,1196 2198,1197 2238,1199 2277,1200 2317,1202 2356,1204 2396,1205 2436,1206 2475,1208 2515,1208 2554,1209 2594,1209 2634,1209 2673,1209 2713,1209 2752,1209 2792,1208 2832,1206"/>
                <TextEquiv>
                    <Unicode>vnnd ußgeschickt ettwas gekhouffn</Unicode>
                </TextEquiv>
            </TextLine>
            <TextLine id="r2l15" custom="readingOrder {index:14;}">
                <Coords points="2046,1269 2287,1279 2327,1309 2372,1279 2501,1278 2555,1317 2599,1284 2778,1294 2829,1258 2398,1227 2307,1253 2233,1216 2182,1237 2048,1211"/>
                <Baseline points="2052,1253 2090,1258 2129,1262 2167,1265 2206,1268 2244,1271 2283,1272 2321,1274 2360,1275 2398,1277 2437,1277 2476,1277 2514,1277 2553,1278 2591,1278 2630,1278 2668,1278 2707,1278 2745,1278 2784,1280 2823,1280"/>
                <TextEquiv>
                    <Unicode>habe er das pallt verthan, mitt</Unicode>
                </TextEquiv>
            </TextLine>
            <TextLine id="r2l16" custom="readingOrder {index:15;}">
                <Coords points="2021,1363 2114,1347 2168,1379 2285,1345 2826,1373 2851,1365 2853,1312 2785,1325 2702,1290 2471,1327 2401,1289 2303,1316 2187,1279 2126,1311 2024,1265"/>
                <Baseline points="2027,1329 2070,1332 2113,1335 2156,1337 2199,1339 2242,1341 2285,1343 2328,1343 2371,1344 2414,1346 2458,1347 2501,1347 2544,1349 2587,1350 2630,1350 2673,1352 2716,1353 2759,1355 2802,1357 2846,1359"/>
                <TextEquiv>
                    <Unicode>thoufft ✳ unnd darumb dem vatter</Unicode>
                </TextEquiv>
            </TextLine>
            <TextLine id="r2l17" custom="readingOrder {index:16;}">
                <Coords points="2034,1423 2258,1409 2343,1450 2513,1415 2719,1451 2779,1435 2781,1388 2035,1370"/>
                <Baseline points="2040,1401 2076,1403 2113,1406 2150,1407 2186,1409 2223,1410 2260,1411 2296,1413 2333,1414 2370,1415 2407,1416 2443,1416 2480,1418 2517,1419 2553,1419 2590,1421 2627,1422 2663,1422 2700,1425 2737,1426 2774,1428"/>
                <TextEquiv>
                    <Unicode>mitt merr besegnen wöllen</Unicode>
                </TextEquiv>
            </TextLine>
            <TextLine id="r2l18" custom="readingOrder {index:17;}">
                <Coords points="2034,1477 2051,1475 2068,1489 2119,1501 2144,1518 2184,1516 2230,1484 2258,1494 2259,1453 2248,1454 2184,1411 2154,1415 2131,1429 2114,1418 2073,1415 2036,1427"/>
                <Baseline points="2039,1470 2065,1469 2092,1469 2119,1470 2146,1470 2172,1472 2199,1473 2226,1475 2253,1478"/>
                <TextEquiv>
                    <Unicode>dörffen</Unicode>
                </TextEquiv>
            </TextLine>
            <TextLine id="r2l19" custom="readingOrder {index:18;}">
                <Coords points="1980,1613 2208,1604 2284,1637 2396,1615 2439,1647 2533,1621 2615,1671 2703,1617 2831,1630 2833,1556 2672,1568 2616,1542 2507,1585 2446,1560 2319,1595 2118,1572 2038,1512 1982,1529"/>
                <Baseline points="1985,1605 2027,1605 2069,1605 2111,1605 2153,1606 2195,1607 2237,1608 2279,1611 2321,1612 2363,1614 2405,1616 2447,1618 2489,1619 2531,1621 2573,1623 2615,1623 2657,1624 2699,1625 2741,1623 2783,1623 2826,1622"/>
                <TextEquiv>
                    <Unicode>Denne anguarlich vor acht wuchen</Unicode>
                </TextEquiv>
            </TextLine>
            <TextLine id="r2l20" custom="readingOrder {index:19;} person {offset:15; length:13; continued:true;}">
                <Coords points="2021,1675 2066,1701 2130,1672 2198,1703 2353,1684 2397,1723 2610,1692 2748,1732 2810,1697 2811,1653 2752,1619 2615,1671 2564,1640 2470,1664 2397,1614 2264,1646 2209,1618 2143,1646 2077,1614 2023,1626"/>
                <Baseline points="2027,1662 2065,1664 2104,1665 2143,1667 2182,1668 2221,1671 2260,1673 2299,1674 2338,1676 2377,1679 2416,1680 2454,1682 2493,1683 2532,1685 2571,1686 2610,1688 2649,1689 2688,1691 2727,1691 2766,1691 2805,1691"/>
                <TextEquiv>
                    <Unicode>uff nachts uss Hanns Endolff</Unicode>
                </TextEquiv>
            </TextLine>
            <TextLine id="r2l21" custom="readingOrder {index:20;} person {offset:0; length:10; continued:true;}">
                <Coords points="2006,1780 2205,1741 2320,1785 2372,1740 2414,1770 2499,1748 2556,1788 2720,1754 2788,1785 2824,1769 2827,1712 2723,1741 2637,1703 2527,1734 2456,1698 2282,1723 2227,1693 2010,1695"/>
                <Baseline points="2013,1734 2053,1734 2093,1734 2134,1736 2174,1736 2214,1738 2255,1739 2295,1741 2335,1743 2376,1745 2416,1747 2456,1749 2497,1751 2537,1752 2577,1754 2618,1755 2658,1757 2698,1757 2739,1758 2779,1758 2820,1758"/>
                <TextEquiv>
                    <Unicode>Bechtoldis huss im graben alhis</Unicode>
                </TextEquiv>
            </TextLine>
            <TextLine id="r2l22" custom="readingOrder {index:21;}">
                <Coords points="2026,1849 2096,1858 2146,1827 2182,1853 2261,1825 2353,1865 2418,1830 2520,1854 2677,1828 2729,1859 2801,1840 2804,1789 2459,1804 2372,1740 2310,1789 2241,1752 2130,1789 2031,1763"/>
                <Baseline points="2034,1803 2072,1805 2110,1807 2148,1810 2186,1812 2224,1814 2262,1817 2300,1819 2338,1821 2376,1824 2415,1826 2453,1829 2491,1830 2529,1832 2567,1834 2605,1836 2643,1836 2681,1838 2719,1838 2757,1838 2796,1838"/>
                <TextEquiv>
                    <Unicode>zwoy fäl gestolen unnd bede</Unicode>
                </TextEquiv>
            </TextLine>
            <TextLine id="r2l23" custom="readingOrder {index:22;}">
                <Coords points="2024,1891 2132,1886 2205,1939 2284,1941 2349,1904 2393,1950 2536,1909 2653,1962 2722,1920 2855,1944 2858,1887 2824,1876 2729,1869 2660,1898 2581,1861 2456,1881 2394,1843 2337,1871 2267,1826 2185,1855 2027,1847"/>
                <Baseline points="2031,1874 2074,1878 2117,1882 2160,1885 2203,1887 2246,1890 2289,1892 2332,1894 2375,1896 2418,1899 2462,1901 2505,1903 2548,1905 2591,1908 2634,1911 2677,1914 2720,1916 2763,1920 2806,1923 2850,1928"/>
                <TextEquiv>
                    <Unicode>einem schumacher umb ui batz</Unicode>
                </TextEquiv>
            </TextLine>
            <TextLine id="r2l24" custom="readingOrder {index:23;}">
                <Coords points="2012,1968 2050,1989 2109,1974 2187,2009 2255,2011 2309,1971 2407,1999 2467,1973 2516,1985 2519,1940 2503,1935 2394,1950 2346,1904 2287,1940 2269,1927 2237,1945 2171,1904 2105,1928 2018,1884"/>
                <Baseline points="2019,1943 2044,1945 2070,1947 2096,1949 2122,1952 2148,1954 2174,1955 2200,1957 2226,1959 2252,1960 2277,1962 2303,1964 2329,1965 2355,1967 2381,1967 2407,1968 2433,1970 2459,1971 2485,1972 2511,1973"/>
                <TextEquiv>
                    <Unicode>bhoufflich hingabn</Unicode>
                </TextEquiv>
            </TextLine>
            <TextLine id="r2l25" custom="readingOrder {index:24;}">
                <Coords points="2004,2098 2278,2092 2372,2143 2518,2112 2595,2145 2820,2152 2846,2141 2851,2068 2750,2098 2617,2065 2507,2083 2371,2032 2289,2070 2230,2043 2130,2063 2010,1988"/>
                <Baseline points="2010,2081 2051,2082 2093,2084 2134,2085 2176,2088 2217,2090 2259,2092 2300,2094 2342,2096 2383,2098 2425,2101 2467,2103 2508,2106 2550,2109 2591,2112 2633,2115 2674,2118 2716,2121 2757,2125 2799,2129 2841,2133"/>
                <TextEquiv>
                    <Unicode>Unlang darnach aber malg inn gedachs</Unicode>
                </TextEquiv>
            </TextLine>
            <TextLine id="r2l26" custom="readingOrder {index:25;}">
                <Coords points="1974,2147 2093,2186 2155,2159 2242,2202 2350,2172 2384,2201 2507,2214 2549,2183 2774,2192 2776,2151 2703,2134 2594,2160 2452,2116 2372,2142 2339,2105 2134,2128 2109,2103 1976,2111"/>
                <Baseline points="1980,2141 2019,2143 2058,2145 2098,2148 2137,2149 2177,2151 2216,2154 2256,2157 2295,2160 2335,2162 2374,2165 2413,2168 2453,2172 2492,2173 2532,2177 2571,2178 2611,2180 2650,2181 2690,2183 2729,2184 2769,2186"/>
                <TextEquiv>
                    <Unicode>Berchtoldig zus geschlichen, darinn</Unicode>
                </TextEquiv>
            </TextLine>
            <TextLine id="r2l27" custom="readingOrder {index:26;}">
                <Coords points="2004,2217 2091,2211 2178,2265 2253,2248 2284,2272 2343,2232 2459,2239 2502,2275 2563,2246 2703,2293 2768,2257 2821,2275 2825,2226 2007,2174"/>
                <Baseline points="2010,2204 2050,2207 2090,2211 2131,2214 2171,2217 2211,2220 2252,2224 2292,2227 2332,2230 2373,2234 2413,2236 2453,2239 2494,2241 2534,2244 2574,2246 2615,2249 2655,2252 2695,2253 2736,2255 2776,2256 2817,2256"/>
                <TextEquiv>
                    <Unicode>aber zwoy fäl erwutschen, doch vom</Unicode>
                </TextEquiv>
            </TextLine>
            <TextLine id="r2l28" custom="readingOrder {index:27;}">
                <Coords points="2004,2287 2191,2297 2241,2336 2321,2298 2546,2361 2638,2323 2822,2336 2833,2289 2778,2266 2626,2292 2561,2244 2385,2283 2008,2222"/>
                <Baseline points="2010,2273 2050,2277 2091,2280 2132,2284 2173,2288 2214,2292 2254,2295 2295,2297 2336,2300 2377,2302 2418,2304 2458,2307 2499,2309 2540,2312 2581,2313 2622,2316 2662,2318 2703,2319 2744,2321 2785,2323 2826,2325"/>
                <TextEquiv>
                    <Unicode>bnacht erhortt, ergriffen, vnnd die</Unicode>
                </TextEquiv>
            </TextLine>
            <TextLine id="r2l29" custom="readingOrder {index:28;}">
                <Coords points="2001,2399 2088,2352 2151,2407 2232,2385 2279,2401 2378,2382 2437,2400 2478,2379 2606,2391 2609,2343 2584,2330 2547,2359 2489,2338 2386,2351 2292,2340 2271,2318 2241,2337 2175,2313 2107,2323 2008,2287"/>
                <Baseline points="2010,2340 2039,2344 2069,2348 2098,2352 2128,2355 2157,2358 2187,2359 2216,2361 2246,2364 2275,2366 2305,2367 2335,2369 2364,2370 2394,2372 2423,2373 2453,2375 2482,2376 2512,2378 2541,2378 2571,2381 2601,2382"/>
                <TextEquiv>
                    <Unicode>fal also abgezagn worden.</Unicode>
                </TextEquiv>
            </TextLine>
            <TextLine id="r2l30" custom="readingOrder {index:29;}">
                <Coords points="1995,2462 2228,2468 2294,2511 2408,2474 2520,2511 2661,2476 2764,2513 2825,2497 2827,2459 2629,2454 2557,2420 2392,2444 2206,2400 2066,2433 1997,2413"/>
                <Baseline points="2001,2450 2044,2451 2087,2454 2130,2455 2173,2457 2216,2459 2259,2460 2302,2463 2345,2465 2388,2467 2432,2468 2475,2471 2518,2472 2561,2475 2604,2477 2647,2478 2690,2481 2733,2483 2776,2486 2820,2487"/>
                <TextEquiv>
                    <Unicode>Denne das sembdli so mantrag</Unicode>
                </TextEquiv>
            </TextLine>
            <TextLine id="r2l31" custom="readingOrder {index:30;} place {offset:15; length:5;} person {offset:22; length:5; continued:true;}">
                <Coords points="2026,2527 2197,2527 2242,2566 2551,2536 2675,2568 2801,2554 2803,2512 2680,2493 2547,2521 2367,2482 2294,2509 2252,2485 2199,2503 2028,2470"/>
                <Baseline points="2031,2514 2069,2517 2107,2520 2145,2523 2184,2525 2222,2526 2260,2528 2298,2531 2337,2532 2375,2534 2413,2535 2451,2537 2490,2538 2528,2538 2566,2540 2604,2541 2643,2543 2681,2543 2719,2544 2757,2546 2796,2547"/>
                <TextEquiv>
                    <Unicode>habe er zur Im Sumee, Jacob</Unicode>
                </TextEquiv>
            </TextLine>
            <TextLine id="r2l32" custom="readingOrder {index:31;} person {offset:0; length:7; continued:true;} place {offset:25; length:6; continued:true;}">
                <Coords points="2013,2599 2840,2631 2840,2594 2705,2563 2478,2587 2403,2551 2300,2585 2227,2553 2161,2576 2016,2513"/>
                <Baseline points="2019,2588 2059,2591 2100,2594 2141,2595 2182,2598 2223,2600 2263,2601 2304,2603 2345,2604 2386,2604 2427,2606 2467,2607 2508,2609 2549,2609 2590,2610 2631,2611 2671,2613 2712,2615 2753,2616 2794,2618 2835,2621"/>
                <TextEquiv>
                    <Unicode>Källern dem wäber an der Brenng</Unicode>
                </TextEquiv>
            </TextLine>
            <TextLine id="r2l33" custom="readingOrder {index:32;} place {offset:0; length:5; continued:true;}">
                <Coords points="2007,2682 2111,2720 2138,2709 2154,2725 2196,2703 2240,2715 2329,2674 2365,2697 2368,2645 2314,2650 2253,2614 2191,2645 2113,2602 2078,2620 2010,2615"/>
                <Baseline points="2013,2663 2039,2666 2066,2668 2093,2670 2120,2672 2146,2674 2173,2676 2200,2676 2227,2678 2253,2678 2280,2679 2307,2679 2334,2679 2361,2679"/>
                <TextEquiv>
                    <Unicode>gaspn gestolen</Unicode>
                </TextEquiv>
            </TextLine>
            <TextEquiv>
                <Unicode>24
Item abermals alhie inn der meizen
inn zusachen vlerlüthen dem Hanns
Rottinger uss schuli dry diekp
genomen, unnd deplychen pethan
als wöllee ers für sinen domaln
gewäsenen meyster entleuen wölches
aber nitt, sonnders er die selbs behalt
unnd veruntruwen wollen. Die
habe er aber gesagtem nöttingen
augendes widerumbhin gaben müsf
Denne als hievor imme sin vatter
achs fronen inn seckell gäben
vnnd ußgeschickt ettwas gekhouffn
habe er das pallt verthan, mitt
thoufft ✳ unnd darumb dem vatter
mitt merr besegnen wöllen
dörffen
Denne anguarlich vor acht wuchen
uff nachts uss Hanns Endolff
Bechtoldis huss im graben alhis
zwoy fäl gestolen unnd bede
einem schumacher umb ui batz
bhoufflich hingabn
Unlang darnach aber malg inn gedachs
Berchtoldig zus geschlichen, darinn
aber zwoy fäl erwutschen, doch vom
bnacht erhortt, ergriffen, vnnd die
fal also abgezagn worden.
Denne das sembdli so mantrag
habe er zur Im Sumee, Jacob
Källern dem wäber an der Brenng
gaspn gestolen</Unicode>
            </TextEquiv>
        </TextRegion>
    </Page>
</PcGts>
