4160 3120
1113 172 1968 266 darumb er Ira Blungi sollichs anzeigt
1120 217 1963 330 daruff sy imme zeuersten paben, wolen
1105 284 1929 390 Ich be nächermaln mit der mülleri zu
1122 355 1964 455 uetten gsin da hatt sy palle ploße
1119 400 1964 511 dasselb inn Iren Kaller behallten, vnnd
1135 485 1961 586 hatt wol gallen, das sy dich bezalen
1134 542 1870 644 mechtn, aber Inne daruun Inn dhenn
1149 604 1956 707 rech mit geheyssen oder angeretzt das
1184 678 1946 777 big galle alda zerouben, welches er
1145 742 1895 845 aber leyder wider Inen willen, doh
1145 804 1918 918 vnnd unbewüßt gethan, darmb sy
1175 875 1925 994 mie ouch hechlich beschulten, vnnd sy
1156 950 1939 1046 Hems tags alda pollen genomen
1262 1014 1984 1111 habe Imme ouch eentzlich nit angechen
1261 1071 1912 1194 hra zuaff mitt entzuchen oder
1277 1168 1494 1257 sign mogen
1233 1273 1950 1383 och sye sy bkhanntlich das sy irer
1211 1353 1272 1420 ie
1277 1344 1955 1441 ffmtter eim schwertzen bösen tock
1186 1431 1972 1507 auch die bosen erell, so sy antrage
1184 1462 1957 1554 entnomen haben. Vnd Ie besten Babli
1191 1522 1773 1598 Vluinge zwen Riemen fleysch
1811 1569 1863 1659 s
1196 1564 1814 1663 Dene dem vatter ein groß
1224 1624 1892 1728 einen haffen, ein kessy unnd
1214 1700 1925 1784 unst ertwas wenig husprachs, so der
1209 1765 1845 1846 r pstin, vnd der Vatter Ira vorh
1216 1814 1926 1922 haben schon ußtragen und hein zu
1218 1904 1596 1976 sein man gebrachn
1178 1967 1888 2076 Denni an Beri und künssy hab der
1200 2024 1823 2141 Vatter Ira selbs an die han pub
1185 2165 1930 2283 Inen auch zwey mit silber beschlagne
1174 2245 1955 2359 masser, sompt den pfrienden, wölches
1164 2333 1883 2414 aber der vatter jra vor Lmpest pen
1158 2367 1913 2489 schnekt und gaben wollen, on
1152 2464 1652 2551 sein wüssen, gewne
1146 2522 1950 2636 rtliche nuchli, vnd Silber kallen
1158 2593 1964 2681 habe Ir man vom hinen ußs der statt
1161 2660 1971 2755 hui brachtn, vnd sy dasselbig, nch anders
1164 2719 1638 2797 rycher im genomen.
2116 116 2900 287 fnst abrmalch getunket demse
2131 156 2933 338 auch angebunden vnd ereste bar vf
2130 235 2936 406 zeg werden. vnnd hatt nitt wychers
2129 339 2599 456 wöllen beschaumlich
2124 464 2921 602 Iff donsten dem 8t novembrs 1521
2107 525 2903 651 far ist gedachte Blnngi caleuper
2118 583 2954 712 en wegen vbertrattung ins bydes jnns
2297 641 2931 771 gestellt, vnnd by dem selbis
2110 720 2912 836 ein voriesen eyde, abermals us
2158 767 2905 875 statt land und gepieten verwiß
2132 883 2918 1034 odem prasumtibus, her Johans
2157 977 2870 1088 Anthon Tilxins her Hans
2129 1042 2789 1168 Bickherren bryde der rhätte
2157 1131 2801 1219 Mariz Murnes de Burfe
2164 1194 2920 1289 Hanns Manirels Groszwybels
2150 1273 2283 1353 hatt
2307 1346 2701 1456 Hanns Buli d
2359 1410 2675 1497 Zimmerman von
2367 1490 2639 1567 honne alhie
2393 1539 2627 1635 wonhafft.
2094 1629 2903 1742 dach obgenampter herrn ernstiche
2133 1706 2856 1811 anhallten unnd warnen bekhen
2137 1777 2937 1883 und angëben. Das waar sye dem
2144 1845 2931 1946 nach er hievor vff ein zytt, Hein
2124 1905 2885 2001 khomen und sin aber stuben ver
2141 1974 2871 2063 schlossen grersten, dar bi mü
2117 2050 2864 2128 wollen, war darum ware, da hab
2130 2115 2897 2196 man ein psarnn, Lupolle Sutor
2131 2181 2907 2275 vnnd Madlen Schweunde, darab
2135 2252 2928 2339 e erzüenn unnd wollen die stuben
2113 2304 2858 2395 thür mitt gwalltt ufbrächen, iun
2131 2378 2922 2489 dem Lüpollen zu Pfenster ußsprigen
2139 2447 2905 2554 wollen da erflig hinab pluff
2125 2508 2793 2602 vnd Ine miteiner schoßgablr
2170 2583 2802 2666 pfachen wollen, darzwust
2122 2641 2875 2720 er aber uuklein wol an de ge
