<?xml version="1.0" encoding="UTF-8" standalone="yes"?>
<PcGts xmlns="http://schema.primaresearch.org/PAGE/gts/pagecontent/2013-07-15" xmlns:xsi="http://www.w3.org/2001/XMLSchema-instance" xsi:schemaLocation="http://schema.primaresearch.org/PAGE/gts/pagecontent/2013-07-15 http://schema.primaresearch.org/PAGE/gts/pagecontent/2013-07-15/pagecontent.xsd">
    <Metadata>
        <Creator>prov=University of Rostock/Institute of Mathematics/CITlab|PLANET AI GmbH/Gundram Leifert/gundram.leifert@planet-ai.de:name=German_Kurrent_XVI-XVIII_M1(htr_id=19584)::::v=2.6.7
prov=University of Rostock/Institute of Mathematics/CITlab|PLANET AI GmbH/Tobias Gruening/tobias.gruening@planet-ai.de:name=de.uros.citlab.module.baseline2polygon.B2PSeamMultiOriented:v=2.6.7
prov=University of Rostock/Institute of Mathematics/CITlab|PLANET AI GmbH/Tobias Gruening/tobias.gruening@planet-ai.de:name=/net_tf/LA73_249_0mod360.pb:de.uros.citlab.segmentation.CITlab_LA_ML:v=2.6.7
prov=University of Rostock/Institute of Mathematics/CITlab|PLANET AI GmbH/Gundram Leifert/gundram.leifert@planet-ai.de:name=Turmbücher_StaBe_3_A.Funk(htr_id=27278)::::v=2.6.7
prov=University of Rostock/Institute of Mathematics/CITlab|PLANET AI GmbH/Tobias Gruening/tobias.gruening@planet-ai.de:name=de.uros.citlab.module.baseline2polygon.B2PSeamMultiOriented:v=2.6.7
prov=University of Rostock/Institute of Mathematics/CITlab|PLANET AI GmbH/Tobias Gruening/tobias.gruening@planet-ai.de:name=/net_tf/LA73_249_0mod360.pb:de.uros.citlab.segmentation.CITlab_LA_ML:v=2.6.6
Transkribus</Creator>
        <Created>2020-10-05T14:57:49.680+02:00</Created>
        <LastChange>2022-09-09T16:14:41.103+02:00</LastChange>
        <TranskribusMetadata docId="1334779" pageId="52354627" pageNr="72" tsid="114636222" status="IN_PROGRESS" userId="9570" imgUrl="https://files.transkribus.eu/Get?id=XCYKSCTADUELNCRZPEMTBQQO&amp;fileType=view" xmlUrl="https://files.transkribus.eu/Get?id=CZSEURTCWCKKMCVHXIVQZQBC" imageId="16062539"/>
    </Metadata>
    <Page imageFilename="Turmbücher BIX 434 _00072-20200925_140316.jpg" imageWidth="4160" imageHeight="3120">
        <ReadingOrder>
            <OrderedGroup id="ro_1687513998700" caption="Regions reading order">
                <RegionRefIndexed index="0" regionRef="r1"/>
                <RegionRefIndexed index="1" regionRef="r2"/>
            </OrderedGroup>
        </ReadingOrder>
        <TextRegion orientation="0.0" id="r1" custom="readingOrder {index:0;}">
            <Coords points="1302,364 1302,2789 2075,2789 2075,364"/>
            <TextLine id="r1l1" custom="readingOrder {index:0;}">
                <Coords points="1293,395 1371,430 1500,401 1590,430 1636,400 1694,427 1782,394 1900,399 1981,439 2067,421 2067,397 1887,335 1793,371 1692,340 1655,369 1605,345 1485,376 1423,344 1345,370 1294,350"/>
                <Baseline points="1302,389 1339,391 1377,394 1415,395 1453,396 1491,396 1528,396 1566,395 1604,395 1642,395 1680,393 1717,393 1755,392 1793,393 1831,393 1869,395 1906,398 1944,401 1982,405 2020,412 2058,419"/>
                <TextEquiv>
                    <Unicode>ouch von ettlichen pallt empfangen</Unicode>
                </TextEquiv>
            </TextLine>
            <TextLine id="r1l2" custom="readingOrder {index:1;}">
                <Coords points="1294,465 1544,478 1593,451 1810,490 1853,456 1892,488 1938,455 2033,495 2078,482 2079,430 1950,435 1784,394 1686,423 1629,398 1599,427 1547,425 1502,399 1371,429 1295,398"/>
                <Baseline points="1302,447 1340,449 1378,450 1417,450 1455,450 1493,450 1532,449 1570,447 1608,447 1647,446 1685,446 1723,444 1762,444 1800,446 1838,447 1877,449 1915,451 1953,455 1992,461 2030,469 2069,476"/>
                <TextEquiv>
                    <Unicode>darmb inen khorn zekhouffe, das</Unicode>
                </TextEquiv>
            </TextLine>
            <TextLine id="r1l3" custom="readingOrder {index:2;}">
                <Coords points="1317,538 1368,513 1497,535 1558,508 1788,504 1838,534 1890,511 2043,549 2044,493 1990,470 1889,488 1858,456 1771,485 1593,457 1523,480 1430,463 1395,489 1318,467"/>
                <Baseline points="1326,506 1361,508 1396,509 1432,509 1467,509 1503,507 1538,507 1573,506 1609,504 1644,504 1680,503 1715,503 1750,503 1786,503 1821,503 1857,506 1892,508 1927,512 1963,516 1998,523 2034,530"/>
                <TextEquiv>
                    <Unicode>zemalen und das mal inen zuzei</Unicode>
                </TextEquiv>
            </TextLine>
            <TextLine id="r1l4" custom="readingOrder {index:3;}">
                <Coords points="1319,589 1405,591 1452,560 1586,617 1744,562 1925,599 2059,585 2059,559 1916,517 1812,534 1739,512 1687,543 1603,508 1450,546 1365,514 1319,537"/>
                <Baseline points="1328,572 1364,572 1400,570 1436,570 1472,569 1508,568 1544,567 1581,566 1617,564 1653,564 1689,563 1725,563 1761,563 1797,563 1834,563 1870,564 1906,566 1942,569 1978,573 2014,577 2051,582"/>
                <TextEquiv>
                    <Unicode>beinpt verheyssen, da er aber Ine</Unicode>
                </TextEquiv>
            </TextLine>
            <TextLine id="r1l5" custom="readingOrder {index:4;}">
                <Coords points="1321,668 1335,668 1359,640 1365,641 1377,650 1385,649 1378,590 1362,592 1349,583 1339,590 1332,587 1322,596 1312,597"/>
                <Baseline points="1326,636 1374,630"/>
                <TextEquiv>
                    <Unicode>herrn</Unicode>
                </TextEquiv>
            </TextLine>
            <TextLine id="r1l6" custom="readingOrder {index:5;}">
                <Coords points="1696,650 1745,641 1759,651 1785,636 1901,656 1968,644 2019,668 2058,649 2079,653 2080,627 1989,619 1969,602 1934,608 1898,581 1867,587 1833,570 1698,579"/>
                <Baseline points="1706,633 1732,633 1758,633 1784,632 1810,632 1836,632 1862,632 1888,632 1914,632 1940,633 1966,635 1992,638 2018,641 2044,645 2070,650"/>
                <TextEquiv>
                    <Unicode>eunf vberantiuert</Unicode>
                </TextEquiv>
            </TextLine>
            <TextLine id="r1l7" custom="readingOrder {index:6;} person {offset:24; length:3; continued:true;}">
                <Coords points="1626,712 1685,713 1698,727 1760,712 1796,731 1822,712 1893,727 1914,715 1992,743 2050,729 2051,680 2002,660 1957,678 1935,660 1849,659 1830,646 1751,683 1627,658"/>
                <Baseline points="1634,699 1659,700 1685,701 1710,701 1736,702 1761,702 1787,701 1812,701 1838,701 1863,701 1889,701 1914,702 1940,702 1965,704 1991,706 2016,709 2042,714"/>
                <TextEquiv>
                    <Unicode>ein pnress ✳ behalltn ✳ be¬</Unicode>
                </TextEquiv>
            </TextLine>
            <TextLine id="r1l8" custom="readingOrder {index:7;}">
                <Coords points="1340,719 1356,714 1364,716 1370,711 1390,711 1399,720 1411,713 1427,723 1439,716 1453,715 1453,676 1429,678 1406,667 1385,686 1373,686 1370,690 1340,686"/>
                <Baseline points="1349,710 1381,710 1413,711 1445,710"/>
                <TextEquiv>
                    <Unicode>sunderl</Unicode>
                </TextEquiv>
            </TextLine>
            <TextLine id="r1l9" custom="readingOrder {index:8;} person {offset:0; length:5; continued:true;}">
                <Coords points="1347,776 1495,795 1580,772 1610,801 1695,772 1897,802 1987,774 2048,792 2048,752 1916,715 1663,742 1589,718 1559,748 1519,725 1448,746 1411,722 1347,727"/>
                <Baseline points="1356,768 1390,770 1424,770 1458,770 1492,768 1527,768 1561,767 1595,767 1629,765 1663,765 1698,764 1732,764 1766,764 1800,764 1834,764 1869,764 1903,765 1937,767 1971,768 2005,771 2040,774"/>
                <TextEquiv>
                    <Unicode>eklet, verhan, vnnd entlich von</Unicode>
                </TextEquiv>
            </TextLine>
            <TextLine id="r1l10" custom="readingOrder {index:9;}">
                <Coords points="1336,855 1396,835 1444,871 1497,842 1601,839 1695,880 1796,835 1903,892 1952,854 2057,865 2057,821 1994,821 1961,793 1904,817 1744,774 1624,805 1582,773 1549,806 1387,779 1337,796"/>
                <Baseline points="1346,840 1381,839 1416,839 1451,839 1486,838 1521,837 1556,836 1591,836 1626,836 1661,834 1697,834 1732,834 1767,834 1802,835 1837,836 1872,836 1907,838 1942,840 1977,843 2012,846 2048,849"/>
                <TextEquiv>
                    <Unicode>öllicher unerbarer sachen wüsen abtratt</Unicode>
                </TextEquiv>
            </TextLine>
            <TextLine id="r1l11" custom="readingOrder {index:10;}">
                <Coords points="1324,927 1479,921 1557,952 1592,935 1674,952 1752,898 1982,939 2037,918 2037,865 1952,854 1907,887 1790,848 1693,881 1576,845 1467,881 1395,836 1324,878"/>
                <Baseline points="1332,908 1366,909 1401,909 1436,909 1471,909 1506,908 1540,907 1575,906 1610,905 1645,905 1680,903 1714,903 1749,903 1784,902 1819,903 1854,903 1888,905 1923,906 1958,909 1993,912 2028,915"/>
                <TextEquiv>
                    <Unicode>unnd entwechen spe. Solle deßhalb</Unicode>
                </TextEquiv>
            </TextLine>
            <TextLine id="r1l12" custom="readingOrder {index:11;}">
                <Coords points="1329,1005 1396,1023 1504,983 1694,983 1743,1018 1802,982 2080,997 2080,957 2009,927 1950,946 1727,916 1673,952 1452,957 1379,924 1329,948"/>
                <Baseline points="1337,978 1373,978 1410,978 1447,978 1484,977 1520,977 1557,975 1594,975 1631,974 1667,974 1704,972 1741,972 1778,972 1814,972 1851,973 1888,974 1925,975 1961,978 1998,980 2035,983 2072,987"/>
                <TextEquiv>
                    <Unicode>bekhennen, an wollichem ort, vnd mit</Unicode>
                </TextEquiv>
            </TextLine>
            <TextLine id="r1l13" custom="readingOrder {index:12;}">
                <Coords points="1412,1059 1494,1080 1554,1047 1591,1074 1636,1045 1805,1042 1918,1076 1986,1041 2035,1067 2034,998 1982,986 1880,1012 1779,990 1742,1018 1712,995 1559,982 1412,1021"/>
                <Baseline points="1421,1046 1451,1045 1481,1043 1511,1043 1541,1041 1572,1040 1602,1040 1632,1039 1662,1038 1692,1038 1723,1038 1753,1038 1783,1038 1813,1038 1843,1038 1874,1039 1904,1040 1934,1041 1964,1041 1994,1043 2025,1044"/>
                <TextEquiv>
                    <Unicode>er söllichs verhandlen habe. Dar</Unicode>
                </TextEquiv>
            </TextLine>
            <TextLine id="r1l14" custom="readingOrder {index:13;}">
                <Coords points="1475,1108 1545,1108 1583,1138 1625,1105 1694,1144 1788,1115 1857,1145 1940,1101 2013,1113 2013,1066 1912,1076 1856,1056 1814,1077 1724,1066 1698,1041 1656,1064 1634,1046 1586,1076 1536,1053 1475,1078"/>
                <Baseline points="1484,1101 1511,1101 1538,1101 1565,1101 1593,1101 1620,1101 1647,1101 1675,1100 1702,1100 1729,1100 1757,1099 1784,1098 1811,1100 1839,1100 1866,1100 1893,1101 1921,1103 1948,1104 1975,1106 2003,1109"/>
                <TextEquiv>
                    <Unicode>der sine faler anzegr und</Unicode>
                </TextEquiv>
            </TextLine>
            <TextLine id="r1l15" custom="readingOrder {index:14;}">
                <Coords points="1463,1188 1638,1175 1744,1203 1781,1174 1858,1169 1990,1186 2026,1173 2027,1131 1997,1140 1940,1101 1893,1139 1840,1146 1753,1113 1694,1144 1663,1121 1463,1141"/>
                <Baseline points="1472,1166 1499,1166 1526,1166 1553,1166 1581,1166 1608,1166 1635,1166 1663,1166 1690,1166 1717,1166 1745,1166 1772,1166 1799,1166 1826,1166 1854,1166 1881,1166 1908,1166 1936,1167 1963,1167 1990,1169 2018,1170"/>
                <TextEquiv>
                    <Unicode>nen, dardurch er marttent</Unicode>
                </TextEquiv>
            </TextLine>
            <TextLine id="r1l16" custom="readingOrder {index:15;}">
                <Coords points="1331,1230 1478,1267 1516,1240 1662,1256 1695,1222 1856,1253 1902,1226 1939,1244 2052,1226 2051,1198 1965,1174 1870,1199 1796,1176 1764,1205 1664,1177 1545,1201 1495,1176 1331,1207"/>
                <Baseline points="1340,1238 1375,1236 1410,1236 1445,1235 1480,1233 1515,1233 1550,1232 1585,1230 1620,1229 1655,1229 1691,1227 1726,1226 1761,1226 1796,1224 1831,1224 1866,1224 1901,1223 1936,1223 1971,1223 2006,1224 2042,1224"/>
                <TextEquiv>
                    <Unicode>pyn zuerfliechen, vnd gned zurrrn</Unicode>
                </TextEquiv>
            </TextLine>
            <TextLine id="r1l17" custom="readingOrder {index:16;}">
                <Coords points="1337,1346 1363,1344 1384,1325 1415,1340 1426,1339 1422,1245 1405,1250 1398,1243 1391,1250 1378,1238 1358,1244 1341,1229 1333,1230"/>
                <Baseline points="1344,1314 1380,1310 1416,1311"/>
                <TextEquiv>
                    <Unicode>habe</Unicode>
                </TextEquiv>
            </TextLine>
            <TextLine id="r1l18" custom="readingOrder {index:17;}">
                <Coords points="1296,1459 1373,1488 1433,1461 1467,1488 1629,1446 1742,1470 1862,1439 2006,1453 2020,1402 1899,1384 1858,1413 1741,1388 1611,1425 1500,1419 1432,1385 1293,1396"/>
                <Baseline points="1305,1458 1340,1458 1375,1457 1411,1457 1446,1455 1481,1454 1517,1452 1552,1449 1587,1448 1623,1445 1658,1443 1693,1442 1729,1441 1764,1439 1799,1439 1835,1437 1870,1437 1905,1437 1941,1438 1976,1440 2012,1442"/>
                <TextEquiv>
                    <Unicode>Hieruff hatt er vezächen. Das er</Unicode>
                </TextEquiv>
            </TextLine>
            <TextLine id="r1l19" custom="readingOrder {index:18;}">
                <Coords points="1334,1523 1406,1540 1480,1521 1512,1546 1633,1508 2074,1518 2073,1473 2005,1480 1947,1453 1914,1475 1823,1446 1598,1487 1549,1464 1333,1488"/>
                <Baseline points="1343,1520 1379,1518 1415,1516 1451,1515 1487,1514 1523,1512 1559,1511 1595,1509 1631,1508 1667,1506 1703,1505 1739,1503 1775,1503 1811,1502 1847,1502 1883,1502 1919,1502 1955,1502 1991,1502 2027,1502 2064,1503"/>
                <TextEquiv>
                    <Unicode>anguerlich voranderhalben, Jar Inmemen</Unicode>
                </TextEquiv>
            </TextLine>
            <TextLine id="r1l20" custom="readingOrder {index:19;}">
                <Coords points="1345,1581 1551,1582 1607,1613 1674,1569 1763,1586 1910,1568 1970,1590 2062,1567 2061,1528 1982,1512 1929,1536 1850,1538 1787,1509 1713,1537 1625,1512 1513,1546 1469,1520 1395,1552 1344,1532"/>
                <Baseline points="1353,1575 1389,1575 1426,1574 1463,1574 1500,1572 1536,1572 1573,1571 1610,1570 1647,1568 1684,1568 1720,1566 1757,1565 1794,1563 1831,1562 1868,1560 1904,1560 1941,1559 1978,1559 2015,1557 2052,1557"/>
                <TextEquiv>
                    <Unicode>vnnd vss gehisse. M. Anders welchants</Unicode>
                </TextEquiv>
            </TextLine>
            <TextLine id="r1l21" custom="readingOrder {index:20;}">
                <Coords points="1341,1647 1466,1654 1528,1630 1653,1677 1744,1640 1814,1662 1894,1641 1929,1667 2049,1628 2048,1595 2003,1583 1770,1598 1719,1581 1678,1603 1641,1581 1608,1613 1550,1581 1340,1600"/>
                <Baseline points="1349,1641 1383,1638 1418,1636 1452,1635 1487,1634 1521,1632 1556,1632 1590,1632 1625,1632 1659,1632 1694,1632 1728,1632 1763,1632 1797,1631 1832,1631 1866,1631 1901,1629 1935,1628 1970,1626 2004,1624 2039,1620"/>
                <TextEquiv>
                    <Unicode>des alleen werchmeystes, em frieni¬</Unicode>
                </TextEquiv>
            </TextLine>
            <TextLine id="r1l22" custom="readingOrder {index:21;}">
                <Coords points="1357,1751 1454,1712 1498,1736 1655,1699 1750,1723 1826,1695 2061,1697 2060,1657 2007,1641 1930,1667 1880,1642 1836,1672 1754,1652 1653,1677 1496,1635 1441,1662 1355,1650"/>
                <Baseline points="1364,1698 1398,1698 1432,1698 1467,1698 1501,1697 1535,1697 1570,1697 1604,1697 1638,1697 1673,1697 1707,1696 1741,1695 1776,1694 1810,1694 1844,1692 1879,1691 1913,1689 1947,1688 1982,1685 2016,1682 2051,1680"/>
                <TextEquiv>
                    <Unicode>spiger husz zwen mund dinckells</Unicode>
                </TextEquiv>
            </TextLine>
            <TextLine id="r1l23" custom="readingOrder {index:22;}">
                <Coords points="1338,1793 1456,1816 1612,1758 1699,1800 1764,1769 1914,1774 1960,1745 2023,1764 2066,1744 2064,1692 1966,1721 1796,1697 1603,1743 1567,1715 1507,1739 1403,1720 1337,1751"/>
                <Baseline points="1346,1775 1381,1773 1417,1770 1452,1769 1488,1767 1523,1766 1559,1764 1594,1764 1630,1763 1665,1762 1701,1760 1737,1759 1772,1758 1808,1757 1843,1755 1879,1754 1914,1751 1950,1749 1985,1746 2021,1743 2057,1739"/>
                <TextEquiv>
                    <Unicode>gefassen, da aber sin knechen, das mal</Unicode>
                </TextEquiv>
            </TextLine>
            <TextLine id="r1l24" custom="readingOrder {index:23;}">
                <Coords points="1352,1866 1529,1830 1658,1855 1708,1826 1773,1861 2084,1827 2082,1778 2033,1762 1891,1796 1758,1770 1703,1800 1350,1800"/>
                <Baseline points="1359,1833 1394,1833 1430,1832 1466,1830 1502,1830 1538,1829 1573,1827 1609,1827 1645,1826 1681,1824 1717,1824 1752,1823 1788,1821 1824,1821 1860,1819 1896,1818 1931,1817 1967,1815 2003,1814 2039,1813 2075,1811"/>
                <TextEquiv>
                    <Unicode>im melen verarlosen, vnnd gedecht</Unicode>
                </TextEquiv>
            </TextLine>
            <TextLine id="r1l25" custom="readingOrder {index:24;}">
                <Coords points="1351,1900 1432,1938 1494,1901 1632,1927 1675,1896 1779,1883 1877,1918 2040,1877 2039,1846 1995,1831 1931,1859 1893,1839 1768,1866 1722,1842 1606,1865 1508,1831 1350,1867"/>
                <Baseline points="1359,1893 1392,1893 1426,1893 1459,1893 1493,1893 1527,1893 1560,1892 1594,1890 1627,1890 1661,1889 1695,1887 1728,1886 1762,1884 1795,1884 1829,1882 1863,1881 1896,1880 1930,1880 1963,1879 1997,1878 2031,1878"/>
                <TextEquiv>
                    <Unicode>meyster Andersen daruon nuchtt word</Unicode>
                </TextEquiv>
            </TextLine>
            <TextLine id="r1l26" custom="readingOrder {index:25;}">
                <Coords points="1365,1991 1379,1988 1386,1993 1397,1985 1421,1998 1440,1980 1457,1980 1456,1929 1430,1928 1421,1920 1412,1917 1407,1921 1400,1914 1382,1913 1371,1902 1363,1903"/>
                <Baseline points="1373,1961 1398,1958 1423,1958 1448,1958"/>
                <TextEquiv>
                    <Unicode>11.</Unicode>
                </TextEquiv>
            </TextLine>
            <TextLine id="r1l27" custom="readingOrder {index:26;}">
                <Coords points="1356,2119 1465,2094 1538,2110 1611,2081 1741,2113 1793,2085 1857,2119 1907,2096 2005,2112 2022,2106 2018,2000 1946,2034 1902,2008 1573,2055 1468,2054 1440,2027 1352,2018"/>
                <Baseline points="1364,2099 1396,2096 1428,2092 1461,2088 1493,2086 1526,2085 1558,2082 1590,2081 1623,2079 1655,2078 1688,2076 1720,2076 1752,2075 1785,2075 1817,2073 1850,2073 1882,2073 1914,2072 1947,2072 1979,2072 2012,2070"/>
                <TextEquiv>
                    <Unicode>Denne aber vmb dieselbige, zyt, by</Unicode>
                </TextEquiv>
            </TextLine>
            <TextLine id="r1l28" custom="readingOrder {index:27;}">
                <Coords points="1365,2196 1684,2159 1764,2200 1865,2169 1903,2187 1955,2141 2016,2146 2014,2111 1946,2102 1817,2126 1711,2094 1649,2121 1521,2101 1472,2136 1362,2123"/>
                <Baseline points="1373,2163 1404,2163 1436,2162 1467,2161 1499,2160 1531,2160 1562,2159 1594,2158 1626,2157 1657,2156 1689,2156 1721,2154 1752,2153 1784,2152 1816,2150 1847,2148 1879,2147 1911,2144 1942,2141 1974,2138 2006,2135"/>
                <TextEquiv>
                    <Unicode>wylend batt Herporets salix</Unicode>
                </TextEquiv>
            </TextLine>
            <TextLine id="r1l29" custom="readingOrder {index:28;}">
                <Coords points="1369,2248 1572,2251 1633,2225 1733,2246 1826,2213 1893,2235 2085,2201 2082,2161 2014,2154 1879,2196 1799,2179 1775,2205 1672,2176 1557,2212 1479,2190 1395,2217 1367,2201"/>
                <Baseline points="1377,2238 1411,2237 1446,2235 1481,2234 1516,2232 1551,2231 1586,2229 1621,2228 1656,2226 1691,2225 1726,2224 1760,2222 1795,2220 1830,2218 1865,2217 1900,2213 1935,2211 1970,2209 2005,2205 2040,2201 2075,2198"/>
                <TextEquiv>
                    <Unicode>witgenn, auch zwen mid diefell</Unicode>
                </TextEquiv>
            </TextLine>
            <TextLine id="r1l30" custom="readingOrder {index:29;}">
                <Coords points="1795,2312 1849,2311 1902,2297 1929,2309 1998,2272 2038,2267 2034,2222 2018,2218 2003,2228 1980,2221 1926,2224 1889,2239 1854,2226 1831,2239 1789,2244"/>
                <Baseline points="1802,2279 1827,2279 1852,2277 1877,2275 1902,2272 1927,2268 1952,2266 1977,2264 2002,2264 2028,2265"/>
                <TextEquiv>
                    <Unicode>und nyn</Unicode>
                </TextEquiv>
            </TextLine>
            <TextLine id="r1l31" custom="readingOrder {index:30;}">
                <Coords points="1381,2332 1452,2326 1474,2337 1571,2309 1691,2328 1789,2285 1788,2259 1760,2263 1720,2239 1661,2243 1634,2225 1603,2253 1529,2279 1454,2244 1376,2263"/>
                <Baseline points="1388,2304 1414,2303 1440,2301 1466,2301 1492,2299 1519,2297 1545,2295 1571,2294 1597,2292 1623,2289 1650,2288 1676,2286 1702,2284 1728,2283 1754,2282 1781,2282"/>
                <TextEquiv>
                    <Unicode>fasser hingfùrt</Unicode>
                </TextEquiv>
            </TextLine>
            <TextLine id="r1l32" custom="readingOrder {index:31;}">
                <Coords points="1393,2375 1424,2372 1437,2380 1456,2371 1473,2376 1487,2366 1515,2378 1534,2367 1579,2385 1602,2375 1598,2312 1585,2316 1572,2308 1538,2328 1524,2317 1496,2320 1468,2338 1451,2323 1439,2331 1427,2326 1391,2344"/>
                <Baseline points="1401,2370 1428,2368 1455,2366 1483,2364 1510,2363 1538,2360 1565,2360 1593,2358"/>
                <TextEquiv>
                    <Unicode>widerbrach</Unicode>
                </TextEquiv>
            </TextLine>
            <TextLine id="r1l33" custom="readingOrder {index:32;} person {offset:13; length:11;}">
                <Coords points="1330,2524 1407,2531 1531,2493 1590,2519 1618,2488 1679,2521 1785,2489 2040,2494 2037,2419 2004,2413 1892,2447 1809,2433 1753,2461 1691,2430 1636,2451 1533,2436 1482,2466 1419,2431 1327,2433"/>
                <Baseline points="1338,2504 1372,2502 1407,2500 1441,2499 1476,2498 1511,2496 1545,2496 1580,2496 1614,2495 1649,2495 1684,2494 1718,2493 1753,2492 1787,2490 1822,2489 1857,2487 1891,2485 1926,2483 1960,2479 1995,2475 2030,2471"/>
                <TextEquiv>
                    <Unicode>Item auch by Batt Galdin muß</Unicode>
                </TextEquiv>
            </TextLine>
            <TextLine id="r1l34" custom="readingOrder {index:33;} person {offset:26; length:3; continued:true;}">
                <Coords points="1369,2587 1469,2609 1562,2568 1608,2594 1689,2566 1941,2561 2027,2536 2025,2493 1878,2524 1780,2496 1657,2521 1616,2500 1555,2543 1472,2509 1367,2544"/>
                <Baseline points="1377,2561 1409,2561 1441,2562 1473,2562 1505,2562 1537,2562 1569,2562 1601,2562 1633,2562 1665,2561 1697,2559 1729,2558 1761,2556 1793,2554 1825,2552 1857,2549 1889,2546 1921,2543 1953,2540 1985,2537 2018,2532"/>
                <TextEquiv>
                    <Unicode>haffen schaffner, Innamen sub</Unicode>
                </TextEquiv>
            </TextLine>
            <TextLine id="r1l35" custom="readingOrder {index:34;} person {offset:0; length:6; continued:true;}">
                <Coords points="1370,2648 1445,2638 1594,2671 1632,2643 1765,2623 1904,2625 2065,2588 2061,2533 1782,2583 1603,2595 1556,2569 1470,2608 1416,2585 1366,2599"/>
                <Baseline points="1379,2640 1412,2640 1446,2640 1480,2640 1514,2639 1548,2638 1582,2636 1616,2634 1650,2633 1684,2630 1718,2627 1751,2624 1785,2621 1819,2617 1853,2613 1887,2609 1921,2604 1955,2598 1989,2593 2023,2588 2057,2582"/>
                <TextEquiv>
                    <Unicode>Baldis schwöster ein miden dickel</Unicode>
                </TextEquiv>
            </TextLine>
            <TextLine id="r1l36" custom="readingOrder {index:35;}">
                <Coords points="1374,2755 1449,2759 1532,2710 1734,2715 1871,2683 1904,2705 1931,2675 2035,2666 2050,2612 1896,2652 1775,2629 1577,2685 1366,2659"/>
                <Baseline points="1379,2712 1412,2711 1445,2711 1478,2709 1512,2708 1545,2706 1578,2704 1612,2703 1645,2700 1678,2698 1712,2695 1745,2692 1778,2689 1811,2685 1845,2681 1878,2678 1911,2673 1945,2668 1978,2664 2011,2659 2045,2654"/>
                <TextEquiv>
                    <Unicode>gfassen und darunn nützir über</Unicode>
                </TextEquiv>
            </TextLine>
            <TextLine id="r1l37" custom="readingOrder {index:36;}">
                <Coords points="1364,2796 1421,2777 1468,2787 1591,2773 1639,2805 1687,2807 1754,2765 1832,2748 1830,2710 1793,2729 1731,2706 1698,2721 1642,2713 1614,2739 1362,2760"/>
                <Baseline points="1371,2775 1396,2774 1421,2772 1446,2772 1471,2771 1496,2770 1521,2769 1546,2768 1571,2768 1597,2766 1622,2766 1647,2765 1672,2764 1697,2763 1722,2761 1747,2759 1772,2757 1797,2755 1823,2753"/>
                <TextEquiv>
                    <Unicode>antmuitter sends</Unicode>
                </TextEquiv>
            </TextLine>
            <TextEquiv>
                <Unicode>ouch von ettlichen pallt empfangen
darmb inen khorn zekhouffe, das
zemalen und das mal inen zuzei
beinpt verheyssen, da er aber Ine
herrn
eunf vberantiuert
ein pnress ✳ behalltn ✳ be¬
sunderl
eklet, verhan, vnnd entlich von
öllicher unerbarer sachen wüsen abtratt
unnd entwechen spe. Solle deßhalb
bekhennen, an wollichem ort, vnd mit
er söllichs verhandlen habe. Dar
der sine faler anzegr und
nen, dardurch er marttent
pyn zuerfliechen, vnd gned zurrrn
habe
Hieruff hatt er vezächen. Das er
anguerlich voranderhalben, Jar Inmemen
vnnd vss gehisse. M. Anders welchants
des alleen werchmeystes, em frieni¬
spiger husz zwen mund dinckells
gefassen, da aber sin knechen, das mal
im melen verarlosen, vnnd gedecht
meyster Andersen daruon nuchtt word
11.
Denne aber vmb dieselbige, zyt, by
wylend batt Herporets salix
witgenn, auch zwen mid diefell
und nyn
fasser hingfùrt
widerbrach
Item auch by Batt Galdin muß
haffen schaffner, Innamen sub
Baldis schwöster ein miden dickel
gfassen und darunn nützir über
antmuitter sends</Unicode>
            </TextEquiv>
        </TextRegion>
        <TextRegion orientation="0.0" id="r2" custom="readingOrder {index:1;}">
            <Coords points="2201,415 2201,2408 2997,2408 2997,415"/>
            <TextLine id="r2l1" custom="readingOrder {index:0;}">
                <Coords points="2244,449 2663,468 2726,448 2794,469 2864,447 2929,469 2952,465 2953,418 2793,389 2753,411 2640,391 2607,415 2460,423 2417,401 2384,417 2301,373 2245,381"/>
                <Baseline points="2252,444 2286,444 2321,444 2355,443 2390,444 2424,444 2459,444 2493,444 2528,444 2562,446 2597,446 2632,447 2666,447 2701,449 2735,449 2770,450 2804,451 2839,452 2873,453 2908,454 2943,455"/>
                <TextEquiv>
                    <Unicode>Denne aber ein müd Dinckell by</Unicode>
                </TextEquiv>
            </TextLine>
            <TextLine id="r2l2" custom="readingOrder {index:1;} place {offset:0; length:8;}">
                <Coords points="2241,526 2270,533 2340,501 2385,535 2422,523 2481,546 2577,511 2631,526 2699,511 2771,543 2772,460 2697,490 2652,463 2528,483 2428,452 2355,465 2242,451"/>
                <Baseline points="2250,501 2275,503 2301,503 2326,504 2352,504 2378,504 2403,505 2429,506 2455,506 2480,506 2506,507 2532,507 2557,507 2583,507 2609,507 2634,508 2660,509 2686,509 2711,509 2737,509 2763,509"/>
                <TextEquiv>
                    <Unicode>Heinrich Herportten, empft</Unicode>
                </TextEquiv>
            </TextLine>
            <TextLine id="r2l3" custom="readingOrder {index:2;}">
                <Coords points="2780,554 2789,552 2793,548 2802,554 2806,549 2815,548 2804,484 2792,488 2784,482 2769,487"/>
                <Baseline points="2781,509 2799,506"/>
                <TextEquiv>
                    <Unicode></Unicode>
                </TextEquiv>
            </TextLine>
            <TextLine id="r2l4" custom="readingOrder {index:3;}">
                <Coords points="2223,583 2370,563 2434,584 2462,565 2507,569 2555,590 2639,570 2720,593 2734,591 2736,529 2673,547 2574,512 2511,542 2452,544 2412,522 2384,536 2341,500 2283,530 2224,529"/>
                <Baseline points="2232,563 2258,561 2284,561 2310,561 2336,561 2362,563 2388,563 2414,563 2440,563 2466,564 2492,564 2518,564 2544,566 2570,566 2596,567 2622,567 2648,569 2674,569 2700,570 2727,570"/>
                <TextEquiv>
                    <Unicode>darub nitzn gëben.</Unicode>
                </TextEquiv>
            </TextLine>
            <TextLine id="r2l5" custom="readingOrder {index:4;} person {offset:0; length:6;}">
                <Coords points="2235,735 2324,762 2372,728 2452,750 2541,731 2686,732 2726,753 2759,727 2903,739 2903,689 2818,666 2788,687 2746,668 2632,698 2539,653 2409,681 2235,636"/>
                <Baseline points="2244,729 2276,728 2309,726 2341,725 2374,725 2406,725 2439,723 2471,723 2504,725 2536,725 2569,725 2601,725 2634,725 2666,725 2699,726 2731,726 2764,726 2796,726 2829,725 2861,725 2894,723"/>
                <TextEquiv>
                    <Unicode>Bucher so habe er Innamen</Unicode>
                </TextEquiv>
            </TextLine>
            <TextLine id="r2l6" custom="readingOrder {index:5;} person {offset:17; length:13;}">
                <Coords points="2223,795 2301,783 2378,831 2434,798 2552,783 2611,807 2710,793 2748,820 2936,807 2936,759 2832,731 2801,750 2601,734 2552,753 2378,729 2329,765 2260,734 2223,755"/>
                <Baseline points="2232,786 2266,785 2301,785 2336,785 2371,785 2405,783 2440,783 2475,783 2510,783 2544,783 2579,783 2614,785 2649,785 2683,785 2718,785 2753,785 2788,785 2822,785 2857,785 2892,785 2927,783"/>
                <TextEquiv>
                    <Unicode>und uss fürgäben Hans Schürzen allen</Unicode>
                </TextEquiv>
            </TextLine>
            <TextLine id="r2l7" custom="readingOrder {index:6;} place {offset:13; length:13;}">
                <Coords points="2207,854 2324,847 2410,888 2508,846 2578,881 2609,855 2661,890 2807,856 2936,867 2969,858 2969,815 2710,819 2646,791 2560,817 2430,803 2395,827 2252,797 2207,821"/>
                <Baseline points="2216,848 2253,846 2290,846 2327,846 2364,846 2402,846 2439,846 2476,847 2513,848 2550,848 2588,849 2625,849 2662,849 2699,849 2736,849 2774,849 2811,849 2848,849 2885,848 2922,846 2960,845"/>
                <TextEquiv>
                    <Unicode>ledtvogs von Trachsellwald von</Unicode>
                </TextEquiv>
            </TextLine>
            <TextLine id="r2l8" custom="readingOrder {index:7;} place {offset:3; length:15;}">
                <Coords points="2204,934 2263,907 2350,938 2535,912 2788,950 2836,912 2954,919 2955,862 2800,858 2657,888 2577,885 2541,853 2412,885 2205,861"/>
                <Baseline points="2213,911 2249,909 2286,908 2322,906 2359,905 2396,905 2432,905 2469,905 2505,905 2542,906 2579,907 2615,908 2652,909 2688,910 2725,911 2762,912 2798,912 2835,914 2871,914 2908,914 2945,914"/>
                <TextEquiv>
                    <Unicode>A. Bitzis Brigglen schaffner zu</Unicode>
                </TextEquiv>
            </TextLine>
            <TextLine id="r2l9" custom="readingOrder {index:8;} place {offset:0; length:6;}">
                <Coords points="2199,979 2267,967 2465,1011 2537,970 2723,971 2934,1003 2923,925 2845,951 2676,922 2645,946 2513,949 2431,917 2346,941 2289,909 2200,937"/>
                <Baseline points="2208,962 2243,965 2279,966 2315,968 2351,969 2387,969 2423,971 2458,971 2494,971 2530,971 2566,971 2602,971 2638,971 2674,969 2709,969 2745,969 2781,969 2817,969 2853,970 2889,971 2925,971"/>
                <TextEquiv>
                    <Unicode>Künitz zächen nüdt dinckell uff</Unicode>
                </TextEquiv>
            </TextLine>
            <TextLine id="r2l10" custom="readingOrder {index:9;}">
                <Coords points="2221,1035 2463,1027 2501,1055 2623,1023 2698,1057 2774,1030 2859,1079 2913,1055 2990,1065 2991,981 2912,1007 2879,977 2588,1002 2535,970 2472,1008 2373,981 2315,1006 2221,986"/>
                <Baseline points="2229,1025 2266,1026 2304,1027 2341,1028 2379,1029 2417,1029 2454,1029 2492,1029 2530,1029 2567,1029 2605,1029 2643,1029 2680,1029 2718,1029 2756,1029 2793,1030 2831,1031 2869,1032 2906,1033 2944,1035 2982,1037"/>
                <TextEquiv>
                    <Unicode>bord und dibs umb xj monen khoufft</Unicode>
                </TextEquiv>
            </TextLine>
            <TextLine id="r2l11" custom="readingOrder {index:10;}">
                <Coords points="2217,1124 2325,1091 2425,1125 2462,1095 2648,1118 2734,1082 2783,1105 2957,1106 2957,1069 2856,1078 2780,1047 2738,1069 2662,1047 2534,1066 2429,1033 2218,1058"/>
                <Baseline points="2226,1088 2262,1088 2298,1088 2334,1088 2370,1088 2406,1089 2442,1089 2478,1089 2514,1089 2550,1089 2587,1089 2623,1091 2659,1091 2695,1091 2731,1092 2767,1094 2803,1095 2839,1095 2875,1097 2911,1099 2948,1101"/>
                <TextEquiv>
                    <Unicode>iinwag gfurt, gemalen daruon</Unicode>
                </TextEquiv>
            </TextLine>
            <TextLine id="r2l12" custom="readingOrder {index:11;}">
                <Coords points="2233,1178 2380,1204 2499,1166 2589,1200 2750,1161 2902,1198 2988,1187 2989,1107 2867,1103 2771,1139 2674,1097 2548,1135 2470,1101 2376,1128 2335,1094 2233,1124"/>
                <Baseline points="2241,1154 2277,1154 2314,1154 2351,1154 2388,1154 2425,1154 2462,1154 2499,1154 2536,1154 2573,1154 2610,1154 2646,1154 2683,1155 2720,1155 2757,1157 2794,1158 2831,1159 2868,1161 2905,1163 2942,1166 2979,1167"/>
                <TextEquiv>
                    <Unicode>gedachten Schurzen funff mid vrhaufft</Unicode>
                </TextEquiv>
            </TextLine>
            <TextLine id="r2l13" custom="readingOrder {index:12;}">
                <Coords points="2219,1229 2327,1242 2374,1221 2440,1245 2472,1227 2535,1255 2632,1231 2652,1253 2675,1236 2774,1261 2775,1200 2707,1205 2663,1180 2610,1204 2498,1165 2468,1190 2356,1205 2221,1178"/>
                <Baseline points="2228,1218 2254,1218 2281,1218 2308,1218 2335,1219 2362,1220 2389,1220 2416,1221 2443,1222 2470,1223 2497,1224 2523,1226 2550,1226 2577,1227 2604,1227 2631,1229 2658,1229 2685,1229 2712,1229 2739,1229 2766,1229"/>
                <TextEquiv>
                    <Unicode>das pelle darb empfangn</Unicode>
                </TextEquiv>
            </TextLine>
            <TextLine id="r2l14" custom="readingOrder {index:13;}">
                <Coords points="2225,1303 2356,1328 2404,1301 2440,1323 2552,1293 2635,1333 2804,1329 2858,1297 2978,1308 2979,1264 2839,1231 2772,1273 2669,1272 2630,1232 2523,1257 2472,1226 2435,1246 2226,1242"/>
                <Baseline points="2234,1284 2270,1284 2307,1284 2344,1284 2381,1284 2418,1286 2454,1287 2491,1287 2528,1289 2565,1290 2602,1292 2638,1293 2675,1295 2712,1296 2749,1298 2786,1299 2822,1299 2859,1299 2896,1299 2933,1298 2970,1296"/>
                <TextEquiv>
                    <Unicode>söillichen funff mütten grsagten J Brübe</Unicode>
                </TextEquiv>
            </TextLine>
            <TextLine id="r2l15" custom="readingOrder {index:14;}">
                <Coords points="2214,1348 2321,1354 2358,1388 2416,1356 2507,1351 2531,1369 2825,1359 2943,1386 2944,1315 2905,1310 2831,1331 2530,1308 2488,1328 2215,1320"/>
                <Baseline points="2223,1344 2258,1344 2294,1346 2329,1346 2365,1347 2400,1347 2436,1349 2471,1349 2507,1350 2542,1352 2578,1352 2614,1353 2649,1355 2685,1355 2720,1356 2756,1357 2791,1358 2827,1358 2862,1359 2898,1359 2934,1359"/>
                <TextEquiv>
                    <Unicode>lern angetten, der aber eins one das</Unicode>
                </TextEquiv>
            </TextLine>
            <TextLine id="r2l16" custom="readingOrder {index:15;}">
                <Coords points="2216,1437 2401,1438 2481,1414 2833,1462 2886,1433 2949,1442 2950,1381 2871,1363 2772,1399 2730,1367 2616,1390 2552,1367 2218,1383"/>
                <Baseline points="2226,1413 2261,1412 2297,1410 2333,1410 2368,1410 2404,1410 2440,1410 2475,1412 2511,1412 2547,1414 2583,1415 2618,1418 2654,1418 2690,1419 2725,1421 2761,1422 2797,1424 2832,1425 2868,1425 2904,1425 2940,1425"/>
                <TextEquiv>
                    <Unicode>annder nit nemmen wöllen, heumb</Unicode>
                </TextEquiv>
            </TextLine>
            <TextLine id="r2l17" custom="readingOrder {index:16;}">
                <Coords points="2226,1489 2334,1523 2603,1483 2677,1483 2726,1516 2812,1498 2947,1521 2989,1505 2990,1456 2935,1462 2897,1433 2821,1467 2648,1423 2437,1453 2227,1427"/>
                <Baseline points="2234,1484 2271,1482 2308,1481 2346,1479 2383,1479 2420,1479 2458,1479 2495,1479 2532,1481 2570,1482 2607,1482 2644,1484 2682,1485 2719,1487 2756,1489 2794,1491 2831,1493 2868,1494 2906,1494 2943,1496 2981,1497"/>
                <TextEquiv>
                    <Unicode>er dasselb pallt, vnd auch das nachgeend</Unicode>
                </TextEquiv>
            </TextLine>
            <TextLine id="r2l18" custom="readingOrder {index:17;}">
                <Coords points="2221,1559 2326,1548 2400,1577 2435,1552 2533,1548 2666,1602 2715,1568 2819,1595 2896,1561 2948,1573 2949,1513 2834,1526 2786,1501 2726,1514 2680,1484 2455,1520 2222,1505"/>
                <Baseline points="2229,1547 2264,1547 2300,1548 2335,1548 2371,1548 2406,1548 2442,1548 2477,1548 2513,1548 2548,1548 2584,1548 2620,1548 2655,1550 2691,1550 2726,1550 2762,1551 2797,1553 2833,1554 2868,1556 2904,1558 2940,1560"/>
                <TextEquiv>
                    <Unicode>das er uss dem übergen funff uden</Unicode>
                </TextEquiv>
            </TextLine>
            <TextLine id="r2l19" custom="readingOrder {index:18;}">
                <Coords points="2220,1638 2306,1643 2358,1622 2446,1643 2520,1613 2704,1669 2757,1639 2855,1642 2857,1581 2781,1602 2714,1568 2666,1602 2528,1564 2401,1578 2313,1552 2221,1577"/>
                <Baseline points="2229,1610 2259,1608 2290,1608 2321,1608 2352,1608 2383,1610 2414,1610 2444,1611 2475,1612 2506,1613 2537,1614 2568,1616 2599,1617 2630,1619 2660,1620 2691,1621 2722,1622 2753,1622 2784,1623 2815,1623 2846,1623"/>
                <TextEquiv>
                    <Unicode>erloßt, besecklet, verhanv</Unicode>
                </TextEquiv>
            </TextLine>
            <TextLine id="r2l20" custom="readingOrder {index:19;}">
                <Coords points="2228,1683 2461,1701 2488,1729 2575,1684 2646,1690 2685,1723 2780,1689 2898,1719 2938,1691 2993,1718 2994,1665 2930,1650 2758,1639 2648,1664 2520,1619 2445,1645 2370,1626 2293,1660 2229,1638"/>
                <Baseline points="2237,1674 2274,1676 2311,1677 2349,1679 2386,1679 2424,1681 2461,1682 2498,1683 2536,1684 2573,1685 2611,1686 2648,1687 2685,1688 2723,1688 2760,1688 2798,1689 2835,1688 2872,1688 2910,1688 2947,1687 2985,1686"/>
                <TextEquiv>
                    <Unicode>den ergestig₎ d bitzis brùgeben</Unicode>
                </TextEquiv>
            </TextLine>
            <TextLine id="r2l21" custom="readingOrder {index:20;}">
                <Coords points="2209,1783 2299,1750 2387,1778 2442,1749 2554,1791 2614,1751 2915,1797 2918,1715 2630,1732 2538,1687 2491,1729 2403,1699 2211,1714"/>
                <Baseline points="2219,1740 2253,1740 2287,1742 2322,1743 2356,1745 2391,1745 2425,1746 2459,1748 2494,1748 2528,1749 2563,1750 2597,1751 2631,1752 2666,1753 2700,1754 2735,1755 2769,1757 2803,1757 2838,1759 2872,1761 2907,1763"/>
                <TextEquiv>
                    <Unicode>sin aberfurte khorn mit bezalle</Unicode>
                </TextEquiv>
            </TextLine>
            <TextLine id="r2l22" custom="readingOrder {index:21;} place {offset:17; length:7;}">
                <Coords points="2192,1916 2301,1931 2337,1903 2417,1908 2487,1947 2572,1914 2712,1946 2831,1921 2969,1948 3004,1944 3006,1902 2681,1840 2406,1854 2349,1827 2196,1824"/>
                <Baseline points="2201,1899 2240,1900 2280,1901 2320,1904 2360,1905 2400,1907 2439,1908 2479,1911 2519,1912 2559,1914 2599,1916 2638,1917 2678,1919 2718,1921 2758,1923 2798,1925 2837,1925 2877,1926 2917,1928 2957,1928 2997,1929"/>
                <TextEquiv>
                    <Unicode>Dime habe er von osswald sinpen¬</Unicode>
                </TextEquiv>
            </TextLine>
            <TextLine id="r2l23" custom="readingOrder {index:22;}">
                <Coords points="2217,1956 2417,1993 2491,1974 2521,1992 2558,1960 2657,2022 2719,1981 2768,1998 2799,1973 2878,2032 2979,1993 2982,1950 2915,1927 2811,1951 2764,1924 2715,1946 2616,1923 2489,1946 2461,1920 2218,1928"/>
                <Baseline points="2226,1952 2263,1954 2300,1957 2337,1958 2374,1961 2412,1962 2449,1964 2486,1966 2523,1968 2560,1970 2598,1972 2635,1974 2672,1976 2709,1977 2746,1979 2784,1981 2821,1983 2858,1986 2895,1988 2932,1991 2970,1994"/>
                <TextEquiv>
                    <Unicode>tns dem jumpt inj ✳ diekpf esfag</Unicode>
                </TextEquiv>
            </TextLine>
            <TextLine id="r2l24" custom="readingOrder {index:23;}">
                <Coords points="2224,2047 2501,2036 2592,2078 2672,2044 2823,2092 2911,2059 2913,2031 2874,2031 2800,1976 2659,2026 2557,1960 2472,1998 2227,1974"/>
                <Baseline points="2234,2022 2267,2024 2300,2025 2334,2027 2367,2028 2401,2030 2434,2031 2468,2033 2501,2034 2535,2034 2568,2036 2601,2037 2635,2039 2668,2040 2702,2042 2735,2043 2769,2045 2802,2047 2836,2049 2869,2051 2903,2052"/>
                <TextEquiv>
                    <Unicode>das er inne drub khor khauffen</Unicode>
                </TextEquiv>
            </TextLine>
            <TextLine id="r2l25" custom="readingOrder {index:24;}">
                <Coords points="2305,2094 2406,2099 2446,2141 2527,2102 2600,2147 2680,2109 2882,2123 2964,2152 2987,2143 2990,2082 2926,2057 2843,2093 2648,2055 2586,2077 2495,2040 2408,2075 2373,2049 2307,2048"/>
                <Baseline points="2313,2087 2346,2089 2379,2092 2412,2095 2446,2097 2479,2100 2512,2102 2546,2104 2579,2105 2612,2108 2646,2109 2679,2111 2712,2111 2745,2112 2779,2114 2812,2114 2845,2114 2879,2115 2912,2115 2945,2115 2979,2115"/>
                <TextEquiv>
                    <Unicode>wale sollen, habe er Ime aber khein</Unicode>
                </TextEquiv>
            </TextLine>
            <TextLine id="r2l26" custom="readingOrder {index:25;}">
                <Coords points="2223,2170 2358,2159 2390,2190 2473,2195 2526,2174 2610,2209 2671,2176 2783,2203 2829,2182 2886,2223 2982,2225 2985,2152 2918,2130 2765,2152 2634,2121 2599,2146 2483,2113 2440,2138 2402,2098 2354,2126 2226,2088"/>
                <Baseline points="2232,2147 2269,2150 2306,2154 2343,2157 2380,2159 2417,2161 2454,2163 2492,2165 2529,2166 2566,2168 2603,2169 2640,2169 2677,2171 2714,2172 2752,2172 2789,2174 2826,2174 2863,2175 2900,2177 2937,2178 2975,2178"/>
                <TextEquiv>
                    <Unicode>Ihren shafft noch näl gebrachn</Unicode>
                </TextEquiv>
            </TextLine>
            <TextLine id="r2l27" custom="readingOrder {index:26;}">
                <Coords points="2277,2220 2345,2225 2405,2252 2455,2231 2513,2253 2561,2230 2629,2260 2673,2254 2693,2273 2749,2266 2752,2193 2671,2176 2617,2209 2544,2177 2475,2197 2427,2176 2374,2200 2279,2175"/>
                <Baseline points="2286,2216 2311,2218 2336,2220 2361,2222 2387,2222 2412,2224 2437,2225 2462,2225 2488,2226 2513,2226 2538,2228 2564,2228 2589,2229 2614,2231 2639,2232 2665,2234 2690,2235 2715,2237 2741,2240"/>
                <TextEquiv>
                    <Unicode>des das pälten verthon</Unicode>
                </TextEquiv>
            </TextLine>
            <TextLine id="r2l28" custom="readingOrder {index:27;}">
                <Coords points="2228,2297 2444,2322 2571,2293 2650,2345 2701,2315 2840,2321 2863,2342 2974,2322 2954,2270 2826,2249 2698,2276 2595,2242 2515,2265 2456,2232 2388,2257 2231,2244"/>
                <Baseline points="2237,2279 2273,2279 2309,2280 2346,2280 2382,2282 2419,2284 2455,2286 2492,2289 2528,2290 2565,2294 2601,2295 2637,2298 2674,2301 2710,2303 2747,2305 2783,2308 2820,2310 2856,2313 2893,2314 2929,2316 2966,2318"/>
                <TextEquiv>
                    <Unicode>mah widerpaben, und hiei</Unicode>
                </TextEquiv>
            </TextLine>
            <TextLine id="r2l29" custom="readingOrder {index:28;}">
                <Coords points="2215,2387 2464,2366 2586,2419 2846,2390 2974,2431 2979,2353 2917,2368 2848,2331 2763,2352 2704,2315 2648,2345 2513,2305 2440,2326 2219,2311"/>
                <Baseline points="2226,2351 2263,2351 2300,2351 2337,2352 2374,2353 2411,2354 2448,2357 2485,2358 2522,2360 2559,2363 2596,2365 2633,2367 2670,2371 2707,2373 2744,2376 2781,2379 2818,2382 2855,2385 2892,2388 2929,2391 2967,2394"/>
                <TextEquiv>
                    <Unicode>wychts im erkhantlich sin wöllen</Unicode>
                </TextEquiv>
            </TextLine>
            <TextEquiv>
                <Unicode>Denne aber ein müd Dinckell by
Heinrich Herportten, empft

darub nitzn gëben.
Bucher so habe er Innamen
und uss fürgäben Hans Schürzen allen
ledtvogs von Trachsellwald von
A. Bitzis Brigglen schaffner zu
Künitz zächen nüdt dinckell uff
bord und dibs umb xj monen khoufft
iinwag gfurt, gemalen daruon
gedachten Schurzen funff mid vrhaufft
das pelle darb empfangn
söillichen funff mütten grsagten J Brübe
lern angetten, der aber eins one das
annder nit nemmen wöllen, heumb
er dasselb pallt, vnd auch das nachgeend
das er uss dem übergen funff uden
erloßt, besecklet, verhanv
den ergestig₎ d bitzis brùgeben
sin aberfurte khorn mit bezalle
Dime habe er von osswald sinpen¬
tns dem jumpt inj ✳ diekpf esfag
das er inne drub khor khauffen
wale sollen, habe er Ime aber khein
Ihren shafft noch näl gebrachn
des das pälten verthon
mah widerpaben, und hiei
wychts im erkhantlich sin wöllen</Unicode>
            </TextEquiv>
        </TextRegion>
    </Page>
</PcGts>
