<?xml version="1.0" encoding="UTF-8" standalone="yes"?>
<PcGts xmlns="http://schema.primaresearch.org/PAGE/gts/pagecontent/2013-07-15" xmlns:xsi="http://www.w3.org/2001/XMLSchema-instance" xsi:schemaLocation="http://schema.primaresearch.org/PAGE/gts/pagecontent/2013-07-15 http://schema.primaresearch.org/PAGE/gts/pagecontent/2013-07-15/pagecontent.xsd">
    <Metadata>
        <Creator>prov=University of Rostock/Institute of Mathematics/CITlab|PLANET AI GmbH/Gundram Leifert/gundram.leifert@planet-ai.de:name=German_Kurrent_XVI-XVIII_M1(htr_id=19584)::::v=2.6.7
prov=University of Rostock/Institute of Mathematics/CITlab|PLANET AI GmbH/Tobias Gruening/tobias.gruening@planet-ai.de:name=de.uros.citlab.module.baseline2polygon.B2PSeamMultiOriented:v=2.6.7
prov=University of Rostock/Institute of Mathematics/CITlab|PLANET AI GmbH/Tobias Gruening/tobias.gruening@planet-ai.de:name=/net_tf/LA73_249_0mod360.pb:de.uros.citlab.segmentation.CITlab_LA_ML:v=2.6.7
prov=University of Rostock/Institute of Mathematics/CITlab|PLANET AI GmbH/Gundram Leifert/gundram.leifert@planet-ai.de:name=Turmbücher_StaBe_3_A.Funk(htr_id=27278)::::v=2.6.7
prov=University of Rostock/Institute of Mathematics/CITlab|PLANET AI GmbH/Tobias Gruening/tobias.gruening@planet-ai.de:name=de.uros.citlab.module.baseline2polygon.B2PSeamMultiOriented:v=2.6.7
prov=University of Rostock/Institute of Mathematics/CITlab|PLANET AI GmbH/Tobias Gruening/tobias.gruening@planet-ai.de:name=/net_tf/LA73_249_0mod360.pb:de.uros.citlab.segmentation.CITlab_LA_ML:v=2.6.6
Transkribus</Creator>
        <Created>2020-10-05T14:57:49.622+02:00</Created>
        <LastChange>2022-09-09T16:14:39.732+02:00</LastChange>
        <TranskribusMetadata docId="1334779" pageId="52354621" pageNr="71" tsid="114636216" status="IN_PROGRESS" userId="9570" imgUrl="https://files.transkribus.eu/Get?id=IOIPPCOSXDIYKYCDABESNSBN&amp;fileType=view" xmlUrl="https://files.transkribus.eu/Get?id=GOZIHENOXSJHFXTOKVQSFDBJ" imageId="16062534"/>
    </Metadata>
    <Page imageFilename="Turmbücher BIX 434 _00071-20200925_140302.jpg" imageWidth="4160" imageHeight="3120">
        <ReadingOrder>
            <OrderedGroup id="ro_1687513998527" caption="Regions reading order">
                <RegionRefIndexed index="0" regionRef="r1"/>
                <RegionRefIndexed index="1" regionRef="r2"/>
            </OrderedGroup>
        </ReadingOrder>
        <TextRegion orientation="0.0" id="r1" custom="readingOrder {index:0;}">
            <Coords points="1290,299 1290,2843 2073,2843 2073,299"/>
            <TextLine id="r1l1" custom="readingOrder {index:0;}">
                <Coords points="1314,335 1444,341 1478,371 1522,347 1560,366 1711,349 2068,423 2072,380 1983,340 1913,348 1850,316 1808,339 1741,307 1640,324 1400,259 1319,277"/>
                <Baseline points="1323,326 1359,331 1396,336 1433,338 1470,341 1507,342 1544,344 1580,345 1617,347 1654,348 1691,350 1728,353 1765,355 1802,359 1838,362 1875,367 1912,372 1949,380 1986,388 2023,398 2060,410"/>
                <TextEquiv>
                    <Unicode>s dalleuwe pung mit dieen</Unicode>
                </TextEquiv>
            </TextLine>
            <TextLine id="r1l2" custom="readingOrder {index:1;}">
                <Coords points="1316,402 1692,413 1861,449 1887,431 1929,466 2051,482 2066,441 1996,403 1960,419 1935,388 1834,389 1697,348 1626,376 1525,346 1484,369 1390,331 1321,342"/>
                <Baseline points="1326,389 1362,391 1398,393 1435,395 1471,396 1508,399 1544,401 1581,403 1617,405 1654,408 1690,411 1726,414 1763,417 1799,421 1836,427 1872,431 1909,437 1945,444 1982,451 2018,458 2055,467"/>
                <TextEquiv>
                    <Unicode>Schmachen vnnd Gauß diebenn</Unicode>
                </TextEquiv>
            </TextLine>
            <TextLine id="r1l3" custom="readingOrder {index:2;}">
                <Coords points="1301,479 1461,461 1528,496 1568,466 1596,491 1642,474 1685,501 1767,486 2041,529 2055,493 1820,433 1721,448 1689,419 1583,438 1538,413 1306,415"/>
                <Baseline points="1311,455 1347,457 1384,459 1420,460 1457,462 1494,464 1530,465 1567,468 1603,469 1640,471 1677,474 1713,477 1750,480 1786,483 1823,487 1860,491 1896,497 1933,501 1969,508 2006,515 2043,522"/>
                <TextEquiv>
                    <Unicode>unnd also Jochter Grosrre</Unicode>
                </TextEquiv>
            </TextLine>
            <TextLine id="r1l4" custom="readingOrder {index:3;}">
                <Coords points="1319,529 1728,538 1797,572 1919,562 1986,600 2034,583 2062,603 2065,565 1873,501 1695,504 1637,474 1595,492 1568,466 1527,496 1451,465 1398,493 1323,476"/>
                <Baseline points="1329,515 1365,518 1401,520 1437,521 1474,524 1510,525 1546,527 1582,529 1619,530 1655,533 1691,534 1727,538 1764,541 1800,545 1836,548 1872,554 1909,559 1945,564 1981,573 2017,581 2054,590"/>
                <TextEquiv>
                    <Unicode>unnd wittherr schwur mit</Unicode>
                </TextEquiv>
            </TextLine>
            <TextLine id="r1l5" custom="readingOrder {index:4;}">
                <Coords points="1333,604 1564,589 1593,614 1701,593 1787,628 1853,605 1961,626 2013,670 2066,658 2070,612 2035,581 1985,600 1908,564 1339,525"/>
                <Baseline points="1344,585 1379,587 1415,587 1451,587 1486,588 1522,589 1558,590 1593,591 1629,593 1665,594 1701,597 1736,599 1772,602 1808,606 1843,609 1879,614 1915,619 1950,626 1986,633 2022,639 2058,648"/>
                <TextEquiv>
                    <Unicode>brueft Es morffe aber villich</Unicode>
                </TextEquiv>
            </TextLine>
            <TextLine id="r1l6" custom="readingOrder {index:5;}">
                <Coords points="1340,663 1370,682 1466,650 1550,672 1729,655 1812,697 1861,679 1941,712 2053,707 2056,665 2012,634 1969,645 1856,606 1786,627 1699,594 1630,628 1558,589 1490,615 1345,604"/>
                <Baseline points="1350,648 1384,648 1419,648 1454,648 1489,650 1523,650 1558,650 1593,651 1628,653 1662,655 1697,657 1732,660 1767,662 1801,666 1836,670 1871,675 1906,680 1940,686 1975,693 2010,700 2045,707"/>
                <TextEquiv>
                    <Unicode>ist wyd vnnd vyendschafft</Unicode>
                </TextEquiv>
            </TextLine>
            <TextLine id="r1l7" custom="readingOrder {index:6;}">
                <Coords points="1330,738 1386,717 1438,743 1495,716 1621,731 1654,712 1683,742 1741,727 1808,766 1862,745 2025,770 2028,721 1950,720 1916,684 1813,697 1727,654 1663,676 1614,656 1568,694 1523,660 1372,683 1335,665"/>
                <Baseline points="1340,714 1373,714 1407,716 1441,716 1475,717 1509,717 1542,718 1576,720 1610,721 1644,722 1678,724 1711,726 1745,729 1779,732 1813,735 1846,738 1880,743 1914,747 1948,751 1982,756 2016,761"/>
                <TextEquiv>
                    <Unicode>tochen vnnd withen vertragen</Unicode>
                </TextEquiv>
            </TextLine>
            <TextLine id="r1l8" custom="readingOrder {index:7;}">
                <Coords points="1345,792 1480,784 1555,805 1621,788 1695,813 1790,794 1897,806 1976,844 2043,832 2046,799 2003,768 1885,781 1739,736 1618,755 1554,725 1473,761 1410,722 1350,735"/>
                <Baseline points="1355,774 1390,776 1426,778 1462,780 1497,782 1533,783 1569,785 1605,788 1640,789 1676,792 1712,794 1748,797 1783,800 1819,803 1855,806 1891,811 1926,816 1962,820 1998,827 2034,833"/>
                <TextEquiv>
                    <Unicode>sin dann ar abe hoffe</Unicode>
                </TextEquiv>
            </TextLine>
            <TextLine id="r1l9" custom="readingOrder {index:8;}">
                <Coords points="1368,854 1604,906 1637,885 1740,900 1792,865 1897,869 1970,922 2056,904 2061,836 2041,826 1933,855 1810,801 1701,826 1664,799 1498,820 1458,789 1373,790"/>
                <Baseline points="1377,842 1410,843 1444,844 1477,846 1511,848 1545,849 1578,851 1612,852 1645,855 1679,857 1713,858 1746,861 1780,863 1813,866 1847,869 1881,873 1914,876 1948,879 1981,884 2015,888 2049,893"/>
                <TextEquiv>
                    <Unicode>die sach sich gefunden werde,</Unicode>
                </TextEquiv>
            </TextLine>
            <TextLine id="r1l10" custom="readingOrder {index:9;}">
                <Coords points="1325,970 1551,945 1676,1003 1786,961 1821,985 1852,964 1940,996 1979,979 2060,996 2062,963 1967,919 1851,942 1734,900 1573,926 1332,858"/>
                <Baseline points="1335,953 1370,951 1406,950 1442,948 1478,948 1514,950 1550,951 1585,951 1621,954 1657,956 1693,958 1729,961 1765,964 1801,967 1836,970 1872,973 1908,977 1944,980 1980,982 2016,985 2052,989"/>
                <TextEquiv>
                    <Unicode>Bittet uch myn g heren</Unicode>
                </TextEquiv>
            </TextLine>
            <TextLine id="r1l11" custom="readingOrder {index:10;}">
                <Coords points="1361,1014 1397,1031 1528,1006 1629,1061 1658,1036 1706,1051 1732,1030 1796,1034 1856,1069 1924,1036 2012,1052 2015,1000 1960,1009 1893,973 1702,1004 1546,945 1492,974 1364,965"/>
                <Baseline points="1371,1004 1402,1005 1434,1007 1465,1010 1497,1011 1529,1012 1560,1014 1592,1016 1624,1018 1655,1019 1687,1021 1719,1023 1750,1024 1782,1026 1814,1028 1845,1031 1877,1032 1909,1035 1940,1037 1972,1040 2004,1041"/>
                <TextEquiv>
                    <Unicode>Hann Tumpenlich umb</Unicode>
                </TextEquiv>
            </TextLine>
            <TextLine id="r1l12" custom="readingOrder {index:11;}">
                <Coords points="1344,1109 1469,1074 1638,1070 1804,1111 1836,1094 1878,1129 1916,1102 2012,1113 2016,1054 1836,1064 1732,1030 1690,1051 1620,1019 1557,1036 1489,1006 1393,1044 1348,1038"/>
                <Baseline points="1355,1068 1387,1068 1419,1068 1452,1068 1484,1070 1517,1070 1549,1071 1582,1074 1614,1076 1647,1077 1679,1080 1711,1082 1744,1085 1776,1087 1809,1089 1841,1091 1874,1094 1906,1095 1939,1097 1971,1100 2004,1100"/>
                <TextEquiv>
                    <Unicode>gnad unnd verdefung ✳ der</Unicode>
                </TextEquiv>
            </TextLine>
            <TextLine id="r1l13" custom="readingOrder {index:12;}">
                <Coords points="1350,1148 1555,1139 1829,1173 1917,1148 1964,1182 2024,1172 2025,1127 2001,1119 1914,1103 1878,1128 1848,1100 1804,1118 1722,1085 1633,1100 1493,1081 1351,1111"/>
                <Baseline points="1359,1139 1391,1136 1424,1134 1457,1133 1490,1133 1523,1133 1556,1134 1588,1135 1621,1136 1654,1139 1687,1139 1720,1142 1753,1145 1786,1146 1818,1149 1851,1151 1884,1152 1917,1154 1950,1155 1983,1155 2016,1157"/>
                <TextEquiv>
                    <Unicode>Arpirttirins sich furtthin</Unicode>
                </TextEquiv>
            </TextLine>
            <TextLine id="r1l14" custom="readingOrder {index:13;}">
                <Coords points="1356,1205 1376,1198 1407,1223 1428,1226 1447,1210 1466,1204 1460,1142 1407,1135 1375,1163 1352,1158"/>
                <Baseline points="1365,1197 1395,1193 1425,1190 1455,1188"/>
                <TextEquiv>
                    <Unicode>vff</Unicode>
                </TextEquiv>
            </TextLine>
            <TextLine id="r1l15" custom="readingOrder {index:14;}">
                <Coords points="1461,1188 1503,1211 1569,1200 1603,1226 1686,1199 1757,1224 2046,1219 2047,1181 1978,1191 1917,1148 1860,1184 1804,1156 1654,1165 1616,1140 1559,1167 1530,1144 1463,1144"/>
                <Baseline points="1469,1188 1497,1190 1525,1191 1554,1193 1582,1195 1611,1196 1639,1197 1667,1200 1696,1201 1724,1202 1753,1204 1781,1205 1809,1207 1838,1208 1866,1209 1895,1211 1923,1212 1951,1213 1980,1214 2008,1215 2037,1217"/>
                <TextEquiv>
                    <Unicode>bewyßne omand mitt</Unicode>
                </TextEquiv>
            </TextLine>
            <TextLine id="r1l16" custom="readingOrder {index:15;}">
                <Coords points="1318,1265 1454,1256 1503,1289 1606,1263 1742,1287 1837,1272 1887,1305 1946,1276 2018,1282 2019,1256 1945,1250 1898,1212 1793,1236 1773,1216 1727,1230 1688,1199 1557,1239 1461,1199 1413,1227 1378,1198 1321,1202"/>
                <Baseline points="1328,1254 1362,1254 1396,1254 1430,1256 1464,1256 1498,1256 1532,1257 1566,1258 1600,1259 1634,1260 1669,1262 1703,1263 1737,1265 1771,1266 1805,1268 1839,1269 1873,1271 1907,1272 1941,1275 1975,1277 2010,1278"/>
                <TextEquiv>
                    <Unicode>Fugstig unnd perlichen</Unicode>
                </TextEquiv>
            </TextLine>
            <TextLine id="r1l17" custom="readingOrder {index:16;}">
                <Coords points="1371,1325 1509,1332 1540,1312 1605,1337 1631,1322 1783,1350 1875,1329 1904,1350 1941,1325 2024,1333 2026,1284 1912,1311 1835,1272 1743,1287 1605,1264 1573,1287 1502,1287 1456,1261 1414,1286 1372,1278"/>
                <Baseline points="1380,1310 1411,1311 1443,1313 1475,1314 1507,1315 1539,1317 1570,1318 1602,1320 1634,1321 1666,1322 1698,1325 1729,1325 1761,1326 1793,1326 1825,1328 1857,1328 1888,1328 1920,1328 1952,1326 1984,1325 2016,1323"/>
                <TextEquiv>
                    <Unicode>arbeitt zubeflyßenn vnd</Unicode>
                </TextEquiv>
            </TextLine>
            <TextLine id="r1l18" custom="readingOrder {index:17;}">
                <Coords points="1347,1373 1437,1387 1481,1371 1647,1412 1742,1381 1831,1417 1879,1382 1906,1407 1970,1406 1972,1344 1929,1334 1904,1352 1831,1327 1776,1351 1678,1332 1578,1358 1349,1323"/>
                <Baseline points="1356,1377 1386,1376 1416,1374 1446,1374 1477,1374 1507,1374 1537,1375 1568,1376 1598,1377 1628,1379 1659,1380 1689,1382 1719,1383 1749,1386 1780,1388 1810,1389 1840,1390 1871,1391 1901,1391 1931,1391 1962,1391"/>
                <TextEquiv>
                    <Unicode>inn unnd sid huss ys</Unicode>
                </TextEquiv>
            </TextLine>
            <TextLine id="r1l19" custom="readingOrder {index:18;}">
                <Coords points="1352,1463 1469,1438 1699,1449 1732,1481 1805,1444 1922,1472 2025,1457 2026,1419 1993,1407 1821,1426 1753,1384 1683,1419 1597,1387 1354,1391"/>
                <Baseline points="1362,1440 1394,1439 1427,1437 1460,1436 1492,1436 1525,1437 1558,1438 1590,1439 1623,1440 1656,1442 1689,1443 1721,1445 1754,1446 1787,1448 1819,1449 1852,1449 1885,1451 1917,1451 1950,1449 1983,1448 2016,1446"/>
                <TextEquiv>
                    <Unicode>zeimen, inaßen daser</Unicode>
                </TextEquiv>
            </TextLine>
            <TextLine id="r1l20" custom="readingOrder {index:19;}">
                <Coords points="1352,1509 1573,1502 1608,1533 1694,1501 1783,1534 1871,1515 1918,1541 1990,1514 2049,1524 2051,1461 2009,1489 1538,1448 1354,1464"/>
                <Baseline points="1362,1493 1395,1493 1429,1493 1463,1494 1497,1495 1531,1496 1565,1499 1599,1500 1633,1502 1667,1503 1701,1506 1734,1508 1768,1509 1802,1511 1836,1512 1870,1513 1904,1514 1938,1514 1972,1514 2006,1512 2040,1511"/>
                <TextEquiv>
                    <Unicode>Ernes gosses noch argwas</Unicode>
                </TextEquiv>
            </TextLine>
            <TextLine id="r1l21" custom="readingOrder {index:20;}">
                <Coords points="1343,1554 1482,1591 1579,1561 1633,1584 1752,1572 1796,1596 1838,1576 1913,1605 1974,1578 2080,1602 2083,1540 2018,1546 1969,1517 1897,1544 1691,1501 1615,1529 1557,1504 1450,1529 1345,1517"/>
                <Baseline points="1352,1550 1388,1551 1424,1553 1460,1554 1496,1556 1532,1557 1568,1560 1604,1562 1640,1563 1676,1566 1712,1568 1748,1569 1784,1571 1820,1572 1856,1574 1892,1575 1928,1577 1964,1577 2000,1578 2036,1578 2073,1580"/>
                <TextEquiv>
                    <Unicode>merr sole verdafft werden.</Unicode>
                </TextEquiv>
            </TextLine>
            <TextLine id="r1l22" custom="readingOrder {index:21;} person {offset:9; length:4;} place {offset:28; length:8;}">
                <Coords points="1332,1637 1456,1657 1531,1637 1567,1669 1720,1645 1852,1667 1918,1640 2051,1653 2052,1605 2013,1580 1953,1617 1929,1594 1806,1607 1751,1573 1695,1596 1611,1577 1520,1597 1334,1567"/>
                <Baseline points="1341,1629 1376,1629 1411,1629 1446,1631 1481,1631 1516,1632 1551,1634 1586,1634 1621,1635 1656,1637 1692,1637 1727,1638 1762,1639 1797,1640 1832,1640 1867,1641 1902,1641 1937,1641 1972,1641 2007,1641 2043,1641"/>
                <TextEquiv>
                    <Unicode>Bedachte Jösy ist mandes zu Werkzili</Unicode>
                </TextEquiv>
            </TextLine>
            <TextLine id="r1l23" custom="readingOrder {index:22;}">
                <Coords points="1333,1684 1759,1720 1825,1686 1967,1714 2037,1701 2037,1663 1973,1641 1843,1666 1765,1644 1581,1668 1476,1641 1333,1653"/>
                <Baseline points="1341,1676 1375,1678 1409,1679 1444,1682 1478,1682 1512,1683 1547,1685 1581,1685 1615,1686 1650,1686 1684,1686 1718,1686 1753,1688 1787,1688 1821,1687 1856,1686 1890,1686 1924,1686 1959,1686 1993,1686 2028,1685"/>
                <TextEquiv>
                    <Unicode>fr ufzogen und ub wycher erkläug fine</Unicode>
                </TextEquiv>
            </TextLine>
            <TextLine id="r1l24" custom="readingOrder {index:23;}">
                <Coords points="1513,1751 1596,1738 1637,1764 1669,1747 1732,1770 1780,1741 1819,1756 1918,1745 2012,1772 2045,1753 2045,1696 1938,1715 1877,1699 1842,1720 1808,1702 1769,1721 1614,1698 1579,1713 1548,1689 1513,1699"/>
                <Baseline points="1521,1727 1546,1729 1572,1731 1598,1734 1624,1736 1649,1736 1675,1737 1701,1739 1727,1739 1752,1739 1778,1739 1804,1739 1830,1739 1855,1739 1881,1737 1907,1737 1933,1737 1958,1737 1984,1736 2010,1736 2036,1736"/>
                <TextEquiv>
                    <Unicode>lib anzogen worden, r abe ist</Unicode>
                </TextEquiv>
            </TextLine>
            <TextLine id="r1l25" custom="readingOrder {index:24;}">
                <Coords points="1335,1799 1498,1798 1569,1829 1712,1790 1777,1816 1901,1791 2036,1798 2037,1755 1978,1743 1905,1767 1832,1746 1714,1770 1676,1746 1576,1758 1492,1699 1338,1697"/>
                <Baseline points="1344,1772 1378,1775 1412,1776 1446,1779 1480,1781 1514,1782 1548,1784 1583,1785 1617,1787 1651,1788 1685,1788 1719,1790 1753,1790 1787,1790 1822,1790 1856,1790 1890,1790 1924,1790 1958,1790 1992,1788 2027,1788"/>
                <TextEquiv>
                    <Unicode>genzlich eysien hierbgeschribnen abfl</Unicode>
                </TextEquiv>
            </TextLine>
            <TextLine id="r1l26" custom="readingOrder {index:25;}">
                <Coords points="1348,1868 1362,1864 1368,1871 1389,1857 1428,1869 1448,1863 1465,1877 1482,1880 1503,1868 1518,1870 1526,1813 1513,1814 1500,1798 1470,1812 1440,1797 1414,1798 1391,1789 1357,1791"/>
                <Baseline points="1362,1829 1387,1829 1412,1829 1437,1830 1462,1833 1487,1841 1512,1850"/>
                <TextEquiv>
                    <Unicode>belichn.</Unicode>
                </TextEquiv>
            </TextLine>
            <TextLine id="r1l27" custom="readingOrder {index:26;}">
                <Coords points="1282,2159 1548,2187 1644,2150 1750,2153 1805,2186 1842,2154 1916,2149 1961,2178 2055,2149 2055,2122 1981,2095 1901,2125 1616,2057 1495,2115 1442,2083 1364,2126 1282,2093"/>
                <Baseline points="1290,2148 1327,2148 1365,2147 1403,2147 1441,2145 1479,2145 1516,2145 1554,2145 1592,2145 1630,2147 1668,2147 1705,2147 1743,2148 1781,2149 1819,2150 1857,2151 1894,2151 1932,2153 1970,2154 2008,2154 2046,2156"/>
                <TextEquiv>
                    <Unicode>ottem præesemibus abstadt. Hatt</Unicode>
                </TextEquiv>
            </TextLine>
            <TextLine id="r1l28" custom="readingOrder {index:27;} person {offset:0; length:15;}">
                <Coords points="1467,2277 1573,2248 1700,2259 1725,2284 1774,2252 1819,2288 1863,2257 1977,2274 1976,2202 1744,2182 1659,2226 1469,2168"/>
                <Baseline points="1476,2249 1501,2248 1527,2247 1553,2246 1579,2246 1605,2246 1631,2246 1657,2247 1683,2247 1709,2249 1734,2249 1760,2250 1786,2250 1812,2252 1838,2252 1864,2253 1890,2253 1916,2255 1942,2255 1968,2255"/>
                <TextEquiv>
                    <Unicode>Heinas Schädeli von</Unicode>
                </TextEquiv>
            </TextLine>
            <TextLine id="r1l29" custom="readingOrder {index:28;} place {offset:0; length:10;}">
                <Coords points="1527,2329 1554,2335 1578,2313 1603,2319 1623,2306 1675,2305 1720,2319 1728,2312 1735,2319 1756,2314 1757,2264 1724,2282 1693,2257 1660,2272 1600,2260 1587,2267 1569,2257 1529,2263"/>
                <Baseline points="1536,2307 1562,2303 1589,2300 1615,2301 1642,2301 1668,2303 1695,2306 1721,2307 1748,2309"/>
                <TextEquiv>
                    <Unicode>Obrlindach</Unicode>
                </TextEquiv>
            </TextLine>
            <TextLine id="r1l30" custom="readingOrder {index:29;}">
                <Coords points="1306,2465 1339,2455 1372,2481 1420,2451 1500,2450 1531,2474 1602,2474 1772,2439 1847,2477 1916,2440 2001,2437 2001,2404 1921,2408 1879,2383 1821,2409 1493,2408 1437,2398 1373,2346 1306,2351"/>
                <Baseline points="1314,2441 1347,2439 1381,2438 1415,2436 1449,2436 1483,2435 1517,2435 1551,2436 1585,2436 1619,2437 1653,2438 1686,2438 1720,2439 1754,2439 1788,2439 1822,2439 1856,2439 1890,2438 1924,2436 1958,2434 1992,2432"/>
                <TextEquiv>
                    <Unicode>uff genampte herrn voroffnen</Unicode>
                </TextEquiv>
            </TextLine>
            <TextLine id="r1l31" custom="readingOrder {index:30;}">
                <Coords points="1338,2509 1464,2536 1627,2498 1705,2515 1752,2500 1797,2523 2024,2492 2024,2448 1920,2446 1845,2477 1736,2471 1698,2445 1601,2474 1420,2451 1377,2481 1337,2471"/>
                <Baseline points="1347,2501 1380,2499 1413,2498 1447,2498 1480,2498 1514,2498 1547,2498 1581,2498 1614,2499 1648,2499 1681,2499 1714,2499 1748,2499 1781,2499 1815,2499 1848,2499 1882,2498 1915,2496 1949,2493 1982,2492 2016,2489"/>
                <TextEquiv>
                    <Unicode>unnd befragen, erkhenn unnd vei</Unicode>
                </TextEquiv>
            </TextLine>
            <TextLine id="r1l32" custom="readingOrder {index:31;}">
                <Coords points="1314,2588 1401,2602 1489,2570 1569,2597 1680,2557 1722,2592 2030,2558 2030,2521 1991,2511 1865,2538 1827,2508 1683,2507 1635,2534 1574,2505 1482,2540 1314,2507"/>
                <Baseline points="1323,2562 1357,2561 1392,2561 1427,2562 1462,2562 1497,2562 1532,2562 1567,2562 1602,2562 1637,2562 1672,2562 1706,2562 1741,2562 1776,2561 1811,2561 1846,2560 1881,2559 1916,2558 1951,2556 1986,2555 2021,2552"/>
                <TextEquiv>
                    <Unicode>zächen. Namlichen das er ver¬</Unicode>
                </TextEquiv>
            </TextLine>
            <TextLine id="r1l33" custom="readingOrder {index:32;}">
                <Coords points="1335,2643 1365,2664 1491,2623 1523,2651 1634,2671 1699,2627 1978,2622 2004,2641 2049,2622 2048,2581 2019,2574 1816,2571 1726,2597 1677,2558 1593,2599 1418,2606 1334,2584"/>
                <Baseline points="1344,2633 1378,2631 1413,2630 1448,2628 1483,2627 1518,2626 1552,2625 1587,2625 1622,2625 1657,2625 1692,2625 1726,2625 1761,2624 1796,2624 1831,2624 1866,2622 1900,2622 1935,2622 1970,2619 2005,2617 2040,2616"/>
                <TextEquiv>
                    <Unicode>heinens sampstegb einem perlichen</Unicode>
                </TextEquiv>
            </TextLine>
            <TextLine id="r1l34" custom="readingOrder {index:33;}">
                <Coords points="1324,2718 1631,2693 1704,2723 1851,2704 1884,2735 1974,2690 2048,2686 2048,2646 1861,2634 1767,2656 1717,2633 1617,2671 1573,2643 1498,2644 1379,2677 1323,2652"/>
                <Baseline points="1332,2700 1367,2697 1402,2696 1438,2693 1473,2693 1508,2691 1544,2691 1579,2691 1614,2691 1650,2691 1685,2691 1720,2691 1756,2691 1791,2691 1826,2691 1862,2691 1897,2690 1932,2689 1968,2687 2003,2685 2039,2682"/>
                <TextEquiv>
                    <Unicode>Buree alhie, ein fuder zu stäcken</Unicode>
                </TextEquiv>
            </TextLine>
            <TextLine id="r1l35" custom="readingOrder {index:34;}">
                <Coords points="1327,2765 1448,2758 1481,2785 1579,2794 1633,2754 1729,2794 1795,2757 1920,2788 2060,2770 2059,2723 1972,2705 1884,2735 1745,2708 1616,2732 1574,2709 1543,2728 1475,2705 1423,2734 1326,2720"/>
                <Baseline points="1335,2762 1370,2760 1406,2759 1442,2759 1478,2759 1514,2757 1549,2757 1585,2757 1621,2756 1657,2756 1693,2756 1728,2754 1764,2754 1800,2754 1836,2753 1872,2753 1907,2751 1943,2751 1979,2750 2015,2748 2051,2747"/>
                <TextEquiv>
                    <Unicode>die er Imme zemachen vrdinger ghern</Unicode>
                </TextEquiv>
            </TextLine>
            <TextLine id="r1l36" custom="readingOrder {index:35;}">
                <Coords points="1897,2844 1913,2841 1938,2851 1978,2826 1985,2831 2006,2826 2027,2835 2058,2825 2054,2775 2037,2769 2004,2770 1957,2804 1928,2789 1893,2788"/>
                <Baseline points="1904,2828 1933,2825 1962,2821 1991,2819 2020,2817 2049,2817"/>
                <TextEquiv>
                    <Unicode>zubracht</Unicode>
                </TextEquiv>
            </TextLine>
            <TextEquiv>
                <Unicode>s dalleuwe pung mit dieen
Schmachen vnnd Gauß diebenn
unnd also Jochter Grosrre
unnd wittherr schwur mit
brueft Es morffe aber villich
ist wyd vnnd vyendschafft
tochen vnnd withen vertragen
sin dann ar abe hoffe
die sach sich gefunden werde,
Bittet uch myn g heren
Hann Tumpenlich umb
gnad unnd verdefung ✳ der
Arpirttirins sich furtthin
vff
bewyßne omand mitt
Fugstig unnd perlichen
arbeitt zubeflyßenn vnd
inn unnd sid huss ys
zeimen, inaßen daser
Ernes gosses noch argwas
merr sole verdafft werden.
Bedachte Jösy ist mandes zu Werkzili
fr ufzogen und ub wycher erkläug fine
lib anzogen worden, r abe ist
genzlich eysien hierbgeschribnen abfl
belichn.
ottem præesemibus abstadt. Hatt
Heinas Schädeli von
Obrlindach
uff genampte herrn voroffnen
unnd befragen, erkhenn unnd vei
zächen. Namlichen das er ver¬
heinens sampstegb einem perlichen
Buree alhie, ein fuder zu stäcken
die er Imme zemachen vrdinger ghern
zubracht</Unicode>
            </TextEquiv>
        </TextRegion>
        <TextRegion orientation="0.0" id="r2" custom="readingOrder {index:1;}">
            <Coords points="2171,273 2171,2824 3008,2824 3008,273"/>
            <TextLine id="r2l1" custom="readingOrder {index:0;}">
                <Coords points="2922,302 2933,303 2938,300 2947,309 2957,305 2962,309 2973,309 2976,305 2985,305 2985,262 2967,262 2964,265 2957,265 2948,260 2933,276 2922,276"/>
                <Baseline points="2931,303 2976,303"/>
                <TextEquiv>
                    <Unicode>6b</Unicode>
                </TextEquiv>
            </TextLine>
            <TextLine id="r2l2" custom="readingOrder {index:1;}">
                <Coords points="2177,444 2301,437 2391,403 2603,398 2655,365 2859,361 2903,341 2898,298 2741,298 2682,332 2643,311 2169,380"/>
                <Baseline points="2183,420 2218,417 2254,412 2289,407 2325,402 2360,398 2396,393 2431,389 2467,383 2502,379 2538,373 2574,370 2609,365 2645,361 2680,356 2716,352 2751,349 2787,345 2822,341 2858,338 2894,335"/>
                <TextEquiv>
                    <Unicode>zubracfft, daher imme ein ladloon we</Unicode>
                </TextEquiv>
            </TextLine>
            <TextLine id="r2l3" custom="readingOrder {index:2;}">
                <Coords points="2183,497 2285,472 2342,489 2399,451 2577,466 2619,433 2717,460 2788,415 2968,442 2966,369 2870,354 2804,388 2699,367 2623,407 2570,388 2439,430 2346,412 2309,440 2176,433"/>
                <Baseline points="2189,480 2227,475 2266,470 2304,465 2343,461 2381,456 2420,452 2458,448 2497,443 2535,438 2574,435 2613,431 2651,426 2690,423 2728,420 2767,416 2805,411 2844,409 2882,404 2921,401 2960,398"/>
                <TextEquiv>
                    <Unicode>damit er inn eines Pfisters huss am Staldn</Unicode>
                </TextEquiv>
            </TextLine>
            <TextLine id="r2l4" custom="readingOrder {index:3;}">
                <Coords points="2186,565 2298,524 2568,518 2594,493 2640,518 2813,469 3000,482 2999,419 2933,447 2802,421 2722,461 2621,432 2547,466 2521,445 2181,506"/>
                <Baseline points="2192,533 2232,527 2272,523 2312,518 2352,514 2392,510 2432,506 2472,502 2512,499 2552,495 2592,492 2632,489 2672,487 2712,484 2752,482 2792,478 2832,476 2872,473 2912,471 2952,468 2993,467"/>
                <TextEquiv>
                    <Unicode>gangen unnd seer eezächett worden, darnach</Unicode>
                </TextEquiv>
            </TextLine>
            <TextLine id="r2l5" custom="readingOrder {index:4;}">
                <Coords points="2174,603 2326,589 2385,621 2431,572 2536,605 2708,560 2782,586 2880,575 2945,540 2940,479 2811,469 2726,526 2592,493 2522,530 2477,511 2400,550 2334,534 2171,563"/>
                <Baseline points="2184,605 2221,598 2259,592 2296,586 2334,581 2372,577 2409,573 2447,569 2484,566 2522,564 2560,561 2597,559 2635,555 2672,554 2710,552 2748,550 2785,548 2823,545 2860,544 2898,541 2936,539"/>
                <TextEquiv>
                    <Unicode>leider den sollicher wynfhre ußs böser</Unicode>
                </TextEquiv>
            </TextLine>
            <TextLine id="r2l6" custom="readingOrder {index:5;}">
                <Coords points="2164,668 2260,694 2325,658 2767,602 2906,650 3010,639 3003,547 2960,543 2784,587 2434,581 2385,621 2322,589 2160,609"/>
                <Baseline points="2172,663 2213,657 2254,652 2296,648 2337,642 2378,638 2420,635 2461,631 2502,628 2544,624 2585,622 2626,619 2668,617 2709,615 2750,614 2792,611 2833,609 2874,608 2916,606 2957,605 2999,603"/>
                <TextEquiv>
                    <Unicode>anfechtung, alhie inn die tatt 6y zwöyen</Unicode>
                </TextEquiv>
            </TextLine>
            <TextLine id="r2l7" custom="readingOrder {index:6;}">
                <Coords points="2166,739 2342,719 2477,737 2501,709 2527,728 2633,680 2713,711 2822,670 2964,675 2962,640 2839,641 2795,613 2765,639 2701,614 2560,665 2501,639 2394,672 2296,665 2269,695 2161,675"/>
                <Baseline points="2174,719 2213,716 2252,713 2291,710 2330,706 2369,702 2408,698 2447,695 2486,692 2525,689 2564,686 2603,683 2642,680 2681,677 2720,675 2759,672 2798,671 2837,669 2876,666 2915,665 2955,665"/>
                <TextEquiv>
                    <Unicode>Inchläden, zwey stucke euch, dern eus</Unicode>
                </TextEquiv>
            </TextLine>
            <TextLine id="r2l8" custom="readingOrder {index:7;}">
                <Coords points="2181,807 2356,769 2653,748 2739,775 2785,740 2864,732 2910,762 3017,734 3014,696 2927,665 2883,705 2785,682 2646,725 2604,696 2546,731 2342,720 2177,755"/>
                <Baseline points="2189,791 2232,785 2275,779 2318,774 2361,768 2404,765 2447,760 2490,756 2533,752 2576,750 2620,747 2663,744 2706,741 2749,738 2792,736 2835,734 2878,732 2921,729 2964,726 3008,725"/>
                <TextEquiv>
                    <Unicode>deot vnd das andr blauw gsin, entsiebe</Unicode>
                </TextEquiv>
            </TextLine>
            <TextLine id="r2l9" custom="readingOrder {index:8;}">
                <Coords points="2191,853 2363,852 2532,812 2594,836 2738,798 2989,808 2984,736 2852,773 2778,746 2710,781 2393,769 2188,808"/>
                <Baseline points="2199,842 2240,838 2281,834 2322,830 2363,828 2404,824 2445,821 2486,818 2527,815 2568,812 2609,809 2650,808 2691,804 2732,801 2773,800 2814,797 2855,794 2896,792 2937,789 2978,786"/>
                <TextEquiv>
                    <Unicode>der, das Jub aber anerdts wider babe</Unicode>
                </TextEquiv>
            </TextLine>
            <TextLine id="r2l10" custom="readingOrder {index:9;}">
                <Coords points="2192,940 2552,886 2828,914 2981,857 2979,824 2905,838 2783,800 2728,837 2667,818 2643,842 2431,836 2188,869"/>
                <Baseline points="2198,908 2236,902 2275,897 2314,893 2352,889 2391,886 2430,884 2468,881 2507,879 2546,878 2585,875 2623,873 2662,873 2701,870 2739,868 2778,867 2817,864 2855,861 2894,857 2933,853 2972,849"/>
                <TextEquiv>
                    <Unicode>gezagen, vnd er darb gruengklich ange¬</Unicode>
                </TextEquiv>
            </TextLine>
            <TextLine id="r2l11" custom="readingOrder {index:10;}">
                <Coords points="2200,997 2243,993 2322,954 2373,972 2419,967 2446,975 2459,969 2457,893 2426,913 2385,923 2347,915 2304,937 2242,941 2227,927 2198,937"/>
                <Baseline points="2207,965 2234,962 2261,960 2288,959 2315,959 2342,958 2369,957 2396,957 2423,957 2450,956"/>
                <TextEquiv>
                    <Unicode>nomen weden</Unicode>
                </TextEquiv>
            </TextLine>
            <TextLine id="r2l12" custom="readingOrder {index:11;} place {offset:22; length:9;}">
                <Coords points="2163,1089 2485,1059 2550,1081 2602,1052 2698,1064 2755,1040 2883,1073 2938,1034 2936,977 2892,960 2800,998 2625,966 2547,1015 2498,1001 2471,1023 2325,986 2160,1004"/>
                <Baseline points="2171,1071 2210,1069 2250,1068 2290,1066 2330,1064 2370,1061 2410,1059 2450,1058 2490,1055 2530,1053 2570,1050 2610,1049 2650,1047 2690,1046 2730,1044 2770,1043 2810,1042 2850,1041 2890,1041 2930,1040"/>
                <TextEquiv>
                    <Unicode>Dme habe er hieuor zu Oottschwe</Unicode>
                </TextEquiv>
            </TextLine>
            <TextLine id="r2l13" custom="readingOrder {index:12;} person {offset:3; length:15;}">
                <Coords points="2212,1164 2323,1128 2628,1155 2828,1109 2994,1145 2991,1077 2935,1067 2814,1086 2781,1068 2714,1095 2638,1058 2574,1060 2541,1096 2460,1066 2416,1101 2314,1066 2209,1082"/>
                <Baseline points="2219,1130 2257,1130 2295,1128 2333,1128 2372,1127 2410,1125 2448,1124 2486,1122 2525,1121 2563,1120 2601,1118 2639,1117 2678,1115 2716,1113 2754,1112 2792,1110 2831,1109 2869,1107 2907,1106 2945,1104 2984,1103"/>
                <TextEquiv>
                    <Unicode>by Hanns Stempflin sinem vetter</Unicode>
                </TextEquiv>
            </TextLine>
            <TextLine id="r2l14" custom="readingOrder {index:13;}">
                <Coords points="2211,1206 2319,1234 2441,1191 2525,1206 2680,1181 2760,1200 2940,1178 2938,1129 2891,1122 2835,1152 2759,1120 2600,1165 2508,1130 2210,1168"/>
                <Baseline points="2220,1197 2255,1196 2291,1194 2326,1193 2362,1191 2397,1190 2433,1190 2468,1188 2504,1187 2539,1185 2575,1184 2611,1182 2646,1181 2682,1181 2717,1179 2753,1178 2788,1177 2824,1176 2859,1175 2895,1174 2931,1173"/>
                <TextEquiv>
                    <Unicode>als derselb imme zwen nüde haber Inn</Unicode>
                </TextEquiv>
            </TextLine>
            <TextLine id="r2l15" custom="readingOrder {index:14;}">
                <Coords points="2212,1271 2356,1279 2395,1257 2521,1296 2558,1271 2671,1285 2830,1246 2890,1280 2990,1263 2988,1180 2908,1179 2838,1224 2690,1187 2649,1215 2594,1190 2211,1238"/>
                <Baseline points="2220,1257 2258,1257 2296,1257 2334,1256 2372,1256 2410,1255 2448,1254 2486,1253 2524,1251 2562,1251 2600,1250 2638,1248 2676,1247 2714,1247 2752,1245 2790,1244 2828,1244 2866,1242 2904,1241 2942,1241 2981,1241"/>
                <TextEquiv>
                    <Unicode>ein warnen Barhoffen zederen schütt</Unicode>
                </TextEquiv>
            </TextLine>
            <TextLine id="r2l16" custom="readingOrder {index:15;}">
                <Coords points="2209,1340 2262,1320 2323,1350 2371,1325 2412,1356 2480,1321 2732,1338 2939,1304 2981,1324 3007,1317 3006,1263 2367,1297 2263,1261 2208,1286"/>
                <Baseline points="2216,1314 2255,1315 2294,1316 2333,1316 2372,1317 2411,1317 2450,1317 2490,1317 2529,1316 2568,1316 2607,1316 2646,1314 2685,1314 2724,1313 2764,1311 2803,1310 2842,1308 2881,1307 2920,1304 2959,1302 2999,1301"/>
                <TextEquiv>
                    <Unicode>buelchen ghen, daruon ein zuber voll</Unicode>
                </TextEquiv>
            </TextLine>
            <TextLine id="r2l17" custom="readingOrder {index:16;}">
                <Coords points="2857,1375 2875,1369 2918,1381 2928,1378 2946,1387 2960,1381 2945,1337 2932,1342 2923,1341 2917,1347 2881,1332 2870,1332 2847,1346"/>
                <Baseline points="2870,1386 2895,1376 2920,1365 2945,1362"/>
                <TextEquiv>
                    <Unicode></Unicode>
                </TextEquiv>
            </TextLine>
            <TextLine id="r2l18" custom="readingOrder {index:17;}">
                <Coords points="2205,1402 2263,1383 2316,1423 2382,1380 2438,1404 2502,1373 2722,1399 2751,1382 2864,1411 2864,1321 2748,1345 2660,1326 2320,1350 2263,1321 2205,1342"/>
                <Baseline points="2214,1377 2246,1377 2278,1377 2310,1377 2342,1377 2374,1376 2406,1376 2438,1376 2470,1374 2502,1374 2535,1374 2567,1374 2599,1374 2631,1374 2663,1374 2695,1374 2727,1376 2759,1376 2791,1377 2823,1380 2856,1382"/>
                <TextEquiv>
                    <Unicode>näben sydis verstellen und verbofen ihr</Unicode>
                </TextEquiv>
            </TextLine>
            <TextLine id="r2l19" custom="readingOrder {index:18;}">
                <Coords points="2219,1463 2266,1444 2368,1471 2409,1446 2443,1479 2512,1440 2569,1476 2612,1458 2673,1484 2843,1434 2952,1459 2990,1448 2990,1403 2901,1376 2860,1411 2806,1392 2749,1414 2681,1383 2551,1407 2387,1396 2316,1423 2288,1399 2219,1408"/>
                <Baseline points="2228,1442 2265,1442 2303,1442 2340,1442 2378,1442 2416,1442 2453,1442 2491,1442 2529,1442 2566,1442 2604,1440 2642,1440 2679,1440 2717,1440 2755,1439 2792,1439 2830,1438 2868,1437 2905,1437 2943,1437 2981,1436"/>
                <TextEquiv>
                    <Unicode>willens denselben zevurfrombden, das</Unicode>
                </TextEquiv>
            </TextLine>
            <TextLine id="r2l20" custom="readingOrder {index:19;}">
                <Coords points="2226,1535 2314,1506 2421,1546 2493,1501 2727,1529 2912,1507 2912,1462 2680,1482 2529,1453 2443,1479 2411,1454 2366,1473 2283,1448 2226,1462"/>
                <Baseline points="2235,1499 2268,1499 2301,1500 2335,1500 2368,1500 2402,1501 2435,1502 2469,1502 2502,1502 2536,1502 2569,1502 2602,1502 2636,1502 2669,1502 2703,1502 2736,1502 2770,1502 2803,1503 2837,1503 2870,1503 2904,1505"/>
                <TextEquiv>
                    <Unicode>siche aber offe bar worden, vnd er gewar</Unicode>
                </TextEquiv>
            </TextLine>
            <TextLine id="r2l21" custom="readingOrder {index:20;}">
                <Coords points="2211,1575 2320,1606 2371,1567 2424,1613 2477,1618 2566,1597 2614,1620 2734,1589 2817,1622 2943,1581 2943,1531 2874,1510 2756,1550 2696,1523 2640,1551 2562,1520 2477,1545 2418,1516 2394,1535 2356,1515 2212,1528"/>
                <Baseline points="2220,1563 2255,1565 2291,1566 2327,1566 2362,1568 2398,1568 2434,1569 2469,1569 2505,1569 2541,1569 2577,1571 2612,1571 2648,1571 2684,1572 2719,1572 2755,1572 2791,1574 2826,1575 2862,1577 2898,1578 2934,1580"/>
                <TextEquiv>
                    <Unicode>von söllichen sachen abzesten, stust</Unicode>
                </TextEquiv>
            </TextLine>
            <TextLine id="r2l22" custom="readingOrder {index:21;}">
                <Coords points="2219,1662 2241,1669 2276,1637 2317,1654 2421,1643 2461,1653 2492,1684 2529,1683 2582,1659 2584,1606 2476,1621 2464,1608 2424,1613 2370,1568 2320,1606 2295,1594 2270,1602 2222,1578"/>
                <Baseline points="2229,1632 2255,1632 2282,1633 2308,1634 2335,1635 2361,1637 2388,1638 2414,1640 2441,1640 2467,1641 2494,1643 2520,1643 2547,1643 2574,1643"/>
                <TextEquiv>
                    <Unicode>habe er nit enge</Unicode>
                </TextEquiv>
            </TextLine>
            <TextLine id="r2l23" custom="readingOrder {index:22;}">
                <Coords points="2213,1751 2327,1742 2401,1780 2503,1744 2654,1793 2705,1757 2814,1758 2815,1729 2727,1725 2696,1698 2434,1708 2388,1693 2309,1714 2214,1694"/>
                <Baseline points="2222,1737 2251,1737 2280,1739 2309,1739 2338,1740 2367,1742 2396,1742 2426,1743 2455,1744 2484,1745 2513,1746 2542,1746 2571,1748 2600,1748 2630,1749 2659,1749 2688,1749 2717,1749 2746,1749 2775,1749 2805,1749"/>
                <TextEquiv>
                    <Unicode>pitenuch  8 herrn</Unicode>
                </TextEquiv>
            </TextLine>
            <TextLine id="r2l24" custom="readingOrder {index:23;}">
                <Coords points="2218,1829 2427,1857 2468,1837 2573,1848 2658,1814 2746,1824 2747,1778 2727,1773 2527,1789 2425,1763 2350,1787 2287,1746 2221,1751"/>
                <Baseline points="2228,1806 2253,1807 2279,1808 2304,1809 2330,1811 2355,1813 2381,1814 2406,1815 2432,1816 2457,1817 2483,1819 2508,1820 2534,1820 2559,1821 2585,1821 2610,1823 2636,1823 2661,1823 2687,1821 2712,1821 2738,1821"/>
                <TextEquiv>
                    <Unicode>teugenlich vb gad vnd</Unicode>
                </TextEquiv>
            </TextLine>
            <TextLine id="r2l25" custom="readingOrder {index:24;}">
                <Coords points="2236,1889 2520,1877 2568,1904 2678,1892 2733,1912 2827,1884 2894,1906 2976,1888 2977,1847 2237,1840"/>
                <Baseline points="2244,1868 2280,1870 2316,1871 2352,1874 2388,1875 2424,1877 2460,1878 2497,1878 2533,1880 2569,1880 2605,1881 2641,1881 2677,1882 2713,1883 2750,1883 2786,1883 2822,1881 2858,1881 2894,1881 2930,1880 2967,1880"/>
                <TextEquiv>
                    <Unicode>Verzyesagter schädeli. ist möndes zu</Unicode>
                </TextEquiv>
            </TextLine>
            <TextLine id="r2l26" custom="readingOrder {index:25;} place {offset:0; length:9;}">
                <Coords points="2221,1926 2358,1931 2382,1956 2472,1929 2538,1957 2649,1936 2789,1959 2921,1928 2983,1947 2998,1894 2642,1912 2520,1876 2298,1897 2222,1869"/>
                <Baseline points="2229,1911 2268,1915 2308,1918 2348,1922 2388,1924 2428,1926 2468,1928 2508,1929 2548,1931 2588,1931 2628,1931 2668,1931 2708,1931 2748,1930 2788,1929 2828,1928 2868,1928 2908,1926 2948,1925 2988,1923"/>
                <TextEquiv>
                    <Unicode>Manckzili Lär ufzogen und ub nihne eklaug</Unicode>
                </TextEquiv>
            </TextLine>
            <TextLine id="r2l27" custom="readingOrder {index:26;}">
                <Coords points="2228,1970 2352,1992 2438,1976 2513,2005 2556,1978 2668,1998 2717,1974 2992,1984 2993,1948 2886,1930 2835,1955 2648,1936 2542,1952 2395,1921 2339,1945 2229,1920"/>
                <Baseline points="2237,1953 2274,1957 2311,1959 2349,1962 2386,1964 2423,1965 2461,1967 2498,1969 2535,1970 2573,1971 2610,1972 2647,1973 2685,1973 2722,1973 2759,1973 2797,1973 2834,1971 2871,1971 2909,1970 2946,1969 2984,1968"/>
                <TextEquiv>
                    <Unicode>sit mischundligen halb angstempt worden. Deabe</Unicode>
                </TextEquiv>
            </TextLine>
            <TextLine id="r2l28" custom="readingOrder {index:27;}">
                <Coords points="2242,2020 2344,2038 2383,2009 2453,2051 2509,2022 2668,2051 2743,2024 2798,2043 2920,2022 2996,2057 2996,1989 2946,1975 2892,2001 2851,1978 2821,2000 2721,1975 2660,1997 2242,1980"/>
                <Baseline points="2250,2009 2286,2010 2323,2012 2360,2013 2397,2015 2434,2016 2471,2016 2508,2018 2545,2018 2582,2019 2619,2019 2655,2019 2692,2019 2729,2019 2766,2019 2803,2019 2840,2018 2877,2018 2914,2016 2951,2015 2988,2013"/>
                <TextEquiv>
                    <Unicode>st gntzlich bysen hieobgeschribnen aben be¬</Unicode>
                </TextEquiv>
            </TextLine>
            <TextLine id="r2l29" custom="readingOrder {index:28;}">
                <Coords points="2215,2082 2241,2077 2256,2082 2270,2069 2279,2070 2339,2099 2353,2088 2362,2094 2383,2082 2400,2085 2401,2016 2380,2011 2363,2028 2333,2028 2314,2041 2300,2038 2264,2008 2252,2020 2243,2015 2227,2027 2215,2026"/>
                <Baseline points="2223,2055 2251,2054 2279,2055 2307,2057 2335,2058 2363,2057 2391,2052"/>
                <TextEquiv>
                    <Unicode>liben.</Unicode>
                </TextEquiv>
            </TextLine>
            <TextLine id="r2l30" custom="readingOrder {index:29;}">
                <Coords points="2172,2251 2338,2239 2440,2283 2678,2239 2742,2276 2820,2243 2941,2262 2990,2245 2991,2171 2680,2203 2611,2179 2568,2205 2494,2167 2299,2218 2172,2204"/>
                <Baseline points="2181,2234 2221,2234 2261,2234 2301,2235 2341,2235 2381,2237 2421,2237 2461,2238 2501,2238 2541,2240 2581,2240 2621,2241 2661,2241 2701,2242 2741,2243 2781,2243 2821,2243 2861,2243 2901,2243 2941,2243 2981,2243"/>
                <TextEquiv>
                    <Unicode>Eodem praesemibus obstadt ist</Unicode>
                </TextEquiv>
            </TextLine>
            <TextLine id="r2l31" custom="readingOrder {index:30;}">
                <Coords points="2500,2321 2518,2325 2525,2323 2542,2341 2559,2342 2567,2265 2558,2264 2539,2280 2527,2277 2524,2273 2515,2279 2504,2278"/>
                <Baseline points="2511,2294 2555,2298"/>
                <TextEquiv>
                    <Unicode>an</Unicode>
                </TextEquiv>
            </TextLine>
            <TextLine id="r2l32" custom="readingOrder {index:31;} person {offset:0; length:13;} person {offset:18; length:6;}">
                <Coords points="2328,2432 2397,2446 2486,2427 2529,2458 2574,2458 2605,2433 2903,2439 2904,2366 2747,2383 2689,2362 2661,2379 2597,2346 2468,2394 2382,2352 2328,2354"/>
                <Baseline points="2336,2423 2363,2424 2391,2424 2419,2424 2447,2424 2475,2425 2503,2426 2531,2426 2559,2426 2587,2427 2615,2427 2642,2427 2670,2427 2698,2427 2726,2427 2754,2427 2782,2427 2810,2426 2838,2426 2866,2424 2894,2423"/>
                <TextEquiv>
                    <Unicode>Perter schoub der Müller</Unicode>
                </TextEquiv>
            </TextLine>
            <TextLine id="r2l33" custom="readingOrder {index:32;}">
                <Coords points="2417,2518 2457,2510 2502,2530 2571,2476 2590,2492 2628,2489 2700,2520 2723,2518 2724,2449 2701,2454 2675,2436 2632,2444 2604,2433 2575,2458 2549,2451 2536,2459 2512,2443 2493,2454 2448,2439 2419,2442"/>
                <Baseline points="2427,2483 2453,2484 2479,2484 2505,2486 2531,2486 2557,2487 2584,2489 2610,2489 2636,2489 2662,2489 2688,2487 2715,2486"/>
                <TextEquiv>
                    <Unicode>alhie munttix</Unicode>
                </TextEquiv>
            </TextLine>
            <TextLine id="r2l34" custom="readingOrder {index:33;}">
                <Coords points="2182,2588 2283,2605 2335,2578 2567,2579 2634,2605 2979,2580 2979,2534 2874,2510 2796,2540 2721,2517 2659,2543 2588,2527 2477,2562 2393,2534 2341,2547 2258,2495 2182,2519"/>
                <Baseline points="2190,2564 2229,2568 2268,2571 2307,2572 2346,2575 2385,2576 2424,2577 2463,2577 2502,2579 2541,2579 2580,2579 2619,2577 2658,2577 2697,2576 2736,2576 2775,2574 2814,2573 2853,2572 2892,2571 2931,2570 2970,2568"/>
                <TextEquiv>
                    <Unicode>Examinier unnd imme fürgehallten</Unicode>
                </TextEquiv>
            </TextLine>
            <TextLine id="r2l35" custom="readingOrder {index:34;}">
                <Coords points="2220,2626 2355,2653 2435,2632 2509,2668 2552,2640 2599,2660 2653,2636 2729,2666 2814,2633 2923,2648 2958,2634 2958,2577 2816,2607 2622,2606 2567,2580 2450,2610 2220,2588"/>
                <Baseline points="2229,2621 2265,2621 2301,2623 2337,2625 2373,2627 2409,2628 2445,2630 2481,2630 2517,2631 2553,2631 2589,2633 2625,2633 2661,2633 2697,2633 2733,2633 2769,2632 2805,2630 2841,2629 2877,2627 2913,2625 2949,2622"/>
                <TextEquiv>
                    <Unicode>wie das nin g herren heytter bericht</Unicode>
                </TextEquiv>
            </TextLine>
            <TextLine id="r2l36" custom="readingOrder {index:35;} person {offset:20; length:14;}">
                <Coords points="2224,2689 2354,2690 2402,2718 2551,2700 2639,2732 2764,2700 2875,2723 2997,2684 2997,2662 2907,2635 2796,2669 2649,2637 2517,2667 2435,2633 2390,2664 2224,2646"/>
                <Baseline points="2232,2676 2269,2680 2307,2683 2345,2686 2383,2688 2421,2690 2458,2691 2496,2691 2534,2693 2572,2693 2610,2693 2647,2693 2685,2693 2723,2693 2761,2691 2799,2691 2836,2690 2874,2688 2912,2688 2950,2687 2988,2685"/>
                <TextEquiv>
                    <Unicode>worden, das er sich übell mißhuter</Unicode>
                </TextEquiv>
            </TextLine>
            <TextLine id="r2l37" custom="readingOrder {index:36;}">
                <Coords points="2211,2775 2319,2746 2547,2753 2610,2793 2705,2758 2955,2745 2993,2764 2993,2717 2932,2700 2863,2727 2638,2732 2613,2711 2549,2737 2301,2689 2211,2702"/>
                <Baseline points="2220,2739 2258,2742 2296,2745 2334,2747 2373,2749 2411,2751 2449,2753 2487,2754 2526,2754 2564,2754 2602,2756 2640,2756 2679,2754 2717,2754 2755,2753 2793,2751 2832,2750 2870,2748 2908,2745 2946,2743 2985,2739"/>
                <TextEquiv>
                    <Unicode>Inn dem das er alhie, an vilen ortten</Unicode>
                </TextEquiv>
            </TextLine>
            <TextLine id="r2l38" custom="readingOrder {index:37;}">
                <Coords points="2230,2829 2287,2803 2386,2809 2524,2856 2599,2824 2637,2855 2762,2812 2934,2853 2994,2822 2995,2761 2651,2768 2620,2792 2478,2757 2396,2783 2320,2746 2230,2767"/>
                <Baseline points="2238,2795 2275,2798 2312,2801 2350,2804 2387,2806 2424,2807 2462,2809 2499,2810 2536,2811 2574,2811 2611,2811 2648,2811 2686,2810 2723,2810 2760,2808 2798,2808 2835,2807 2872,2805 2910,2804 2947,2802 2985,2801"/>
                <TextEquiv>
                    <Unicode>ey eremluchen khom zemalen gefassen</Unicode>
                </TextEquiv>
            </TextLine>
            <TextEquiv>
                <Unicode>6b
zubracfft, daher imme ein ladloon we
damit er inn eines Pfisters huss am Staldn
gangen unnd seer eezächett worden, darnach
leider den sollicher wynfhre ußs böser
anfechtung, alhie inn die tatt 6y zwöyen
Inchläden, zwey stucke euch, dern eus
deot vnd das andr blauw gsin, entsiebe
der, das Jub aber anerdts wider babe
gezagen, vnd er darb gruengklich ange¬
nomen weden
Dme habe er hieuor zu Oottschwe
by Hanns Stempflin sinem vetter
als derselb imme zwen nüde haber Inn
ein warnen Barhoffen zederen schütt
buelchen ghen, daruon ein zuber voll

näben sydis verstellen und verbofen ihr
willens denselben zevurfrombden, das
siche aber offe bar worden, vnd er gewar
von söllichen sachen abzesten, stust
habe er nit enge
pitenuch  8 herrn
teugenlich vb gad vnd
Verzyesagter schädeli. ist möndes zu
Manckzili Lär ufzogen und ub nihne eklaug
sit mischundligen halb angstempt worden. Deabe
st gntzlich bysen hieobgeschribnen aben be¬
liben.
Eodem praesemibus obstadt ist
an
Perter schoub der Müller
alhie munttix
Examinier unnd imme fürgehallten
wie das nin g herren heytter bericht
worden, das er sich übell mißhuter
Inn dem das er alhie, an vilen ortten
ey eremluchen khom zemalen gefassen</Unicode>
            </TextEquiv>
        </TextRegion>
    </Page>
</PcGts>
