4160 3120
1326 250 2064 367 wie stunste ein kirmer man, dem
1346 312 2091 437 in huss unnd hoff sampt alle
1332 360 2054 508 dem das er zu klittungen than
1332 446 2089 561 durch die wasser grösse uerfligen
1360 520 2054 649 worden fy, als auch beschächen syn
1365 580 2055 738 gehönsthen unnd zzusamen tragen
1323 773 2043 924 Dene ist er pryther befragt worden.
1358 880 2050 992 wolches er dann hieuor zu Biber¬
1363 944 2089 1058 stein verzächen hatt. Alls nemlich
1357 1013 2060 1131 ob er noch grstendig sin, das
1352 1086 2060 1194 er mitt sampt Jacob Obeger
1352 1153 2072 1273 von Hochdorff uß lugen
1364 1231 2054 1352 piett uff Klaussen fürm
1368 1309 2063 1409 von uncken salig an dem
1350 1377 2045 1474 Buncker beig gerantten, den
1360 1438 2111 1557 befartt geboden, oder zu toderschlachen
1366 1497 2095 1636 uß vrsachen das deßelb zue Inn
1363 1591 2084 1715 siner jugend, auch gar übell
1379 1652 2103 1791 geschlagen ghan, Die aber Inem
1371 1765 1692 1867 entrnnen se
1332 1876 2064 2011 ff seinlichs ir geantwurttet
1348 1949 2091 2076 das er mitt sinem wüssen, solliche
1377 2028 2081 2141 nie bekhenm habe. Er aber nachte
1363 2094 2096 2216 den schiyber den siem vffezeechne
1386 2150 2085 2287 verfallen han. E sige
1374 2235 2109 2351 waar, das er inn stein hüser pichtigen
1372 2302 2093 2428 dem vog unnd dem schryberber
1370 2389 2063 2507 khennt. Namlich, wie dann
1363 2459 2042 2566 imme schnemelin inn siner
1351 2504 2088 2640 gugend uff ein gyrt ettliche
1350 2595 2095 2705 kasse die er geweyden, Inn obge¬
1363 2660 2057 2779 melles klaus Färrmob selig
1366 2717 2066 2855 khorn acher entrinnen, vnnd
1879 2796 2107 2891 beruetter
2248 288 2965 385 beruetter Clais Teüring sälig
2236 353 2974 452 Inne darub ger sper übell gschlag
2231 411 2977 514 unnd mitt füssen trätten, habe er
2215 466 3016 577 imme fürgsetzt, wann er erwachsen
2239 530 3007 630 in wurde, müßte gemeller fürnen
2229 591 2942 700 selig imme darumb ein kampff
2217 652 2986 768 hallten. Nun hab es sich ergäben
2215 708 3020 824 das er vnguarlich vor deyen Jarend
2210 786 3008 914 Eglin fisch Fyyl trag da sigs imme
2212 863 2997 977 vnderthalb Bencken, Leier, so sich
2236 933 3019 1052 Vlli maler von Buttisheltz neuw
2219 998 2996 1105 unnd der imme von wägen, das er ihm
2210 1069 2991 1180 kiec sin unrsogsell gst ✳ bekhan
2223 1140 3005 1248 gwäsen, begegnen unnd anpsprochen
2225 1213 2930 1314 denn deselb äben domaln uss dem
2219 1254 3011 1392 keieg khäine. Da sich underanderen
2221 1343 3002 1452 begäben, das sy brydt für den ache
2240 1405 2985 1536 daruff zne Schnemeli vor jari
2240 1467 2996 1594 obgenamhter Claus Zürich solch
2235 1537 2972 1670 geschlug ✳ gegangnen synnd dahär
2240 1622 2964 1728 erinneren, das er demselben Ulli
2237 1701 2944 1801 Maalern enzellt, wie gudachter
2235 1763 3008 1874 Fürig selig, inne so alda so jenner
2234 1839 3033 1950 lich gehandlet hätte, vnnd er schneie
2240 1910 3009 2018 ly noch stätts fürsatzes sich darb
2234 1976 2949 2089 an imme zurechen. Hiezwüsche
2224 2038 2961 2161 byd uff Benckerbarg zusamen
2232 2120 3026 2231 nidergesassen vnd geruwen, vnd
2248 2186 3029 2303 so wytth mit diser sach inn die peder
2230 2271 2982 2370 komen i daz in schneul
2235 2298 3023 2435 gesagt, wan Ja wenn deselb
2241 2410 3006 2506 furne verid khomme wöllee er
2226 2469 3062 2591 inne anfellen und schlachn darzu
2247 2553 2994 2664 sayt obgenampter Ulli Maler
2225 2625 3034 2747 Ich wölt die darzu helffen, das
2238 2694 3011 2791 er racht wol gewelcken vnd
2238 2747 3068 2884 gschlangen wurde. Esy synnd aber
