4160 3120
1220 1546 1270 1590 42
1239 1581 1305 1650 kon
1376 344 2036 501 uff sanpstag dem xxij tg
1412 433 2047 573 eens 16 t2 par ingägen
1349 494 2000 582 wurttigkhegt her Hanns
1337 544 2035 641 Birckhartten des thats adan
1365 601 2001 697 sonners der burpern ✳ Hans
1421 662 2017 784 annel Grosweybels ist
1458 811 1797 931 Ena Wuffli
1332 939 2018 1086 Abermalen in der ynsel befracht
1362 1038 1984 1127 wolche vff zu Ira gethane
1339 1076 1984 1181 fürgalttung anzeygt wie
1328 1145 2025 1253 das onpfarlich by den zwunz
1340 1211 1583 1281 jaren als
1598 1207 1986 1306 sy deß vechben
1337 1270 2005 1359 einem sthachen gehüret sich
1336 1319 1613 1407 übel gheyt,
1629 1319 2014 1404 von wagen das
1332 1373 2031 1473 iren er haab und gut verruff
1323 1435 2007 1524 und verganter worden e
1342 1492 2043 1583 der bose eryst in eines schörn
1335 1550 2015 1629 mans gstalt mir dra gedt
1353 1605 2000 1696 amlich ob sy im verwil¬
1329 1657 2006 1753 faren und volgen, welles
1337 1718 2004 1813 Ira anders an deße vkhoufft
1358 1773 1978 1872 statt geben, da sy gsprochen
1327 1834 1988 1924 ja und im verwilfarer
1339 1885 2061 1985 uff das ee demandfahr
1334 1945 2052 2045 greehnet, da by sechs oder siben
1338 2013 2001 2097 gantzer silberin pfennug gebe
1348 2068 2007 2162 als sy aber das gelt besich tng
1339 2125 2030 2212 wollen, sige es dürs laub gfü
1329 2177 1980 2257 und habe er ja domalenn
1353 2237 2008 2328 ettwas Hülffer und salbenn
1222 2242 2040 2385 anhtgeben, mit anwysung sy welte
1326 2342 2034 2448 desselbig dem vech anspychen
1346 2407 2006 2499 vnd zeessen eeben, welches
1353 2465 1960 2538 abr nir von auch nemmen
1342 2510 2012 2606 wöllen, habe e sy domalen
1324 2570 1989 2661 in erem antlit zychnet
1317 2628 1991 2704 dernach allenthalben an ort
1330 2692 2007 2768 nd enden da sy gwonet und
1316 2726 2001 2809 gwandlen sich fra stats ein
1322 2779 1934 2871 shwertzer voger beergnet
2809 311 2890 400 93
2125 356 2861 462 Denne als sy vor pn jaren
2147 408 2847 514 n der funden dasweck
2142 473 2845 581 zogen sich fra in suin gsh
2133 478 2899 614 wie das er byind sich sölt dahe
2150 582 2892 678 en selbs er wuret han ✳ habe sy
2149 644 2898 731 sich übel ghegt und henmlonff
2125 697 2909 789 wellen sih fra ein gseenst im
2141 751 2905 856 heimlouff begägner und fieni
2148 792 2912 887 mt anders kemenn, dann sy flier
2140 859 2897 948 und man trage sy heim und als
2161 915 2858 1010 sy henm kkhommen habe sya er
2134 964 2900 1072 khind früsth und esund funden
2136 1039 2712 1155 deß sy seer erfröüwt
2110 1240 2886 1370 Item als sy seyunder zu Bige
2141 1325 2873 1418 Istem in pfanrknus glägen sich
2167 1377 2901 1481 übel verbegt sprichende du Jugel
2162 1441 2866 1529 ich han dich nun zwenng
2156 1496 2858 1591 anpetten hast mich nit mecen
2159 1546 2888 1641 warnen, das ich nir weroffens
2171 1604 2864 1691 worden sige der loss geyst
2145 1661 2881 1753 in eines engels gstalt ✳ zu ir
2150 1714 2876 1821 in die brffi gomen ✳ und zuͦ
2170 1781 2837 1877 ssprochen Er syt ein buct
2225 1839 2853 1933 ia em folgen ✳ und sach den
2165 1897 2835 2002 er gäben, welle er da ußhelff
2165 1961 2855 2057 daruff sy Ime geantwurttet
2182 2018 2826 2114 sy habe mir mir iu zeschaff
2169 2084 2839 2182 diemit sig er versternnden
2890 456 2952 522 si
2916 1451 2985 1531 s
