3024 4032
339 469 478 567 440.
541 514 1352 714 Musculus, Studiosus.
550 657 1443 861 achte sein gegebenes Ehren Wortso¬
548 771 1474 961 viel als einen Eyd, und glaube, daß
545 877 1475 1094 ber ein auf Ehrlichkeit und trieb ge¬
543 971 1470 1163 rthanes versprechen brechen dörffe, der
548 1075 1406 1237 werde auch keinen Eyd halten, und¬
548 1188 1443 1358 darauf Versprache er ihme auf Ehr¬
544 1294 1478 1436 lichbeit und gewißen, welches er als
544 1383 1396 1522 das heiligste, was man schwöhrer
539 1482 1466 1620 könne, halte, daß Er Niemand kein¬
534 1570 1441 1714 Mort von allem sagen berte, darauf¬
539 1671 1424 1807 er ihme die Kaud getruckt und ihne
534 1757 871 1894 gehen laßen.
542 1847 1441 2001 Mehr habe er bein Mort geredet, küne¬
543 1962 1461 2096 Betheürungen zu Bott gethan, keinen
523 2051 1452 2184 Binger aufgehoben, nichts nachgestrochen
524 2157 1443 2312 kurtz, nichts, das zu einem Eyd gehöret,
613 2261 1445 2407 Als ihne hernach der Steckler, deen
521 2359 1449 2502 da angetroffen, nach Hauße Begleitet,
514 2437 1440 2596 habe er ihme bezeüget, daß er 60. t
518 2551 1443 2703 geben Wolte, Er lußte nichts, Weil er¬
523 2643 1445 2805 ihm aber nicht traulbete, als deß Werr
501 2734 1460 2882 mers Vatter, so bezeugete er, daß er¬
506 2820 1443 3019 geleiß dazu schbeigen berde, schloße de
489 2903 1440 3112 Hernach Morgens am Mitbochen, der¬
498 3006 1436 3194 zu ihmen kame, dieser ab. daß sutige
507 3071 1439 3305 bein tridt mehr zu Mernier gehen solg
491 3199 1433 3408 sonderen sie bollen ihmn schreiben
498 3268 1442 3512 daß sie zbaar gebiß schbeigen, sh
488 3355 1442 3612 aber mit beinem Exs beladen, und
1306 3454 1422 3635 auf
2536 600 2653 681 141
1687 601 2496 764 Musculus, Studiosus.
1655 737 2618 893 auf keiner Liste zu fünen seyn wollen
1646 841 2626 975 dieses habe der Stedtler ihme gesagt an¬
1646 936 2615 1059 Wermer geschrieben zu haben. Gras¬
1652 1027 2598 1155 nach Verschicktem Brieß seyn der keine
1625 1125 2572 1244 hardt bey ihme angekommen, und habe
1636 1224 2601 1351 ihme in gegenbart deß Stedtlerr gesagt
1658 1308 2580 1441 daß der Gaubtman Händtz an selbi¬
1634 1401 2547 1528 gem Morgen gar entsetzlich gelöntet
1627 1489 2558 1610 habe, daß Man ihme die Freyheits-
1636 1577 2569 1703 bund entdecket habe. Mozu diese
1631 1671 2579 1811 Morte, ban er einen Eyd gethan hätte
1628 1760 2552 1899 Er habe seinen Schwager und den Sandtz.
1637 1846 2549 2004 über sein Deponenten Verschlbiegen
1620 1931 2578 2084 heit beruhigen müßen, und ihnen Ver¬
1622 2045 2551 2191 "sprochen, daß er machen wolle, daß¬
1619 2130 2505 2260 Er Deponent den Sontag darauf bey¬
1622 2209 2543 2358 Schiffleuthen den Eyd schlöre, belcher
1625 2307 2568 2452 er guth befunden, in so gefährlichsten
1611 2404 2310 2516 Umbständen zu versprechen.
1660 2467 2523 2617 So habe er ihme Deponent auch gesagt,
1628 2567 2470 2715 daß er dan dort den Project könne.
1603 2647 2466 2795 hören ablesen, und den Eyd schlöören
1622 2734 2490 2859 müße, aber in der Versamblung, dan¬
1613 2824 2379 2961 sonsten schwore Man keinen Erd¬
1607 2915 2556 3050 Ob nun der Reinhardt sein Hinstarz
1610 3008 2570 3155 geleistetes Ehren Versprechen für einen
1606 3077 2557 3248 Erd genomen, und unter dem Exd daß
1614 3199 2564 3349 zukönfftigen Sonntags darauf, den
1614 3270 2558 3451 aecutions, Eyd verstanden, biße er¬
1613 3365 2561 3535 nicht; Menigstens könne er Deponeat
2423 3448 2554 3600 auh
