3024 4032
388 419 541 522 243.
506 460 1474 732 WolGgang Rudolp Maup.
541 654 1501 855 Nach etlichen Tagen seyn der Babriel Gurt¬
554 784 1483 933 Bieder zu ihme gekommen, habe ihme er¬
541 879 1485 1034 Zehlt, er seÿn ausgehuillet worden, daß¬
563 967 1468 1129 er bedeute Schriff verbrönnet; Anjehze
557 1080 1475 1224 habe man einen Plan gemacht, belchen¬
574 1173 1481 1300 er zu sehen begehrt, umb zu laußen, ob¬
566 1273 1480 1413 man mit demselben Sollicitando vor der¬
551 1371 1486 1491 Oberbeith erscheinen wolle, welchen er¬
575 1465 1488 1601 aber nicht gesehen; Etliche Tage hernoch¬
570 1573 1477 1686 habe der Gueter ihme Wieder gesagt, es¬
572 1681 1482 1795 Berde sich bey dem Kupfer im Sulgenbay
583 1760 1491 1897 eine Versamblung halten, die Sachen seÿn
580 1843 1478 1982 recht und guth, und solle kein Tropften
1265 1938 1464 2055 Darbie¬
568 1950 1151 2082 Blut vergoßen berden.
561 2039 1484 2177 der habe er Inquisit ihme wiedermahlen¬
555 2116 1464 2261 Vorstellungen gethan und vorgehalten,
555 2220 1479 2362 was er risquire, die Sachen berden under
554 2325 1491 2456 so vielen Leuthen sicher auskommen, ein¬
556 2417 1493 2551 mahl er gehe nicht darein, und so er
520 2507 1479 2643 Gueter ihme glaube, werde er auch nicht¬
541 2602 1491 2768 gehen, dann wan sein Plan nicht thäte¬
558 2701 1506 2854 angenommen werden, burde man ihne
544 2802 1265 2929 vor einen Verrähter ansehen.
536 2883 1475 3036 Verbichenen Montag Acht Tag habe er ihm
543 2978 1501 3146 gesagt, der Plan seyn angenomen bod¬
525 3096 1497 3253 den, und sie haben ein Eys geschbohrer,
523 3189 1486 3362 denselben außzuführen, wie auch einer
524 3273 1470 3460 der zuschäthen und nicht zuverlaßen,
1338 3351 1469 3486 Ach
2583 337 2703 436 244.
1643 429 2660 673 Wolfgang Rudolf Mausli.
1649 608 2669 803 Auf die Bündigste Weiste, habe ihme Inqui¬
1662 720 2670 888 Oiten auch den Plan beifen, welchen er
1674 818 2649 994 der Absolute nicht sehen wollen, sonder¬
1665 919 2671 1097 nochmahlen nach aller möglichkeit gesucht,
1659 1025 2670 1200 ihre von diesem Project abzuhalten; Er
1656 1120 2666 1284 habe sich aber verlauten laßen, er müße
1653 1229 2669 1392 gezunder fortgehen, er wolle aber Niemand
1650 1309 2669 1496 Zbingen darmit zu halten; die Bocreu¬
1655 1408 2661 1598 Gelten aber sollen sorg haben; Was er¬
1669 1516 2663 1685 nun durch dieser vorstellen wollen, das
1667 1668 1972 1779 ignorire er¬
1660 1729 2655 1862 habe ihme auch gesagt, Man Botle einen¬
1662 1816 2664 1943 Distator erwählen, welcher die Sachen, biß
1665 1927 2668 2061 alles in Ordnung gebracht seÿn, regieren
2233 1992 2658 2134 So habe erohne-
1666 2023 1829 2140 Berde.
1678 2117 2628 2243 auch gehort sagen: Man werde biß 40.
1670 2210 2703 2306 von denen Alten Regenten wenigstens Bider
1664 2294 2692 2426 einsetzen; Die Überigen aber barnisiren,
1663 2392 2685 2525 gleichbie man ihne Inquisiten auch banni¬
2373 2497 2692 2617 Ein Andern
1682 2492 1813 2616 Sit.
1667 2583 2679 2725 mahl habe er ihme gesagt: Die Gecreu¬
1655 2681 2665 2821 helten, so den Eydt der Verschlängenheit ge¬
1670 2786 2676 2912 schwohren, und nicht helffen den Project aus¬
1676 2891 2649 3001 führen, denen Wolle man die Häußer ob¬
1682 2979 2698 3113 denn Kopfen verbrennen, doch Ihme Inqui¬
1680 3072 2636 3207 Siten nicht, sagend: Man müße denen
1685 3172 2694 3323 bannisirt gebesenen schönen, und er wolle ihne
1698 3269 1993 3417 nicht hlingen.
2435 3355 2606 3513 auch
