3024 4032
370 256 499 353 340.
746 217 1233 420 Confrontation
836 361 1086 498 Suschen
548 454 1367 661 Bolhsris Ghristen und
689 600 1218 729 Maichand Dehs.
944 794 1044 882 de
527 821 1455 990 Der Goldschen Christen erhielte dem
546 905 1403 1062 Ochd unter Angen, Er habe ihne den¬
550 1004 1456 1193 Tag vor der Versammlung bey dem Küpfe
537 1088 1455 1276 im Sulgenbach, nach dem NachtEßen auß
542 1189 1427 1362 dem Kirchhoost, befragt, Ob Er nicht¬
544 1302 1435 1497 auch in die Versamblung in Solgenbach¬
545 1397 847 1509 gehen bolle?
548 1480 1434 1638 Welches Er Ocht eingestanken und ver¬
536 1589 1442 1729 deutet, Er Christen, habe ihme geantbor¬
549 1701 1447 1821 tet: Er leiße es schon; Er Ocht aber habe¬
543 1789 1390 1921 zugleich gesagt: Was ihne betreffe,
536 1883 1087 1993 so bolle er nicht gehen.
542 2019 1412 2216 Sey dieser Belegenheit declaruten
647 2183 1331 2330 obiger Marchand Dehs
536 2338 1431 2478 Weiters: Tage Vorhero, Morgens ehen
532 2443 1417 2582 die Versammlung beÿ dem Kupfter ge¬¬
524 2540 1415 2692 halten borden, seyn der Lieutenant¬
522 2627 1419 2770 Pucter zu ihme gekommen, und halo¬
511 2722 1425 2856 ihne eingeladen, Morndrigen Tages zu¬
522 2811 1425 2973 dem Küpfter in die Versammlung zu kornen
502 2932 1409 3061 welches er aber alsobald ausgeschlagen
506 3033 1364 3176 und ihme eingebendt: Wann sie eine
502 3115 1386 3275 Project Supplicando bey Magh  e
1223 3195 1394 3316 Zulage
1703 288 2299 449 Marchand Dahs.
1623 519 2542 652 einzulangen, machen wollen, so brauche
1614 607 2505 745 es dergleichen Versammlungen nichts¬
1599 814 2547 959 Morgens darauf habe er sich begen Ge¬
1610 912 2547 1066 schafften zu dem Kupster in Sutzerbach¬
1614 1007 2542 1134 verfueget, und ihne zu gleich abgemahnt,
1607 1122 2508 1249 diese Versammlung zuhalten, und ihme
1614 1210 2539 1360 neben gleichem Grund, so er dem Lieutl.
1590 1315 2499 1437 Pueter angeführt, annoch gesagt, diß
1584 1410 2526 1533 seyn nicht recht, maßen, bau es offen,
1602 1501 2526 1613 ebahr burde, Mann glauben berde, er¬
1586 1601 2512 1714 seyn geschehen in dem Intentz etbas
1589 1671 2523 1837 bieder die Oberkeit vorzunommen.
1602 1843 2544 2022 dler Ruphter habe ihmer auch Verstrahen
1586 1970 2331 2104 Er wolle sie Contremandiren
1652 2131 2360 2261 Vorgelesen und bestähtiget:
1626 2308 2480 2478 Actum d. 22ten Julÿ. 1749
2518 284 2643 404 391.
