3024 4032
328 539 472 625 208.
536 596 1312 768 Davis Vurstenberger
483 724 1429 875 Auh beschehenes Anmuhten, das Glöbt deß
471 826 1417 972 Geheimnißes dahin gethan, daß alles
484 920 1452 1047 was der Lieutl. Pueter ihme sagen werde,
486 997 1398 1161 so verschwiegen seyn solle, Als wan er
508 1076 1414 1221 es einer Studgesagt hätte; Solchem
495 1174 1429 1326 nach habe er ihme unterschieckliche
471 1262 1404 1419 Cemplices vernamstet, und weilem er¬
483 1348 1446 1509 wegen gelegenheit deß Ohrts sich nicht
471 1476 1422 1602 sicher erachtet, ihme das mehrere zu
484 1560 1434 1717 eröffnen, So habe er ihme Inquisiten
495 1659 1390 1798 proponirt, mit ihme zu gehen, und
502 1746 1426 1867 eine Bouteille Wein zu Trinben, da
484 1853 1434 1974 er ihme dann das mehrere eröffnen
481 1931 1428 2079 werde; Alß er Inquisit aber dieses
477 2030 1429 2191 Abgeschlagen, habe er ihme hierauf
476 2128 1382 2296 an Eydt thun müßen, alles zu¬
469 2208 1356 2384 Verspleigen, zugleich ein Pistolet
489 2316 1447 2452 mit einem gelben Rohe vorgewiesen
477 2378 1466 2557 mit Verdeuten, wann er Jemand daten
464 2489 1465 2664 etwas rede, so werde er es mit dem
458 2591 1447 2775 Leben bezahlen müßen; Sonsten
447 2698 1426 2878 habe er mit Niemandem deßhalber
455 2789 1416 2973 etwas Gesprochen; und weilen er
452 2897 1426 3124 wegen eines auf ihne genomenen
427 2944 1450 3157 reibhaffts in Sorgen gestanden und
434 3059 1444 3292 nicht außgehen dörffen, so seye das
424 3192 1413 3396 die Ursach daß er nicht zu einem
421 3240 1457 3534 Geistlichen Hueren gewesen sich zu de¬
422 3389 1426 3657 rachten, wegen deß Eydtes, damn
2510 369 2662 487 209.
1705 479 2505 719 Dis Wirßterbenger
1490 631 2636 877 dann sonsten er die Sach angezeigt hätte.
1695 745 2619 939 Im übrigen aber habe ihme der
1568 850 2616 1041 Pieutl. Gueter nichts mehrers hievon
1571 936 2641 1145 gestagt, sonsten hätte er den Eydt nicht
1573 1029 2667 1231 Geschlohren, Außert daß er ihme verdeu¬
1578 1142 2616 1320 tet, wann sie versamlungen halten
1573 1253 2542 1412 so wolle man ed ihme sagen laßen.
1579 1394 2560 1558 dieses seye nun alles was er dießohrts¬
1591 1533 1774 1647 luße.
1581 1595 2568 1731 Actum sub dato und Ohrt vorge¬
1795 1720 2039 1815 meldet.
