3024 4032
353 258 477 346 364.
418 314 504 425 1.
349 417 561 515 declariert
560 271 1447 494 Johan Grantz Dick, der Ma
602 391 1427 596 Etlian 3. oder vier Wochen vor dler¬
530 485 1447 690 Entdeikung deß leydigen Mesens, seyen
536 610 1434 790 er an einem Abend gegen 6. Uhr, zu
538 697 1446 881 seinem Getatter dem Gerber Kuhnug
510 784 1431 964 seiner Nachbarschaft gelesen, beym
519 890 1438 1070 Einfridt in deß Kuhrs - Stuben habe¬
526 989 1439 1165 Er den Lientenaud Zueter heiter dem
535 1096 1433 1256 Tichschend angetroffen, welcher eine¬
525 1185 1437 1348 Rolle Fapyr in den Händen gehabt;
527 1288 1440 1425 So gleich als Er Deponent in die Stuben
525 1387 1437 1520 getretten, habe der Kueter das Payge
518 1491 1433 1620 zusamen gevollet und in den Sach ge¬
531 1575 1416 1712 stoßen, darauf Er Deponent zu
545 1688 1435 1811 chin gesagt: Sie Berden etbar ge¬
525 1778 1425 1894 heimer haben, er wolle wieder fort¬
537 1861 1434 1995 gehen; Der Hueter aber hhabe gesagt:
529 1970 1418 2102 Essseye nur ein Alter Process. Nach¬
531 2050 1434 2176 dießem hhabe der Ruhe eine Bouteile
529 2154 1412 2277 Wein gebracht und gesagt Sie haben
542 2254 1419 2374 dee Gvtatter glick nicht zu scheuchen;
520 2334 1445 2476 Worauf der Bueter bieder sein Josghe
510 2441 1428 2569 zeovorgehogen, und darauß etwor¬
507 2533 1425 2690 von Freyheiten, so kay ser Stenricus¬
507 2621 1419 2774 der Statt Hern gegeben, Item, tor¬
514 2702 1436 2863 der Gemeins, bis sie ehemals gehalten
509 2770 1435 2956 borden, abgelesen, so auch von der Plih¬
509 2886 1412 3048 eines Herren Schultheißen, Seckelmen
490 2991 1398 3153 ister und Heimlicherr gehandtet, md¬
498 3081 1422 3245 Befragen, beser Deponent darhu sh
2506 270 2637 347 365.
1718 301 2235 444 Mahler Dick.
1616 425 2468 584 Er habe aber darzu geantbortet:
1634 531 2561 663 des seyen Alte Sachen, so nichts mehr¬
1625 628 2558 753 bedeuten; der Hueter habe hierüber
1619 729 2594 856 erbiederet: aler Sachen mneßen bieder
1631 828 2485 961 auf dießen Kuß gesetzet werden;
1625 924 2487 1057 Worauf Er versehzt: Einmahl er¬
1606 1032 2559 1147 Zueter werde es nicht dahin bringen
1626 1131 2469 1267 er seyn nicht der Man darzu, um-
1607 1220 2498 1350 Übrigen seyen dießer gefährliche.
1617 1321 2511 1452 und halsbrechende Sachen, mit beÿ-
1598 1413 2491 1540 läufigem Verdeuten, er hhabe nicht
1610 1509 2431 1624 Ursach zu klagen, maßen er einen
1599 1594 2510 1721 guten Posten Besitze, da hingegen¬
1601 1698 2520 1805 er Beponent keinen habe, und sonsten
1607 1784 2484 1913 sein Verdienst klein seyn p. Endtlich
1602 1879 2444 1996 habe Er Deponent gesagt: Wan sie
1597 1980 2426 2088 etwas machen wollen, so sollen sie
1596 2065 2472 2158 eine Supplication aufsetzen, dann¬
1597 2151 2494 2267 wolle er seine Grund begen seiner
1590 2242 2513 2369 Profession auch eingeben, auf andere
1598 2330 2489 2435 Weis aber bolle er nicht eintretten.
1603 2418 2504 2568 Welchemnach sie bieder von Einander
1598 2512 2528 2636 gegangen, und habe er leder vorher¬
1601 2606 2533 2748 noch nachberts von keiner Seele das ge¬
1590 2689 2537 2817 gringste mehr hievon Vernommen, oder
1589 2792 1797 2904 gehöret.
1588 2858 2514 2993 Eydt oder gelubdt deß Geheimnußes
1593 2976 2523 3089 habe er keines gethan, auch seyn ihme
1601 3053 2528 3192 keiner angemuthet worden, Wohl, da¬
1596 3161 2394 3281 er dem Kueter gesagt, diß seyen
2324 3233 2547 3370 Julc
