3024 4032
412 229 536 348 162.
627 259 1474 471 Herr sere Declaration
545 402 1521 602 Doirique LL. E. C. luiavoient ouvert l
542 547 1516 707 Pay, querependent il ne vouidicit pasl
532 652 1530 801 voct ny avoir aucune communication
545 747 1507 904 avec lui, pour ne pas se rendre Juspect.
559 850 1518 1011 itant ici a peupres pour le meme cas¬
556 952 1505 1100 doni Handy qvodtite charge; Quau
544 1043 1511 1193 reste de son siu mubeli navoit jamais
542 1128 1509 1310 mangen aver aciun des Conjures, excepti
544 1256 1524 1400 une foy. quil avoit iu dessein, de Dorer
548 1372 1511 1518 a manger a lusigogne a messieue de (He¬
531 1443 1469 1574 pital, que a ce Diner Setoct trouve
515 1532 1475 1684 Wernier le Chirurgien, Stet se Resseveur
526 1629 1495 1784 et Reger, que Mons. Wild et Mons Ber¬
511 1716 1483 1884 detu nu etorent pas venus, et que tocite
514 1841 1512 1984 la conversation navoit pour la plupart
504 1916 1474 2072 roule, que sur la Verrerie de Ziegler,
511 2010 1487 2169 et quil ignoroit entierement, que Mihel
505 2092 1406 2247 aiteu aucune habitude ou Entretien
482 2192 1485 2347 avec le Chirurgien Bernier; que les Di¬
487 2294 1479 2448 manches il passort ordinairement les Joives
495 2402 1435 2533 dansla Fociete, ou il avoit contume
472 2501 671 2609 Dälle.
614 2589 734 2688 0
551 2656 1053 2807 Lu et Confirme.
453 2768 1277 2940 Actum le 24 Julyj 1749.
1561 2453 1627 2529 23
2742 42 2890 161 163
1728 196 2637 475 Bintes Eranen
2030 393 2186 489 Mit
1821 413 2407 611 Mihil. Duseit
1672 523 2841 751 Den 12. Augl. als auf widerhohltes ansuchen
1681 643 2817 866 Mihll. Nenner Im hog sich in begleit muhtl
1680 749 2778 953 Großbeibel und Brichtschreibers in den
1687 854 2843 1054 Großen Spittahl verfürgt und den Miheli
1676 1011 2533 1211 Abholen laßen, würde er
1704 1072 2847 1279 Pour quel Sujet il avoit Souhaitte de parter
1546 1172 1673 1298 sehrage
1669 1219 2462 1401 a Monsiceur le Banderet2
1688 1361 2821 1533 Bur gjoutter quelgeie chose a sa Justt,
1577 1397 1666 1555 hi
1666 1499 2152 1603 Puation, que
1677 1608 2775 1737 on ne devoit paslui faire un cas de ce¬
1596 1615 1675 1752 lih
1642 1694 2793 1851 quil navoit pu dabord souscrirete formu¬
1648 1807 2809 1931 laire que on lui avoit presente, lors quil
1646 1905 2812 2043 devoit ettre transporte darbousg a Berne
1652 1969 2715 2133 ce quil navoit pu faire a cause du mos
1636 2092 2811 2227 doresnavant  dautarit quil auroit parla
1622 2165 2778 2342 parii convenir, quil avoit eu aupara¬
1634 2252 2795 2446 vant des conversation dangereuses, dequoi
1632 2382 2305 2495 el ne pouvoit convenir.
1659 2458 2780 2660 P.L. C. E. lui ont permis uene libre Corres¬
1616 2557 2712 2724 pondance, nayants point fait ouvrir
1615 2658 2748 2847 les lettres, et quil na point trahi cette
1605 2755 2469 2934 Confiance en aucune facon
1614 2856 2677 3045 Quant aua Conversations dangereuses
1611 2959 2781 3169 come LL. E.E. lont fait garder, et garder
1614 3064 2665 3266 a vue, cetoit a Elles a lui mettreles
1609 3120 2756 3387 bornes quelles jugevient convenuble¬
1616 3242 2731 3460 et a empecher quil ne put avoir de
1623 3334 2117 3484 do conversations
2650 3546 2695 3631 u
