3024 4032
322 241 472 349 356.
627 265 1304 455 Meister Banteng
529 400 1414 593 gesehen, daß er Deponent nicht nach¬
538 496 1417 696 seinem Sinn dencke und rede, haben
542 596 1432 786 er ihme die Verschlangenheit abge¬¬
522 698 1438 877 forderet, die Er ihme auch, jetzdeog¬
541 815 1415 959 ohne Abstattung einechen Gelübder¬
536 888 1431 1064 noch Eydes, versprochen, Er Depo¬¬
527 1001 1434 1161 inent habe alleZeit geglaubt, es sye¬
533 1098 1422 1256 nur ein Capuice vom Hueter, daß¬
539 1188 1437 1351 er dergleichen Reden führe, so aber¬
542 1298 1413 1427 keine Folge haben wercke. Damit¬
539 1393 1434 1520 er ihne aber desto eher Bewegen köne¬
544 1500 1427 1635 mitzuhalten, habe er ihme vorgegeben,
533 1587 1342 1708 der Schloßer Malther, Borstner
525 1671 1431 1813 Raudard und Kothgießer Maurli¬
533 1770 1419 1919 Bffinden sich auch schon in dem Pro¬¬
524 1873 1427 2003 oject, und wau er sich auch dazu ent¬
524 1964 1342 2090 schließen wolle, werde er ihme
529 2072 1433 2184 dann Zeit und Ort namsen, da man-
514 2152 1425 2288 sich darüber versamblen und Bera¬¬
524 2249 1433 2377 then, auch ihne als dann zu schlohren.
521 2325 1419 2464 machen berde, Er habe dem Kunter¬
513 2428 1406 2558 aber, deßen ohngeachtet, Absoluti¬
516 2514 1406 2657 das Refus gegeben, und alleheit
508 2605 1427 2763 sich Explicirt, daß Er darmit nichts¬
501 2734 1048 2846 zuthun haben wolle.
683 2774 1360 2955 Es habe ihme der Lieutl.
501 2889 1386 3032 Hueter auch eröffnet, er befinden¬
488 2969 1370 3171 sich unter der Bürgerschafft, bie¬
499 3064 1398 3245 auch unter dem Landstelik atbelh¬
1147 3142 1400 3286 Mal
1449 2906 1617 3096 Noticch
2492 281 2624 378 357.
1702 277 2368 448 Meister Banting.
1614 405 2603 571 MalContenten, die, wan sie von Mughh
1619 510 2524 638 in ihrem Begehren solten abgebie¬
1616 608 2468 743 sten werden, sie dann sehre Bollen,
1632 708 2570 842 bir denen Sachen zu thun, und bau¬
1597 806 2565 946 Man sie zu Red stellen bolle, berden
1598 907 2564 1054 sie nicht erscheinen, und die Sach nicht
1601 1012 2397 1135 also aufnommen, bie Ad 1744.
1714 1108 2522 1238 Auch habe er ihne gefragt, ob
1604 1206 2499 1327 Er mit Gewehr und Munition Ver¬
1601 1301 2521 1433 sehen. Worauf er geantbortet:
1607 1395 2526 1519 Er habe er, bie ein anderer Bürger¬
1614 1570 2519 1702 Ob Ihme Lieutl. Hueter nicht positive
1597 1668 2497 1793 gesagt, Sie wollen Mughhen ihre Vor¬
1595 1764 2477 1912 stellungen mit gelafneter Band
1592 1857 1714 1970 thun
1600 2038 2497 2158 Er habe ihme gesagt: Falls man in
1601 2113 2531 2245 lem begehren solte abgebiefen werden
1595 2208 2508 2340 wollen sie solches nicht leiden, und sich
1592 2304 2518 2436 unter das Gebehr stellen. Von denen
1589 2380 2530 2543 Greulichen Anschlagen aber, soer erst
1584 2484 2519 2632 sinth dem Außbruch der Sach Ver¬
1585 2568 2528 2710 nommen, Bezeuge er mit gutem
1593 2673 2529 2799 Gelaussen, daß ihme nicht ein Mort
1588 2771 2279 2905 zu wißen gethan borden.
1637 2941 2486 3099 der Licutl. Bueter berde ihme doch¬
1588 3021 2540 3181 wohl ein mehrers gesagt hhaben, Als
1583 3164 2528 3273 Er deponirt, sintemahlen er ihme ja¬
1582 3244 2481 3378 gesagt. Er seyn ein forchtsammer Man¬
