3024 4032
264 282 384 406 76
508 268 1334 468 Lientenant Gister
337 454 1430 667 Obstelbige Nacht nicht leuther bey ihme in dem
389 602 1437 748 Conpde Garde gebesten, und wer Es Gsen
279 711 1430 944 E. Etgestellige Racht Simmend bes ihne Gebesten
286 888 1445 1061 E. Ob nicht ihr Vorstatz gebesten, die Sach auff den
404 1003 1433 1167 diß außzuführen, auch ob bein Blan deßhalben
401 1114 1424 1263 in schrift vverfaßet worden, und boselbiger¬
394 1212 575 1318 ligen u.
284 1287 1418 1469 Z. Ga, in Getber Ruhns Hauß habe er mit ihme
373 1409 1404 1524 Ruhn davon geredet, in gegenwahrt gerber
388 1496 1438 1641 Knecht und Pfister Bondel, danman von aller,
382 1603 1415 1718 hand dergleichen Sachen geredet, Abersteye daru
385 1706 1430 1843 ber nichts beschloßen borden könne vor dem
388 1792 1388 1926 drey Enigen Bott bezeugen, daß bueblich
394 1886 1394 2026 noch kein Blan, Wie die Sach Außzuführen,
358 1989 1254 2147 seines lußens Ereichtet worden seye.
247 2191 1424 2344 E. Ob mntbahr, daß sie häuster umb das Raht¬
364 2306 1429 2431 Hauß harumb bestelt gehabt, umb darein ein
357 2388 1238 2525 Anzahl leuth versteben zu können?
356 2523 1261 2721 Nun Ersage ihne nicht bebußt.
215 2541 315 2736 E
219 2718 1413 2886 Vorgehalten: Er gehe nicht mit der Bahrheit umb¬
342 2861 1400 2949 und man werde sich gezwungen sehen, seine
328 2924 1394 3074 Bekandtnuß mit der Marter von ihme herauf
319 3043 659 3191 zu bringen.
281 3161 1409 3378 Deßen ehngericht, beharete er bey seiner
1313 3332 1401 3431 Bohl
298 3279 1321 3488 Declaration, doch mit dem beyfüegen,
2580 250 2704 376 12.
1618 264 2527 480 Beutenant Gueter.
1565 447 2695 635 hale ein Blan verfertigt berdeme den er Inq.
1557 575 2693 733 selbsten Außsehen sollen, habe ihne Aber noch
1587 686 2644 819 nicht verfaßet, sonsten Burde sich selbiger
1588 791 2582 930 unter seinen Schriften gefunden haben.
1579 900 2665 1116 Wie er diesen Brojet habe machen bollen?
1484 921 1579 1084 9.
1599 1070 2690 1232 Wann er ich einen auffgesehzt hätte, so wurde
1581 1198 2669 1336 gestelbigen doppelt gemacht haben, den Einten
1581 1290 2677 1454 fur am Morgen umb drey Uhr außzufuhren,
1587 1394 2677 1530 den andern aber bau Megshl. auf dem Raht¬
1572 1492 2526 1638 hauß wurden versammlet gewesen seyn.
1562 1643 2614 1805 Wurde auch unter Bedrohung der Marten
1659 1770 2665 1932 Ob, und bie Weith sich der Miheli duCrest¬
1472 1775 1641 1922 eftrigt.
2448 1928 2506 2010 v
1591 1896 2452 2038 in diesen Complot eingelaßen 2
1591 1988 2683 2189 Er. Bezeuge nochmahls vor Bott, daß er alles
1469 2030 1575 2188 Aatl
1574 2139 2683 2288 das, bas zwuschen ihme und dem ducrest des¬
1570 2219 2666 2391 stenthalber vorgegangen, bürblich in seinem
1565 2332 2650 2475 vorigen Examine bebennet und geredet, Er
1579 2429 2680 2576 Gestehe zwar, daß Ban er Inquisib an einem
1568 2545 2675 2688 plan gearbeitet hätte, Er den zumahlen den
1581 2633 2659 2808 Sutredt darüber wurde Consultirt haben,
1556 2746 2132 2912 so aber nicht geschehen.
1457 2885 1590 3109 2.
1587 2896 2616 3101 Ober auch nicht büße, daß der Cingue
1569 3014 2688 3217 Wrmier und Einzeucher Stäck mit dem DuCiedt
1569 3153 2720 3310 darüber geredt, Inmaßen Sie alle gelegenheit
1576 3263 2010 3385 dar zu gehabt?
1495 3330 2529 3539 Z das seye ihne gantzlich ohnbekandt.
2719 992 2765 1068 9
