3024 4032
365 509 510 621 202.
711 501 1263 661 Confrontation
798 637 1014 764 Gbusen
484 708 1471 858 Lentl. Pueter und Abrah. Marthallen
498 871 1434 1042 Auf deß Lientl. Pueters Vorgeben, er
512 986 1449 1096 habe dem Marchtaller gesagt, es kömn
515 1082 1476 1203 Bald etwas geben, ist ihme dieser solche
519 1165 1447 1314 eingestanden. Auf die Prag. Ob er
492 1258 1455 1390 Marchtaller dem Liecit. Fueter nicht
506 1357 1471 1489 gesagt: Wann es etwas Lermens gebe
496 1446 1453 1582 wolle er ihme die Trommel schlagen
499 1549 1488 1710 Verstehzte der Marchtaller die negatio
574 1652 1437 1795 der Limtl. Pueter hingegen ist
514 1745 949 1872 darauf beharret.
605 1831 1452 1964 Auf ferneres Vorgeben dese
488 1932 1453 2084 Lieutl. Pueter, der Marchtaller habe
497 2022 1473 2177 ihme gesagt, als er ihme Angebundet,
497 2114 1480 2301 es werde bald etwas geben, doch uir
491 2189 1491 2394 im Sachen, van es nur bald beißlete.
645 2316 1460 2488 Erfolgete von dem Marchtaller
483 2419 1486 2601 gleichfahls eine derbe negativ, und bote
489 2536 1152 2689 te nichts davon bußen.
614 2625 1440 2790 Der Chueter aber beharrete
491 2697 1461 2903 darauf, daß das feißlin geredet
464 2789 1493 3022 worden. Viellicht aber könesteyn, daß
444 2912 1479 3143 sie einander übel Verstanden habe
459 2994 1487 3274 vnd steye wahe, daß der Maristaber
465 3172 1237 3378 es im Lachen geredt habe.
1153 3289 1390 3467 Dr 8
2528 375 2689 470 203.
1790 523 2258 662 Continuatio.
1607 638 2665 852 der Marchtaller aber beharrete, daß er
1610 749 2566 948 von dem Feißlen gar nichts wüße,
1614 855 2650 1057 maßen er allsobald zur thür hinauß
1602 1011 1909 1156 gegangen.
1634 1047 2683 1234 Welch letstern Umstands der Pueter
1619 1173 1963 1285 convenirte.
1605 1238 2650 1405 Worauf hin der Marchtaller instirte,
1619 1354 2660 1506 le könne sich einmahl nicht erinneren
1605 1454 2665 1594 daß er das Vort Keißlen gebraucht,
1622 1546 2558 1693 dann er es aber Ich gethan hätte,
1612 1651 2280 1792 Burde es ihme leyd seyn.
1609 1787 2589 1930 Actum unter dato nächstvorgemelt
