<?xml version="1.0" encoding="UTF-8" standalone="yes"?>
<PcGts xmlns="http://schema.primaresearch.org/PAGE/gts/pagecontent/2013-07-15" xmlns:xsi="http://www.w3.org/2001/XMLSchema-instance" xsi:schemaLocation="http://schema.primaresearch.org/PAGE/gts/pagecontent/2013-07-15 http://schema.primaresearch.org/PAGE/gts/pagecontent/2013-07-15/pagecontent.xsd">
    <Metadata>
        <Creator>prov=University of Rostock/Institute of Mathematics/CITlab|PLANET AI GmbH/Gundram Leifert/gundram.leifert@planet-ai.de:name=Transkribus German Kurrent M2(htr_id=29820)::::v=2.6.7
prov=University of Rostock/Institute of Mathematics/CITlab|PLANET AI GmbH/Tobias Gruening/tobias.gruening@planet-ai.de:name=de.uros.citlab.module.baseline2polygon.B2PSeamMultiOriented:v=2.6.7
prov=University of Rostock/Institute of Mathematics/CITlab|PLANET AI GmbH/Gundram Leifert/gundram.leifert@planet-ai.de:name=Kurrent_1515_ENHG_v3(htr_id=40510)::::v=2.6.7
prov=University of Rostock/Institute of Mathematics/CITlab|PLANET AI GmbH/Tobias Gruening/tobias.gruening@planet-ai.de:name=de.uros.citlab.module.baseline2polygon.B2PSeamMultiOriented:v=2.6.7
prov=University of Rostock/Institute of Mathematics/CITlab|PLANET AI GmbH/Tobias Gruening/tobias.gruening@planet-ai.de:name=/net_tf/LA73_249_0mod360.pb:de.uros.citlab.segmentation.CITlab_LA_ML:v=2.6.7
Transkribus</Creator>
        <Created>2022-05-02T15:17:51.804+02:00</Created>
        <LastChange>2022-09-12T15:22:52.054+02:00</LastChange>
        <TranskribusMetadata docId="1334849" pageId="52363250" pageNr="143" tsid="114645205" status="IN_PROGRESS" userId="9570" imgUrl="https://files.transkribus.eu/Get?id=EKKEVIKKRDCPUNYZIJKJUTOP&amp;fileType=view" xmlUrl="https://files.transkribus.eu/Get?id=PFFJWCXOMXFLHTIVJHUFNIMD" imageId="30687685"/>
    </Metadata>
    <Page imageFilename="IMG_5843.jpg" imageWidth="3024" imageHeight="4032">
        <ReadingOrder>
            <OrderedGroup id="ro_1687513637366" caption="Regions reading order">
                <RegionRefIndexed index="0" regionRef="r1"/>
                <RegionRefIndexed index="1" regionRef="r2"/>
                <RegionRefIndexed index="2" regionRef="r3"/>
                <RegionRefIndexed index="3" regionRef="r4"/>
                <RegionRefIndexed index="4" regionRef="r5"/>
                <RegionRefIndexed index="5" regionRef="r6"/>
            </OrderedGroup>
        </ReadingOrder>
        <TextRegion orientation="0.0" id="r1" custom="readingOrder {index:0;}">
            <Coords points="372,3173 372,3341 462,3341 462,3173"/>
            <TextLine id="r1l1" custom="readingOrder {index:0;}">
                <Coords points="375,3341 410,3328 428,3307 452,3315 457,3309 474,3307 455,3195 445,3197 438,3206 418,3200 407,3209 392,3210 372,3230 356,3235"/>
                <Baseline points="372,3291 402,3285 432,3282 462,3273"/>
                <TextEquiv>
                    <Unicode>G</Unicode>
                </TextEquiv>
            </TextLine>
            <TextEquiv>
                <Unicode>G</Unicode>
            </TextEquiv>
        </TextRegion>
        <TextRegion orientation="0.0" id="r2" custom="readingOrder {index:1;}">
            <Coords points="477,343 477,496 576,496 576,343"/>
            <TextLine id="r2l1" custom="readingOrder {index:0;}">
                <Coords points="470,496 494,501 516,487 535,501 543,497 563,501 581,494 582,418 570,415 543,393 524,398 504,381 472,386"/>
                <Baseline points="477,443 510,444 543,443 576,446"/>
                <TextEquiv>
                    <Unicode>280.</Unicode>
                </TextEquiv>
            </TextLine>
            <TextEquiv>
                <Unicode>280.</Unicode>
            </TextEquiv>
        </TextRegion>
        <TextRegion orientation="0.0" id="r3" custom="readingOrder {index:2;}">
            <Coords points="476,476 476,3402 1512,3402 1512,476"/>
            <TextLine id="r3l1" custom="readingOrder {index:0;} person {offset:3; length:18;}">
                <Coords points="650,554 761,520 877,570 1010,560 1129,616 1285,581 1488,662 1501,562 1234,448 664,429"/>
                <Baseline points="660,521 701,524 742,527 784,529 825,533 866,534 908,537 949,539 990,542 1032,545 1073,548 1114,552 1156,556 1197,562 1238,567 1280,575 1321,584 1362,594 1404,605 1445,618 1487,633"/>
                <TextEquiv>
                    <Unicode>Hr Cosan Rudol  Pechz</Unicode>
                </TextEquiv>
            </TextLine>
            <TextLine id="r3l2" custom="readingOrder {index:1;}">
                <Coords points="851,687 948,673 969,684 1017,670 1047,699 1091,682 1115,701 1151,702 1157,628 1103,604 1086,616 1068,610 993,565 961,576 950,565 861,562"/>
                <Baseline points="861,632 887,634 913,636 939,639 965,641 991,643 1017,644 1043,646 1069,648 1095,650 1121,652 1148,654"/>
                <TextEquiv>
                    <Unicode>Einzieher</Unicode>
                </TextEquiv>
            </TextLine>
            <TextLine id="r3l3" custom="readingOrder {index:2;}">
                <Coords points="629,727 776,739 862,792 985,767 1069,800 1298,776 1464,837 1472,751 1376,700 1318,688 1248,718 1091,681 1025,702 987,678 763,682 641,603"/>
                <Baseline points="636,722 677,725 718,729 759,732 800,734 842,735 883,737 924,739 965,741 1006,743 1048,746 1089,749 1130,751 1171,756 1212,761 1254,767 1295,773 1336,781 1377,790 1418,801 1460,813"/>
                <TextEquiv>
                    <Unicode>und ob Sie sich dann schon nicht mehr an</Unicode>
                </TextEquiv>
            </TextLine>
            <TextLine id="r3l4" custom="readingOrder {index:3;}">
                <Coords points="642,834 822,833 955,870 1035,841 1084,880 1206,864 1422,899 1486,886 1489,847 1272,785 1039,811 919,771 862,792 679,753 646,769"/>
                <Baseline points="648,822 689,824 731,828 772,830 814,831 855,833 897,833 938,834 980,836 1021,838 1063,840 1105,843 1146,845 1188,849 1229,852 1271,857 1312,863 1354,870 1395,878 1437,887 1479,897"/>
                <TextEquiv>
                    <Unicode>das Memorial von 1744. Besinnen?</Unicode>
                </TextEquiv>
            </TextLine>
            <TextLine id="r3l5" custom="readingOrder {index:4;} person {offset:27; length:6;}">
                <Coords points="635,933 1180,943 1315,979 1459,978 1463,909 1405,893 1245,878 1182,905 1052,861 985,879 808,848 640,864"/>
                <Baseline points="642,923 682,924 723,926 763,927 804,928 844,929 885,930 925,932 966,933 1006,934 1047,936 1087,938 1128,940 1168,944 1209,947 1249,951 1290,956 1330,961 1371,967 1411,975 1452,983"/>
                <TextEquiv>
                    <Unicode>Erbiederte der Vermir: Sie bollin</Unicode>
                </TextEquiv>
            </TextLine>
            <TextLine id="r3l6" custom="readingOrder {index:5;}">
                <Coords points="630,1076 726,1064 751,1088 856,1034 1003,1087 1101,1042 1228,1047 1360,1062 1486,1120 1491,1043 1426,1010 1258,1020 1112,964 1076,990 1013,964 946,1004 845,975 764,996 639,933"/>
                <Baseline points="639,1022 681,1024 723,1026 765,1026 807,1028 849,1028 891,1029 934,1031 976,1031 1018,1032 1060,1034 1102,1037 1144,1039 1186,1042 1229,1047 1271,1052 1313,1058 1355,1065 1397,1072 1439,1082 1482,1092"/>
                <TextEquiv>
                    <Unicode>dißmahlen nicht mit Memorialen umb¬</Unicode>
                </TextEquiv>
            </TextLine>
            <TextLine id="r3l7" custom="readingOrder {index:6;}">
                <Coords points="624,1163 761,1133 823,1163 878,1130 1009,1168 1081,1152 1491,1211 1503,1143 1319,1086 1108,1099 934,1055 806,1093 721,1064 628,1094"/>
                <Baseline points="633,1122 676,1124 719,1125 762,1125 805,1126 848,1127 891,1127 934,1128 977,1128 1020,1130 1063,1131 1106,1133 1149,1136 1192,1138 1235,1143 1278,1147 1321,1154 1364,1160 1407,1168 1450,1177 1494,1187"/>
                <TextEquiv>
                    <Unicode>gehen, Er könne Ihme aber hierüber¬</Unicode>
                </TextEquiv>
            </TextLine>
            <TextLine id="r3l8" custom="readingOrder {index:7;}">
                <Coords points="636,1245 751,1211 943,1264 1085,1228 1503,1296 1507,1241 1448,1245 1375,1188 1290,1220 1246,1185 1178,1210 1082,1152 953,1179 892,1139 641,1180"/>
                <Baseline points="645,1209 687,1211 730,1214 772,1215 815,1217 858,1218 900,1218 943,1220 985,1221 1028,1224 1071,1226 1113,1228 1156,1232 1198,1235 1241,1240 1284,1245 1326,1251 1369,1259 1411,1267 1454,1277 1497,1287"/>
                <TextEquiv>
                    <Unicode>nichts beiters eröffen, als unter ge¬</Unicode>
                </TextEquiv>
            </TextLine>
            <TextLine id="r3l9" custom="readingOrder {index:8;}">
                <Coords points="624,1354 884,1334 1031,1356 1090,1323 1200,1325 1518,1386 1520,1347 1317,1250 1216,1244 1068,1291 884,1248 629,1262"/>
                <Baseline points="633,1308 679,1311 725,1313 771,1313 818,1314 864,1314 910,1316 956,1316 1003,1317 1049,1319 1095,1320 1141,1322 1188,1325 1234,1329 1280,1333 1326,1339 1373,1346 1419,1354 1465,1363 1512,1374"/>
                <TextEquiv>
                    <Unicode>lußen Conditionen, mit Verdeuten:</Unicode>
                </TextEquiv>
            </TextLine>
            <TextLine id="r3l10" custom="readingOrder {index:9;}">
                <Coords points="614,1427 679,1410 851,1451 900,1423 1004,1460 1050,1435 1206,1460 1265,1426 1476,1463 1478,1383 1428,1363 1323,1398 1241,1335 1094,1369 1013,1348 872,1381 786,1348 616,1370"/>
                <Baseline points="621,1412 663,1413 705,1415 748,1415 790,1415 833,1415 875,1415 918,1415 960,1415 1003,1415 1045,1416 1087,1416 1130,1418 1172,1419 1215,1422 1257,1425 1300,1429 1342,1433 1385,1438 1427,1445 1470,1452"/>
                <TextEquiv>
                    <Unicode>Er solle Morgens honauf in seine Stuben</Unicode>
                </TextEquiv>
            </TextLine>
            <TextLine id="r3l11" custom="readingOrder {index:10;}">
                <Coords points="620,1525 700,1509 758,1541 955,1511 1130,1551 1189,1521 1229,1556 1503,1578 1505,1523 1343,1488 1272,1439 1112,1478 1050,1435 1003,1460 879,1434 795,1484 621,1482"/>
                <Baseline points="627,1508 670,1509 714,1509 757,1509 801,1511 844,1511 888,1511 931,1511 975,1511 1018,1512 1062,1512 1105,1514 1149,1515 1192,1517 1236,1521 1279,1523 1323,1527 1366,1533 1410,1537 1453,1543 1497,1551"/>
                <TextEquiv>
                    <Unicode>kommen, dann werde er es Vermmnen,</Unicode>
                </TextEquiv>
            </TextLine>
            <TextLine id="r3l12" custom="readingOrder {index:11;} person {offset:15; length:7;}">
                <Coords points="615,1618 701,1650 879,1608 1001,1658 1055,1626 1099,1663 1384,1641 1416,1663 1490,1639 1492,1583 1328,1556 1232,1576 1185,1533 928,1559 880,1523 820,1549 617,1524"/>
                <Baseline points="621,1598 664,1600 707,1602 750,1604 793,1605 837,1607 880,1607 923,1608 966,1608 1009,1609 1053,1610 1096,1610 1139,1611 1182,1613 1225,1613 1269,1615 1312,1617 1355,1619 1398,1621 1441,1623 1485,1628"/>
                <TextEquiv>
                    <Unicode>oder solle die Kupffer fragen, ban Er¬</Unicode>
                </TextEquiv>
            </TextLine>
            <TextLine id="r3l13" custom="readingOrder {index:12;}">
                <Coords points="605,1737 852,1704 974,1740 1079,1716 1107,1744 1199,1721 1437,1744 1438,1689 1290,1650 1100,1664 1054,1626 998,1657 916,1612 828,1648 698,1648 608,1620"/>
                <Baseline points="612,1692 655,1692 698,1692 741,1692 784,1693 827,1694 870,1694 913,1695 956,1696 999,1697 1043,1699 1086,1700 1129,1702 1172,1704 1215,1706 1258,1707 1301,1710 1344,1712 1387,1714 1431,1716"/>
                <TextEquiv>
                    <Unicode>Ihne sehe; Darauf Er Deponent ge¬</Unicode>
                </TextEquiv>
            </TextLine>
            <TextLine id="r3l14" custom="readingOrder {index:13;}">
                <Coords points="600,1789 877,1825 1021,1804 1147,1840 1235,1799 1389,1846 1482,1825 1485,1745 1361,1765 1324,1730 1223,1730 1137,1765 1075,1718 1013,1745 849,1704 601,1740"/>
                <Baseline points="606,1781 649,1781 693,1782 736,1783 780,1784 823,1785 867,1787 910,1788 954,1788 997,1790 1041,1791 1084,1793 1128,1794 1171,1796 1215,1797 1258,1799 1302,1800 1345,1802 1389,1804 1432,1806 1476,1808"/>
                <TextEquiv>
                    <Unicode>antwortet: Er werde am Freytag auf</Unicode>
                </TextEquiv>
            </TextLine>
            <TextLine id="r3l15" custom="readingOrder {index:14;}">
                <Coords points="596,1898 702,1919 751,1892 923,1911 972,1889 1168,1935 1497,1908 1498,1866 1430,1832 1305,1841 1233,1800 1159,1843 1015,1809 983,1832 708,1803 597,1824"/>
                <Baseline points="602,1877 646,1878 690,1878 735,1880 779,1880 824,1881 868,1881 913,1881 957,1881 1002,1881 1046,1881 1090,1882 1135,1883 1179,1883 1224,1884 1268,1886 1313,1887 1357,1889 1402,1891 1446,1895 1491,1898"/>
                <TextEquiv>
                    <Unicode>der Schutzen Matt der Kupfter sehen, bönn¬</Unicode>
                </TextEquiv>
            </TextLine>
            <TextLine id="r3l16" custom="readingOrder {index:15;}">
                <Coords points="593,1999 705,1973 1002,2019 1155,1980 1232,2034 1431,2004 1429,1926 1363,1959 1221,1911 1045,1947 988,1891 793,1919 748,1895 691,1923 595,1900"/>
                <Baseline points="600,1967 641,1968 682,1969 723,1970 765,1970 806,1971 847,1972 888,1973 930,1973 971,1974 1012,1974 1053,1976 1095,1976 1136,1976 1177,1977 1218,1977 1260,1979 1301,1979 1342,1979 1383,1980 1425,1980"/>
                <TextEquiv>
                    <Unicode>ihne dann bohl. fragen; Und seyn auch¬</Unicode>
                </TextEquiv>
            </TextLine>
            <TextLine id="r3l17" custom="readingOrder {index:16;}">
                <Coords points="594,2083 683,2073 767,2105 1286,2078 1377,2106 1440,2104 1483,2058 1136,2023 1091,1991 1005,2020 781,1985 595,1999"/>
                <Baseline points="600,2052 643,2055 687,2058 731,2059 775,2061 819,2061 862,2063 906,2064 950,2064 994,2066 1038,2066 1081,2066 1125,2067 1169,2067 1213,2068 1257,2069 1300,2070 1344,2070 1388,2072 1432,2073 1476,2075"/>
                <TextEquiv>
                    <Unicode>in der That nicht zum Wermier gegangen,¬</Unicode>
                </TextEquiv>
            </TextLine>
            <TextLine id="r3l18" custom="readingOrder {index:17;}">
                <Coords points="578,2196 741,2167 905,2205 969,2175 1048,2207 1131,2185 1407,2211 1476,2176 1477,2119 1285,2078 1189,2107 1058,2091 1025,2121 985,2096 738,2130 696,2095 579,2124"/>
                <Baseline points="584,2154 628,2156 672,2156 716,2157 761,2157 805,2159 849,2159 894,2159 938,2160 982,2160 1027,2160 1071,2162 1115,2162 1159,2163 1204,2163 1248,2165 1292,2165 1337,2166 1381,2168 1425,2169 1470,2171"/>
                <TextEquiv>
                    <Unicode>noch ihm nachbahrts deß Ohrts Befragt</Unicode>
                </TextEquiv>
            </TextLine>
            <TextLine id="r3l19" custom="readingOrder {index:18;}">
                <Coords points="567,2270 741,2302 875,2267 1022,2319 1131,2286 1358,2301 1498,2273 1498,2245 1412,2208 1354,2234 1170,2203 1120,2240 821,2191 732,2231 652,2180 567,2217"/>
                <Baseline points="573,2256 618,2258 664,2259 710,2259 756,2261 802,2261 848,2262 894,2262 940,2264 986,2264 1032,2265 1077,2265 1123,2265 1169,2265 1215,2265 1261,2265 1307,2265 1353,2264 1399,2264 1445,2262 1491,2262"/>
                <TextEquiv>
                    <Unicode>Welchen Er von dar hinbey nicht mehr geschin¬</Unicode>
                </TextEquiv>
            </TextLine>
            <TextLine id="r3l20" custom="readingOrder {index:19;}">
                <Coords points="555,2408 726,2394 781,2361 945,2397 1170,2353 1375,2384 1437,2367 1437,2294 1345,2313 1191,2284 1022,2329 804,2287 555,2310"/>
                <Baseline points="561,2355 604,2355 648,2355 691,2355 735,2355 778,2355 822,2355 865,2354 909,2354 952,2354 996,2354 1039,2354 1083,2354 1126,2354 1170,2354 1213,2353 1257,2352 1300,2352 1344,2352 1387,2352 1431,2351"/>
                <TextEquiv>
                    <Unicode>biß Freytags Morgens ob dem Tisch szu¬</Unicode>
                </TextEquiv>
            </TextLine>
            <TextLine id="r3l21" custom="readingOrder {index:20;}">
                <Coords points="1422,2465 1430,2465 1432,2467 1437,2467 1443,2462 1452,2462 1452,2418 1442,2418 1431,2413 1422,2414"/>
                <Baseline points="1428,2438 1446,2438"/>
                <TextEquiv>
                    <Unicode></Unicode>
                </TextEquiv>
            </TextLine>
            <TextLine id="r3l22" custom="readingOrder {index:21;}">
                <Coords points="553,2467 632,2494 706,2454 738,2482 891,2484 1037,2442 1134,2485 1236,2465 1266,2488 1419,2459 1419,2377 1321,2419 1266,2377 1195,2376 1129,2425 907,2367 828,2399 790,2373 739,2412 629,2392 553,2425"/>
                <Baseline points="560,2447 602,2445 645,2445 687,2444 730,2444 773,2444 815,2444 858,2444 901,2444 943,2444 986,2444 1029,2444 1071,2444 1114,2444 1157,2444 1199,2444 1242,2444 1285,2444 1327,2442 1370,2442 1413,2441"/>
                <TextEquiv>
                    <Unicode>mahlen der Wermer am Donstag mit</Unicode>
                </TextEquiv>
            </TextLine>
            <TextLine id="r3l23" custom="readingOrder {index:22;}">
                <Coords points="555,2564 634,2547 749,2579 809,2545 997,2537 1130,2560 1282,2538 1305,2561 1448,2535 1448,2499 1383,2470 1264,2488 1228,2466 1093,2517 966,2490 832,2511 789,2476 742,2503 555,2486"/>
                <Baseline points="561,2546 605,2543 649,2541 693,2540 737,2538 781,2537 825,2537 869,2537 913,2537 957,2537 1001,2537 1045,2537 1089,2537 1133,2538 1177,2538 1221,2538 1265,2538 1309,2537 1353,2537 1397,2535 1442,2534"/>
                <TextEquiv>
                    <Unicode>Braubenzimmer an einer Parthey vor¬</Unicode>
                </TextEquiv>
            </TextLine>
            <TextLine id="r3l24" custom="readingOrder {index:23;}">
                <Coords points="549,2657 620,2686 686,2666 714,2689 909,2669 938,2689 1002,2642 1107,2645 1278,2687 1334,2642 1391,2642 1390,2562 1330,2545 1272,2548 1183,2611 1092,2554 985,2599 916,2568 811,2608 707,2572 549,2576"/>
                <Baseline points="555,2642 596,2640 638,2639 679,2637 721,2636 762,2636 804,2636 845,2636 887,2636 928,2636 970,2636 1011,2636 1053,2636 1094,2636 1136,2636 1177,2636 1219,2636 1260,2634 1302,2634 1343,2633 1385,2630"/>
                <TextEquiv>
                    <Unicode>dem Thor geloesen;) und an gedachtem</Unicode>
                </TextEquiv>
            </TextLine>
            <TextLine id="r3l25" custom="readingOrder {index:24;}">
                <Coords points="534,2771 656,2761 748,2805 957,2736 1051,2761 1138,2738 1222,2788 1483,2739 1481,2671 1383,2652 1132,2710 966,2676 860,2703 775,2673 694,2713 532,2690"/>
                <Baseline points="540,2744 586,2741 633,2740 680,2738 727,2738 774,2737 820,2736 867,2736 914,2736 961,2736 1008,2736 1054,2736 1101,2736 1148,2735 1195,2735 1242,2732 1288,2731 1335,2728 1382,2724 1429,2720 1476,2715"/>
                <TextEquiv>
                    <Unicode>Morgen Eßen habe er ihme von solchen Sachen¬</Unicode>
                </TextEquiv>
            </TextLine>
            <TextLine id="r3l26" custom="readingOrder {index:25;}">
                <Coords points="535,2888 929,2882 1051,2836 1242,2872 1452,2835 1450,2773 1327,2760 1202,2813 1137,2762 1062,2801 944,2738 843,2792 739,2805 651,2764 533,2804"/>
                <Baseline points="540,2843 585,2841 630,2840 675,2838 721,2838 766,2838 811,2838 856,2837 902,2837 947,2837 992,2837 1037,2837 1083,2835 1128,2835 1173,2834 1218,2831 1264,2828 1309,2826 1354,2822 1399,2817 1445,2813"/>
                <TextEquiv>
                    <Unicode>nichts geredet, und ihme keinen Eyd pra¬</Unicode>
                </TextEquiv>
            </TextLine>
            <TextLine id="r3l27" custom="readingOrder {index:26;}">
                <Coords points="511,2995 616,2961 1109,2995 1243,2930 1414,2935 1449,2922 1447,2873 1321,2847 1162,2901 1060,2870 965,2910 883,2881 731,2914 659,2877 506,2895"/>
                <Baseline points="515,2948 561,2948 607,2948 654,2946 700,2946 746,2945 793,2945 839,2943 885,2941 932,2939 978,2937 1024,2936 1071,2932 1117,2930 1163,2927 1210,2925 1256,2921 1302,2918 1349,2915 1395,2910 1442,2907"/>
                <TextEquiv>
                    <Unicode>astirt, maßen Er ihme Inquioiten keinen¬</Unicode>
                </TextEquiv>
            </TextLine>
            <TextLine id="r3l28" custom="readingOrder {index:27;}">
                <Coords points="501,3095 518,3087 562,3107 589,3083 657,3076 722,3086 750,3107 768,3103 804,3086 802,2969 695,2987 680,2976 635,2998 598,2997 552,2972 499,3006"/>
                <Baseline points="506,3047 532,3046 558,3045 585,3045 611,3044 638,3044 664,3044 691,3044 717,3042 744,3042 770,3042 797,3041"/>
                <TextEquiv>
                    <Unicode>zugemuthet.</Unicode>
                </TextEquiv>
            </TextLine>
            <TextLine id="r3l29" custom="readingOrder {index:28;}">
                <Coords points="512,3295 575,3316 666,3272 773,3273 939,3315 1111,3265 1255,3276 1349,3257 1433,3194 1429,3128 1319,3155 1281,3123 1232,3147 1154,3116 1022,3194 695,3173 666,3206 586,3185 506,3217"/>
                <Baseline points="516,3266 561,3263 607,3260 652,3256 698,3254 743,3252 789,3250 834,3249 880,3246 925,3245 971,3243 1017,3241 1062,3238 1108,3234 1153,3231 1199,3227 1244,3222 1290,3216 1335,3209 1381,3200 1427,3191"/>
                <TextEquiv>
                    <Unicode>Ob Er dan nicht leße, Meydem Micheli¬</Unicode>
                </TextEquiv>
            </TextLine>
            <TextLine id="r3l30" custom="readingOrder {index:29;}">
                <Coords points="474,3444 538,3415 605,3426 646,3397 688,3390 709,3366 759,3378 804,3366 798,3276 776,3276 742,3303 722,3290 663,3313 623,3298 572,3336 509,3328 468,3351"/>
                <Baseline points="476,3380 502,3376 529,3373 556,3369 583,3367 609,3365 636,3364 663,3363 690,3362 716,3360 743,3360 770,3357 797,3356"/>
                <TextEquiv>
                    <Unicode>geredt habe?</Unicode>
                </TextEquiv>
            </TextLine>
            <TextEquiv>
                <Unicode>Hr Cosan Rudol  Pechz
Einzieher
und ob Sie sich dann schon nicht mehr an
das Memorial von 1744. Besinnen?
Erbiederte der Vermir: Sie bollin
dißmahlen nicht mit Memorialen umb¬
gehen, Er könne Ihme aber hierüber¬
nichts beiters eröffen, als unter ge¬
lußen Conditionen, mit Verdeuten:
Er solle Morgens honauf in seine Stuben
kommen, dann werde er es Vermmnen,
oder solle die Kupffer fragen, ban Er¬
Ihne sehe; Darauf Er Deponent ge¬
antwortet: Er werde am Freytag auf
der Schutzen Matt der Kupfter sehen, bönn¬
ihne dann bohl. fragen; Und seyn auch¬
in der That nicht zum Wermier gegangen,¬
noch ihm nachbahrts deß Ohrts Befragt
Welchen Er von dar hinbey nicht mehr geschin¬
biß Freytags Morgens ob dem Tisch szu¬

mahlen der Wermer am Donstag mit
Braubenzimmer an einer Parthey vor¬
dem Thor geloesen;) und an gedachtem
Morgen Eßen habe er ihme von solchen Sachen¬
nichts geredet, und ihme keinen Eyd pra¬
astirt, maßen Er ihme Inquioiten keinen¬
zugemuthet.
Ob Er dan nicht leße, Meydem Micheli¬
geredt habe?</Unicode>
            </TextEquiv>
        </TextRegion>
        <TextRegion orientation="0.0" id="r4" custom="readingOrder {index:3;}">
            <Coords points="1586,1088 1586,1483 1644,1483 1644,1088"/>
            <TextLine id="r4l1" custom="readingOrder {index:0;}">
                <Coords points="1599,1217 1613,1216 1624,1208 1635,1213 1653,1210 1636,1096 1618,1100 1593,1129 1587,1129"/>
                <Baseline points="1602,1194 1644,1188"/>
                <TextEquiv>
                    <Unicode>9.</Unicode>
                </TextEquiv>
            </TextLine>
            <TextLine id="r4l2" custom="readingOrder {index:1;}">
                <Coords points="1583,1488 1646,1483 1637,1323 1631,1323 1596,1351 1585,1345 1575,1348"/>
                <Baseline points="1586,1433 1611,1427 1637,1430"/>
                <TextEquiv>
                    <Unicode>2</Unicode>
                </TextEquiv>
            </TextLine>
            <TextEquiv>
                <Unicode>9.
2</Unicode>
            </TextEquiv>
        </TextRegion>
        <TextRegion orientation="0.0" id="r5" custom="readingOrder {index:4;}">
            <Coords points="1607,700 1607,850 1670,850 1670,700"/>
            <TextLine id="r5l1" custom="readingOrder {index:0;}">
                <Coords points="1601,855 1615,851 1622,858 1635,851 1648,851 1667,865 1676,865 1676,706 1664,704 1653,714 1639,712 1618,728 1601,724"/>
                <Baseline points="1607,800 1638,800 1670,800"/>
                <TextEquiv>
                    <Unicode>2</Unicode>
                </TextEquiv>
            </TextLine>
            <TextEquiv>
                <Unicode>2</Unicode>
            </TextEquiv>
        </TextRegion>
        <TextRegion orientation="0.0" id="r6" custom="readingOrder {index:5;}">
            <Coords points="1632,338 1632,2289 2724,2289 2724,338"/>
            <TextLine id="r6l1" custom="readingOrder {index:0;}">
                <Coords points="2617,416 2631,412 2642,421 2651,415 2669,426 2682,416 2700,424 2718,407 2730,410 2729,326 2700,336 2693,330 2685,333 2667,316 2631,339 2615,339"/>
                <Baseline points="2622,384 2647,383 2673,384 2698,383 2724,381"/>
                <TextEquiv>
                    <Unicode>291.</Unicode>
                </TextEquiv>
            </TextLine>
            <TextLine id="r6l2" custom="readingOrder {index:1;} person {offset:3; length:21;}">
                <Coords points="1743,623 1917,529 2105,563 2273,535 2347,482 2493,501 2660,466 2653,394 2545,371 2427,394 2361,373 2304,415 2152,386 2006,459 1728,460"/>
                <Baseline points="1743,558 1788,550 1834,541 1879,533 1925,526 1970,519 2016,513 2061,508 2107,502 2152,499 2198,494 2244,490 2289,488 2335,485 2380,482 2426,480 2471,478 2517,475 2562,473 2608,471 2654,470"/>
                <TextEquiv>
                    <Unicode>H: Johann Rudolff Stecht. die</Unicode>
                </TextEquiv>
            </TextLine>
            <TextLine id="r6l3" custom="readingOrder {index:2;}">
                <Coords points="1897,681 1938,660 1971,667 2055,615 2120,644 2151,637 2141,553 2102,562 2072,543 2056,559 2031,555 2008,567 1976,551 1940,568 1933,563 1902,598 1887,598"/>
                <Baseline points="1898,638 1925,631 1952,625 1979,621 2006,618 2033,614 2060,612 2087,610 2114,608 2141,605"/>
                <TextEquiv>
                    <Unicode>hinsieher</Unicode>
                </TextEquiv>
            </TextLine>
            <TextLine id="r6l4" custom="readingOrder {index:3;}">
                <Coords points="1716,775 2216,710 2633,721 2679,694 2671,581 2522,568 2335,636 2260,599 2130,666 2087,642 1896,689 1709,681"/>
                <Baseline points="1721,764 1768,754 1816,744 1863,736 1911,728 1958,722 2006,717 2053,711 2101,708 2148,705 2196,702 2244,700 2291,699 2339,696 2386,696 2434,695 2481,693 2529,692 2576,691 2624,690 2672,689"/>
                <TextEquiv>
                    <Unicode>Eebiße nicht, ber mit ihme geredt habe,</Unicode>
                </TextEquiv>
            </TextLine>
            <TextLine id="r6l5" custom="readingOrder {index:4;}">
                <Coords points="1702,896 1917,834 2039,864 2122,817 2539,828 2636,790 2631,717 2495,772 2368,732 2301,770 2117,736 2027,769 1842,749 1698,820"/>
                <Baseline points="1706,857 1752,848 1798,838 1844,831 1890,825 1937,819 1983,814 2029,810 2075,806 2121,804 2168,802 2214,800 2260,798 2306,797 2352,797 2399,795 2445,795 2491,794 2537,792 2583,791 2630,789"/>
                <TextEquiv>
                    <Unicode>außert daß Er sinther gehort sagen, daß</Unicode>
                </TextEquiv>
            </TextLine>
            <TextLine id="r6l6" custom="readingOrder {index:5;}">
                <Coords points="1692,972 1740,951 1821,999 1970,928 2211,914 2414,943 2481,900 2574,906 2569,829 2482,838 2429,805 2374,862 2257,875 2152,827 2074,862 1891,849 1747,879 1689,928"/>
                <Baseline points="1697,948 1740,941 1784,933 1827,927 1871,921 1914,917 1958,912 2001,908 2045,905 2088,903 2132,900 2175,900 2219,899 2262,897 2306,896 2349,896 2393,894 2436,894 2480,893 2523,893 2567,891"/>
                <TextEquiv>
                    <Unicode>Kieutl. Zueter mit Ihme geredt habe.</Unicode>
                </TextEquiv>
            </TextLine>
            <TextLine id="r6l7" custom="readingOrder {index:6;}">
                <Coords points="1697,1153 2223,1111 2566,1142 2667,1109 2663,952 2574,1022 2312,982 2189,1020 2037,988 1806,1055 1694,1026"/>
                <Baseline points="1703,1137 1750,1132 1798,1126 1846,1122 1894,1119 1942,1116 1990,1113 2037,1112 2085,1110 2133,1110 2181,1109 2229,1109 2277,1109 2325,1109 2372,1107 2420,1107 2468,1107 2516,1106 2564,1106 2612,1104 2660,1101"/>
                <TextEquiv>
                    <Unicode>Obricht der Scharer Vernier dieser Sachen</Unicode>
                </TextEquiv>
            </TextLine>
            <TextLine id="r6l8" custom="readingOrder {index:7;} person {offset:12; length:7;}">
                <Coords points="1670,1252 1961,1209 2163,1280 2241,1271 2495,1213 2492,1121 2331,1134 2301,1113 2210,1182 2095,1118 2028,1151 1940,1120 1837,1131 1669,1206"/>
                <Baseline points="1676,1233 1716,1226 1757,1221 1797,1217 1838,1213 1879,1210 1919,1207 1960,1205 2001,1205 2041,1203 2082,1202 2123,1202 2163,1201 2204,1200 2245,1200 2285,1200 2326,1200 2367,1199 2407,1199 2448,1197 2489,1196"/>
                <TextEquiv>
                    <Unicode>shalber mit Michcli geredt habe?</Unicode>
                </TextEquiv>
            </TextLine>
            <TextLine id="r6l9" custom="readingOrder {index:8;}">
                <Coords points="1683,1431 1736,1424 1788,1463 1915,1415 2129,1412 2271,1421 2317,1457 2394,1405 2484,1434 2592,1404 2590,1326 2408,1286 2243,1335 2158,1301 1916,1335 1783,1284 1680,1293"/>
                <Baseline points="1689,1418 1733,1415 1778,1412 1823,1409 1868,1407 1913,1406 1957,1404 2002,1403 2047,1403 2092,1403 2137,1401 2181,1401 2226,1401 2271,1400 2316,1400 2361,1399 2405,1398 2450,1397 2495,1395 2540,1392 2585,1391"/>
                <TextEquiv>
                    <Unicode>Das seye ihme ohnbebant; Wohl soll. dep¬</Unicode>
                </TextEquiv>
            </TextLine>
            <TextLine id="r6l10" custom="readingOrder {index:9;} person {offset:31; length:7;}">
                <Coords points="1653,1564 1740,1523 1882,1564 2341,1509 2579,1511 2644,1555 2642,1396 2433,1450 2173,1439 2123,1474 2084,1446 2011,1481 1937,1444 1791,1464 1724,1431 1651,1461"/>
                <Baseline points="1658,1520 1709,1517 1761,1514 1812,1511 1864,1509 1915,1508 1967,1506 2018,1506 2070,1505 2121,1505 2173,1505 2224,1505 2276,1505 2327,1505 2379,1505 2430,1504 2482,1503 2533,1502 2585,1501 2637,1500"/>
                <TextEquiv>
                    <Unicode>StumMleister gesagt haben, der Meriner</Unicode>
                </TextEquiv>
            </TextLine>
            <TextLine id="r6l11" custom="readingOrder {index:10;}">
                <Coords points="1650,1651 1733,1618 2057,1655 2401,1612 2516,1659 2617,1610 2617,1546 2408,1525 2242,1583 2145,1541 2022,1577 1962,1547 1650,1564"/>
                <Baseline points="1656,1614 1703,1610 1751,1608 1799,1605 1846,1604 1894,1602 1942,1602 1989,1601 2037,1601 2085,1601 2133,1601 2180,1602 2228,1602 2276,1604 2323,1604 2371,1605 2419,1605 2466,1607 2514,1607 2562,1608 2610,1608"/>
                <TextEquiv>
                    <Unicode>solle Wohl. 3. Morath lang nicht mit Micheli¬</Unicode>
                </TextEquiv>
            </TextLine>
            <TextLine id="r6l12" custom="readingOrder {index:11;}">
                <Coords points="1655,1724 1875,1703 2074,1758 2168,1709 2375,1726 2606,1689 2561,1641 2515,1659 2448,1631 2373,1662 2330,1633 2266,1660 2212,1624 1974,1677 1901,1630 1834,1654 1777,1625 1724,1668 1655,1668"/>
                <Baseline points="1661,1703 1710,1700 1759,1698 1809,1697 1858,1695 1908,1695 1957,1695 2006,1695 2056,1695 2105,1695 2155,1697 2204,1697 2254,1698 2303,1698 2352,1698 2402,1698 2451,1698 2501,1698 2550,1697 2600,1697"/>
                <TextEquiv>
                    <Unicode>geredt haben, noch bey demselben gewesen</Unicode>
                </TextEquiv>
            </TextLine>
            <TextLine id="r6l13" custom="readingOrder {index:12;}">
                <Coords points="1638,1851 1649,1854 1694,1813 1704,1813 1717,1800 1735,1806 1744,1799 1770,1809 1767,1768 1757,1772 1739,1769 1725,1757 1721,1763 1711,1764 1676,1736 1652,1751 1641,1747 1631,1750"/>
                <Baseline points="1640,1799 1670,1788 1701,1787 1732,1788 1763,1787"/>
                <TextEquiv>
                    <Unicode>sage.</Unicode>
                </TextEquiv>
            </TextLine>
            <TextLine id="r6l14" custom="readingOrder {index:13;}">
                <Coords points="1660,1926 1815,1913 1918,1945 2040,1904 2138,1945 2185,1914 2457,1922 2459,1754 2250,1826 2061,1788 1662,1839"/>
                <Baseline points="1667,1896 1706,1895 1745,1893 1784,1892 1823,1890 1863,1890 1902,1890 1941,1890 1980,1890 2019,1890 2059,1890 2098,1892 2137,1893 2176,1894 2215,1895 2255,1898 2294,1898 2333,1901 2372,1902 2411,1905 2451,1908"/>
                <TextEquiv>
                    <Unicode>Abgelesten und bestähtigek</Unicode>
                </TextEquiv>
            </TextLine>
            <TextLine id="r6l15" custom="readingOrder {index:14;}">
                <Coords points="1625,2091 1675,2112 2027,2075 2182,2139 2310,2093 2556,2123 2558,2042 2473,1981 2267,2054 2158,1998 1994,2045 1796,1936 1628,1985"/>
                <Baseline points="1632,2079 1677,2078 1723,2076 1769,2075 1815,2073 1861,2073 1907,2073 1953,2075 1999,2075 2045,2076 2091,2078 2136,2079 2182,2081 2228,2084 2274,2085 2320,2088 2366,2089 2412,2092 2458,2093 2504,2096 2550,2097"/>
                <TextEquiv>
                    <Unicode>Actum in Alußern Sphuthl</Unicode>
                </TextEquiv>
            </TextLine>
            <TextLine id="r6l16" custom="readingOrder {index:15;}">
                <Coords points="1635,2171 1915,2202 2227,2188 2327,2232 2377,2199 2421,2224 2607,2189 2609,2130 2357,2123 2310,2093 2164,2144 1972,2081 1771,2135 1721,2098 1636,2112"/>
                <Baseline points="1641,2160 1689,2161 1737,2162 1785,2163 1833,2165 1881,2167 1929,2168 1977,2169 2025,2171 2073,2173 2121,2174 2169,2176 2217,2178 2265,2179 2313,2180 2361,2181 2409,2183 2457,2183 2505,2183 2553,2184 2601,2184"/>
                <TextEquiv>
                    <Unicode>Allbo H. Steck im Arrest Sich befindet-</Unicode>
                </TextEquiv>
            </TextLine>
            <TextLine id="r6l17" custom="readingOrder {index:16;}">
                <Coords points="1633,2323 1733,2268 1807,2283 1861,2328 1908,2315 2038,2331 2172,2275 2174,2228 2149,2233 2099,2188 2059,2181 1991,2202 1803,2189 1713,2212 1637,2195"/>
                <Baseline points="1641,2249 1667,2251 1693,2252 1719,2253 1746,2255 1772,2256 1798,2256 1824,2258 1851,2258 1877,2259 1903,2259 1929,2261 1956,2261 1982,2261 2008,2262 2034,2262 2061,2263 2087,2264 2113,2265 2139,2265 2166,2267"/>
                <TextEquiv>
                    <Unicode>d. 14ten Julÿ 1749.</Unicode>
                </TextEquiv>
            </TextLine>
            <TextEquiv>
                <Unicode>291.
H: Johann Rudolff Stecht. die
hinsieher
Eebiße nicht, ber mit ihme geredt habe,
außert daß Er sinther gehort sagen, daß
Kieutl. Zueter mit Ihme geredt habe.
Obricht der Scharer Vernier dieser Sachen
shalber mit Michcli geredt habe?
Das seye ihme ohnbebant; Wohl soll. dep¬
StumMleister gesagt haben, der Meriner
solle Wohl. 3. Morath lang nicht mit Micheli¬
geredt haben, noch bey demselben gewesen
sage.
Abgelesten und bestähtigek
Actum in Alußern Sphuthl
Allbo H. Steck im Arrest Sich befindet-
d. 14ten Julÿ 1749.</Unicode>
            </TextEquiv>
        </TextRegion>
    </Page>
</PcGts>
