3024 4032
458 328 603 445 274.
892 345 1195 521 Daamen
953 480 1102 593 Mih
631 511 1539 810 Dbene lige, den Sorhe
923 680 1261 809 50. Jahr Act.
627 850 1492 1067 Nach gebohnter Exhortation, Aller, bey
640 975 1532 1179 ihme Inquisit über diesen leidigen Complot¬
626 1075 1493 1246 bebaut seyn, zu eröffnen, und die Wahr¬
620 1169 1530 1352 heit aufrichtig zu bekennen, hat er Dectars¬
536 1295 1496 1531 Honntoge den 29ten Pahat, seiyn der
617 1461 1509 1600 Lieutl. Gueter Mittags gegen 12. Uhrin zu¬
588 1541 1502 1705 Ihme gekommen mit Vermelden, er solle¬
603 1639 1501 1780 Nachmittags in Marchand Wermers Hauß
604 1751 1517 1899 kommen, Ohne ihme zu sagen Waremb, noch¬
591 1847 1440 1992 daß Er vorhero von etbas reden gehört,
592 1938 1492 2053 Da Er in deß Mereiers Steben kommen,
583 2038 1502 2169 habe Er ihrer in Cesca 10. dorf angetroßfen,
578 2130 1441 2261 darüber Er erschrocken. Da habe der¬
568 2228 1488 2378 Handtl etwas von einer Schrifft abgel sin¬
566 2325 1488 2471 das Rohte Buch und die Bürgerlichen frige¬
555 2422 1467 2573 heiten ansehend. Moraufhin Er Handt, den¬
546 2525 1428 2665 Eyd abgelesen, ohn gefehrt deß zunholts¬
533 2632 1467 2766 Nun solle man geloben, die Bürgerlichen fey¬
526 2728 1464 2871 heiten helffen zu schutzen, und daß Semau¬
523 2834 1437 2964 ntwas solle sagen leder Lebendigen noch
520 2922 1436 3060 Todkeen Dreäturen; Weiters habe er¬
512 3027 1452 3188 gesagt, Wer etbas verrathen werde, de
506 3088 1439 3296 werde man mit einem Bajonet oder Schufz
497 3201 1447 3395 und leben bringen; Worauf Sie die hingel¬
1330 3300 1429 3414 2
2618 312 2763 445 275.
1803 408 2392 587 Abradam Meyer.
1721 561 2671 743 aufgehoben und geschloohren. Er der Inqui¬
1714 667 2648 830 sit habe zbar diesen Zusath beygefunget:
1705 772 2675 943 In allen billichen diegen, Seyn von 2. biß
1705 884 2648 1021 1 Uhren dorten gelesen, sinthero aber habe
1688 993 2613 1162 er mit keiner von diesen Leuthen geredt¬
1679 1171 2618 1350 Der Haubtman Händtl, habe auch da eine
1678 1273 2653 1448 Liste abgelesen, darauf etban 60. sollen ver¬
1683 1368 2631 1505 nombset gelesen seyn; Ulns da Er von so¬
1676 1490 2609 1606 vielen Braten Bürgerin gehört reden, so habe
1657 1569 2616 1728 Er geglaubt, es werde nichts Böser darhinter
1677 1663 2643 1796 seyn; Bezeuge, daß Er in der Versamblung
1680 1761 2565 1888 solang als er derselben beygebohnt, nichts¬
1656 1871 2640 1986 anders, als woas obgemeldt gehört hhabe, außers
1664 1950 2623 2087 daß Sie gesagt, sie bollen sich noch mit den Ande¬
1655 2054 2660 2189 ren, so auf der obigen Liste sagen, un woder¬
1631 2205 2584 2358 Der Lieutl. Punter habe ihm gefragt,
1651 2323 2448 2469 Ob er in Kriegs dienst gelesen seÿn?
1646 2419 2608 2564 Marumb, biße Er nicht; Stem, Ob Er Ge¬
1649 2515 2627 2670 olahr habe, mit bedeuten, Man solle Kuglen¬
1643 2628 2591 2760 gießen, daß Man parat seyn, ban es et¬
1648 2709 2575 2852 las gebe; Morauf er geantbortet: Er
1635 2801 2588 2941 hhabe sein Gebahr als Außzuger auf E. E.
1632 2911 2570 3069 Gesellschafft, sonst habe er keiner; Fülter
1636 2991 2590 3142 und Bley habe Er auch nicht mehr, Als was ein
1628 3086 2544 3262 Auß züger haben solle; Kuglen habe Er¬
1627 3186 2038 3321 Vor keine gegoßen.
1635 3269 2484 3441 Übrigens seyn er ganth übernommen und
2415 3436 2559 3589 be
