3024 4032
401 1928 479 2056 7
396 2316 496 2462 P.
433 191 556 296 261.
511 1325 549 1377 4
906 290 1346 504 2 nn
1000 458 1163 559 Mis.
579 473 1479 734 Leutenant Priderics Handtzi.
564 613 1539 946 Duss deshelig be behenten
558 793 1544 1049 seye die Abschlochung deß Eydes gelesen,
576 895 1543 1139 Welcher so viel, als er sich errinnere, also ge¬
567 1010 1532 1225 glautet.: Sie verbinden sich demjenigen¬
569 1109 1529 1308 nachzukomen, was unter ihnen werde verab¬
569 1213 1534 1392 predet werden, bie auch Verschlangenheit zu¬
557 1323 1532 1493 halten, und sich zurachen an dem Glut deßen so¬
572 1406 1462 1564 Atloas von diesen Sachen verrathen würde.
567 1530 1524 1680 Hernach habe Mann einen Aufsatz von den
544 1615 1526 1766 Bürgerlichen Kreyheiten und der Handteste zur
528 1715 895 1854 Theil abgelesen.
534 1921 1518 2049 Ob er nicht in obiger Versammlung von Anber¬¬
527 2008 1504 2158 eben geredet, und die Anderen darzu ange¬
518 2108 777 2249 pfrihet?
527 2317 1502 2445 Das Negiere er. Im Wiederstihl, er habe ge¬
494 2421 1491 2564 psagt, Man solle säüberlich mit dieser Sachen unt
489 2523 1184 2684 gahre, und sich nicht übereilen.
481 2625 1479 2774 Gleichfahls negirte er wiedermahlen, daß Er¬
470 2710 1467 2883 von Massacriren, bie auch die Mort- Man¬
467 2805 1484 2988 müße machen Conte quicoute f. geredet, son¬
449 2898 1476 3078 deren im Gegentheil, da von Gewalt Brauchen¬
446 2973 1462 3209 geredet worden, so habe er darauf geantsortch.
449 3102 1466 3310 Man ihrer der Conjurirten attoau 4. oder 5.¬
445 3189 1441 3409 wurdken am Boden legen, so wurde es anfange
1306 3365 1434 3466 nder
437 3293 1405 3552 übel, mit ihnen aussehen, Darauf noch¬
1587 1803 1673 1968 J.
1601 2080 1659 2243 2
1602 1081 1691 1238 4
1608 1365 1690 1493 1
2632 334 2785 444 26f.
1935 354 2400 531 9tes Pramen.
2002 477 2169 628 Hi.
1730 557 2544 742 Lieutenant Friederics Handtz; v.
1740 663 2686 804 Andern auch gesagt: Man solle von Haulen
1738 750 2640 873 und Stechen nichts reden, es seyn noch nicht¬
1744 844 2088 979 mit des Zuthun¬
1739 1004 2653 1185 Vas noch für anderbärtige Aberden in
1728 1147 2634 1266 dieser Versammlung genommen worden?
1709 1340 2617 1486 Er habe auch noch gehöret, es bellen ihrer
1717 1447 2588 1583 tliche bey Schiffleuthen mit Einander zu¬
1706 1544 2646 1679 nocht eßen; von Anderen Verabredungen
1687 1644 2558 1809 hhabe er sonsten beiters nichts gehöret.
1704 1784 2631 1962 Von bem er in die pbegte Versamblung be¬
1676 1908 2051 2056 außfen borden?
1684 2090 2599 2253 Er seyn dorthin gekommen, ohne daß Er ge¬
1685 2211 2551 2343 lußt; daß eine Versamblung da seÿe,
1673 2300 2618 2436 sonder er habe nur wollen schgeben, Ob fraube
1667 2383 2587 2526 Vermer Bey Hauß seyn, und Geselschafft¬
1663 2487 2584 2631 habe, da solchenfalle sein Inquisiten Graub
1676 2591 2114 2707 auch hingehen wollen.
1661 2671 2610 2845 Wie er nun vernomen, daß Fraub Werr¬
1660 2776 2585 2921 emnr nicht zu Hauß, und aber eine Ver¬
1655 2881 2604 3016 samblung da seÿn, habe er sich nur einen¬
1658 2980 2601 3119 Augenblick in der Stuben, boo sie versambtet
1661 3058 2602 3213 gelesen, aufgehalten, und Bährens der
1660 3159 2604 3309 Versamblung seyn er in die andere Stuben¬
1649 3262 2570 3407 gegangen; Als er aber lieker in die
2414 3399 2604 3515 bestronch
