3024 4032
458 333 604 434 114
681 311 1415 538 Haudtman Handz.
442 404 650 533 D l
579 488 1580 667 Vorher, und ehe man die Versamlung bey
590 616 1568 766 ihme gehalten, gestagt; da aber der Ohrs
601 710 1577 872 nicht thunlich befunden worden, seye mann
586 830 1276 983 darauf zu ihme gegangen.
478 969 1603 1180 (Ob nicht auf die Execution deß Comploti, i
603 1103 1586 1240 am Manifedt parut halten sollen, umb solche
599 1204 1564 1347 offentlich zu affigiren und außzutheilen
597 1313 1558 1439 belches sie alßobald hatten drucken laßen
589 1388 1574 1525 Wer nun dieses Manifest verfaßen, und
593 1496 1543 1639 Bas der junhalt deßelben seyn sollen?
501 1676 1574 1833 R Ja, das steyn projectirt, und er habediß
589 1782 1550 1913 manisest selbsten aufsehen wollen, der
544 1883 1543 1997 Innhalt davon ware gelesten, die Herren
580 1972 1571 2110 Ambteuts zu ermahnen, sich auf ihren Am¬
582 2065 1578 2210 steren sambt ihren Untergebenen Still zuhal¬
585 2154 1584 2301 sten, ihren ferneren Befelchen zu erbarten,
589 2250 1561 2411 und zu gehorchen; dann hätten sie auch an
572 2340 1581 2483 die Cantons Notisuirt, daß nunmahlen die
570 2434 1575 2605 Regierung abgeänderet, deß wegen man
558 2555 1581 2684 die alten Sund mit ihnen erneutern volle¬
467 2672 1548 2878 EErsage, diejenigen, so am Mehresten in
542 2830 1564 2990 ihren Comptob angeworben seyen gewesen:
555 2932 933 3102 Hunter, Luntl.
430 2919 549 3112 R
738 3050 1032 3172 Gabriel
737 3135 1059 3269 Boldschuid.
500 3203 1058 3378 Ruhn, der Gerber¬
1370 3360 1566 3502 809
1633 1538 1773 1733 2
1634 1898 1745 2065 2
1658 2434 1759 2604 2.
1655 3130 1755 3289 2
2847 -1 2994 73 173.
1617 192 2563 506 d g nahit
1713 393 2401 656 Eh de tehlesen
1833 411 2928 695 dieser letzte solle am stalden uns an
1741 528 2930 798 der Matten ein großen anhang und sehe
1730 650 2952 930 viele angeworben haben, die sich auf keiner
1649 708 1710 890 2.
1740 754 2952 1008 liste befinden; Er Delinquent selbsten
1734 879 2981 1150 steyn von Bobriul Hueter angeworben worden.
1720 967 2997 1229 Hur Zeit, da schon viele angeworben gewesen,
1731 1106 2965 1328 Wer ihme aber diesen Bericht, ratione deso
1723 1211 2962 1443 Rchs, gegeben, deßen könne ersich nicht
1751 1421 2043 1537 verineren
1770 1443 2969 1682 Ob das jenige in Lieutl. Bueter hauß ge¬
1732 1582 2976 1777 fundene höchst ignominiose Memoriale nit
1748 1699 2995 1906 auß dem sringen Abgescheiben oder extrahirt,
1732 1869 2985 2045 Nin. dasseye dem steinigen gantz ohngleich
1750 1997 2927 2132 seines habe er mit gar viel moderateren
1734 2093 2968 2245 Terminis verfaßet, Im übrigen steye des
1755 2200 2967 2376 Zueters memorial lange zu vor gemacht
1750 2289 2960 2482 gewesen, ehe er das steinige angefangen.
1777 2483 2901 2697 Ob alle diejenigen, die sich auf der liste
1758 2563 2946 2814 aufgezeichnet befinden, Obschon sie nicht in
1752 2704 2941 2921 denen Versammlungen gebesten, sich mit
1727 2775 2919 3043 Erden verpflichtet, die Abanderung der
1749 2874 2893 3172 Regierung mit gebalt der Waassen
1769 2968 2307 3166 einzufuhren2
1771 3102 2981 3503 den d ud desaae
1730 3311 2947 3605 gar Wohl gehußt haben, daß mann
2711 3599 2908 3721 das
