3024 4032
364 427 481 533 247.
596 460 1270 674 Rudol 196
533 652 1453 806 verfertigenden Inventari, nach deme er
550 758 1487 928 ihme verschiedene Discourden, als von der¬
544 865 1473 1013 theuren Zeith, auch daß die Bürger ner¬
550 973 1490 1134 mehro so kaum zu etloas gelangen konne,
539 1084 1483 1222 gehalten, endlich sich gegen ihne Inquisit¬
551 1183 1469 1295 herausgelaßen: Er lönßte Wohl, bie dem
557 1267 1463 1414 zu begegnen, und zu verschaffen, daß toi
557 1366 1482 1489 das zukönfftige die Bürger mehrere Silf¬
569 1459 1477 1555 und Prost bekommen, Baner Inquisit¬
573 1545 1485 1670 ihme ein Gelebdt ablegen Wolle, daß er¬
584 1657 1494 1751 werde verschliegen seyn, gleichwie er
583 1735 1441 1862 auch solches thun müßen, so wolle er
580 1830 1470 1959 ihme entdecken, barum es zu thun seÿn¬
828 1925 1491 2051 Worauf er Wyß verstrochen,.
575 1951 828 2042 Botle.
574 2024 1497 2150 daß bau das Gehermnus zum Rethen¬
566 2110 1499 2252 der Bürgerschafft und das gemeine Beste,¬
567 2196 1487 2324 auch nicht wieder die Oberkeit abzbeibe,
564 2294 1500 2422 so wolle er das Gelubs thun; Und bie er¬
573 2392 1494 2534 ihnr deßen versicheret, habe er ihme das¬
564 2488 1503 2638 abgeforderte Gelubs gethan; darauf ihme
567 2583 1481 2725 der Wermer dann verdeücket, Mann Bold
556 2669 1499 2829 ein Memoriale aufsetzen zum Ruthen des¬
538 2765 1489 2949 Bürgerschaft, ohne daß er sich fernerd er¬
549 2879 1497 3027 plicirt, was dadurch solle vorgetragen
559 2961 1500 3113 Berden, mi Verdeuten, es seyen schon scht
531 3043 1507 3228 tiele Brate Bürger und Leuth vongute
527 3161 1418 3339 Geschlechteren darinnen Interessiri,
538 3245 1478 3442 Kürth darnach seÿe der Lientl. Gunter¬
1318 3367 1439 3471 auch
2570 346 2707 441 248.
1693 410 2410 690 Hidolß 1oß.
1659 603 2663 814 auch zu ihme gekommen, und habe ihne ge¬
1648 724 2683 930 fragt, Ob nicht der Marckand Wernier beÿ
1658 826 2683 1006 ihme gewesen? Als er mit Ja geantworfet,
1639 929 2683 1118 habe derselbe ihme verdeutet, Man werde¬
1662 1041 2704 1187 dieser Ursachen halber, mit nächstem zusamen
1653 1140 2679 1299 kommen, da dann Mann etbas abreden Berde,
1671 1251 2686 1398 Er Zueter Bolle Ihne dann deßen Avertiren
1663 1350 2379 1486 Damit Er sich auch einfinde. s.
1658 1446 2574 1596 In der That seÿe er nachhero von dem¬
1644 1545 2662 1672 Wermer oder von dem Pueter Berichtet Bor¬
1647 1634 2642 1761 dden, die obgedente Versammlung seyn auf den
1661 1744 2622 1868 Tag angestelt, habe ihne auch gar pressirt
1655 1832 2615 1967 darzu zu kommen, belcher er sonsten nicht¬
1658 1920 2659 2058 gethan hätte; Inmaßen er nicht inserauch
1654 2034 2540 2145 habe deß Nachts von Hauß zuhgehen;
1659 2106 2652 2244 Endlich habe er sich doch bereden laßen, auf
1652 2225 2553 2342 die deß Nachte umb Eilsf Uhr bey dem
1646 2311 2653 2458 Kupster im Sulgenboch angestellte Versamm¬
1661 2405 2664 2542 lung sich zu verfuegen, Allwo ihrer 13. zu¬
1646 2499 2671 2639 Samen kommen. Erzehlte hier die in dieser
1663 2591 2695 2745 Versamblung vorgegangene Sachen gantz gleich,
1655 2689 2551 2848 Wie die überigen schon hievor verhörten
1663 2777 1937 2898 Inquisiten.
1659 2867 2640 3011 Er bekenne, daß, da er dorten gebesen,
1669 2971 2662 3130 und wieder sein Vormuhten gesehen und ge¬
1664 3076 2695 3235 hört, bas darbeÿ vorgegangen, seÿn ihne
1676 3177 2623 3317 ein Graußen und Schreiben angebommen,
1660 3284 2678 3442 mithin eine angemeine Reube, daß er sich
2520 3399 2611 3510 zu
