3024 4032
381 421 514 515 241.
545 429 1426 704 Wolgang Rudolf präust:
551 639 1479 828 Bare ärger, als bie es jetzo seÿn; darauf¬
542 728 1470 922 der Babriel Bueter Beiters gesagt. Mau¬
565 850 1471 1015 Wolle Niemand offendiren, aber Bebalt¬
565 940 1480 1092 mit Gebolt vertreiben; Er Inquisit hab¬
574 1054 1466 1197 ihme hierauf gerachten, er solle die Sacher¬
566 1150 1481 1299 esteben, und sich doch Niemandem vertrauben,
557 1253 1460 1387 Bey 4. Wochen hernach seÿn der Gabries
550 1351 1475 1501 Hueter wieder zu ihme gekommen, und Ja¬
575 1451 1484 1585 be gesagt, Es seÿn alles zerrücket und
581 1556 1414 1683 alle Papyr verbront, also solle er nun
581 1647 1486 1767 äußert allen Sorgen seyn, und nur je¬
575 1732 1410 1864 derheit die Bürgerlichen Kreÿheiten.
580 1823 954 1950 schutzen helffen.
569 1922 1492 2037 zu Erd Aprellen seÿn der Lieutl. Bunter¬
554 2024 1480 2150 zu ihmee kommen, und nachdeme sie mit einan
568 2108 1484 2228 der von Togts- Sachen geredet, habe en
557 2194 1474 2312 rlich selbiger begehrt, mit ihme allein zu¬
546 2286 1485 2420 eeden, welches in seiner Werckstatt geschehen;
555 2383 1461 2496 Da habe er ihme eröffnet, sein Tedter Ba¬
548 2486 1491 2602 abriel Gueter habe mit ihme geredet und¬
544 2570 1471 2684 vermeldet, sie sehen Bohl. Sie können sich¬
542 2670 1477 2814 nicht auf ihne verlaßen, bau er doch ge¬
537 2761 1488 2902 wolt hätte, mit ihnen, nach Ienhalt der¬
522 2860 1489 3008 gjenigen Schrifften, so Gabriel Bunter der¬
542 2957 1463 3124 Kauser verbrönnt, helffen procediren, so¬
531 3055 1465 3207 wäre ihme auch geholßen worden, Worüber
529 3165 1470 3295 der Inquisit geantwortet: Sie Berden
1300 3250 1455 3351 Huuter
522 3257 1295 3432 gar nit reussiren; der Lieutl.
1294 3339 1437 3461 habe
2543 343 2673 450 242.
1683 431 2605 665 Wolfgang Rudolsf Mansli.
1672 596 2680 806 habe erbiederet. Sie Glngen Siemand, aber
1673 707 2670 901 ber albas von solchen Sachen verrahte, der¬
1671 822 2701 984 menße eerasirt seyn, und er Inquisit müße
1672 900 2592 1078 der Eyd thue deßhalber, ohne Beiters so¬
1670 1020 2685 1213 Hierauf habe er geschloohren: Do Gass ihme
1675 1126 2629 1265 Bott Selff, wolle er ihne Lieutl, den
1663 1216 2659 1356 Babriel Zueter, Haubtman Händth uns¬
1678 1329 2649 1466 Kerber nicht verrahten, dargegen aber auch
1667 1440 2669 1572 begehrt, Sie sollen ihne auch nicht verrahten.
1655 1615 2651 1771 Am Tag, da Man den Papaguig geschoßen,
1670 1728 2651 1858 habe der Kerber ihne angetroffen, welcher¬
1678 1814 2649 1970 ihme gesagt: Ihr habt den Eydt der Verschlie¬
1679 1921 2648 2056 genheit und ich auch, Sie trauben euch aber
1671 2012 2684 2135 nicht, und mir gefalt die Sach auch nicht recht,¬
1664 2111 2658 2257 der Händtzi Wolle nach Paris, und buße er¬
1680 2211 2668 2349 nicht, ob inzwoischen die Andern die Sach aus¬
1671 2308 2633 2444 führen sollen? Worauf er Inquisit gesagt:
1687 2402 2653 2540 Sie Bollens bider Raht und Bürger die Ge¬
1681 2509 2708 2635 mein aufrichten, und derselben den meisten
1673 2607 2654 2747 Gebalt der Burger zuschantzen, allein der¬
1680 2702 2690 2833 Stand seÿn jetzt in seinem grösten Lustre und
1678 2802 2689 2915 Glor, und es thäte aus Übel nur arger Ber¬
1692 2898 2554 3027 den, Ban die Burger Meister Bären;
1672 2985 2738 3130 Dieses habe er mit so vielen und guten Grunden
1675 3088 2650 3228 belaefen, daß der Kerber sich damahlen¬
1700 3184 2715 3327 entschloßen, Er wolle forthin nichts mehr mit
1690 3278 2275 3420 dieser Sach zu thun haben.
2429 3412 2571 3535 Nach
