3024 4032
472 252 607 360 146.
541 331 585 395 16
679 258 1484 482 Micheli duCrest
482 361 655 472 ca.
609 471 1574 643 convenir, disand quil navodt aucun di¬
582 588 1564 731 que fuster luj ause did, quon prendicit e.
609 686 1569 842 armes, mais bien quil Croyoid que succi
601 782 1545 935 Petoit cxprime quil pouroit bien se fai¬
604 900 1575 1039 un Coupde mains, et quil navoit pas repo¬
591 985 1538 1122 dio la dessus, nauant pas bien compris ce¬
582 1093 1287 1240 quil avoit voulu dire par la.
571 1211 1541 1338 ppourne qui est, de ce que fueter bepose, quie
591 1289 1526 1434 ajoute, quil lii parroissoit que la poire
603 1403 1513 1538 comenioit a se meurir; Gl repond. quie
598 1490 1551 1634 re vent ni laffirmer ni le mer, ne Sacham
585 1592 1357 1734 a quoy cela pouvoit etre relatis.
580 1693 1481 1886 Wurden hierauf beyde wider an ihr
626 1839 974 1984 Ohrt geführt:
546 1940 1365 2113 Actum den 8ten Julyi 1749.
2788 46 2921 162 147
1802 190 2671 470 Aeste Eamen
1784 407 1856 510 E
2041 403 2191 494 mit¬
1737 408 2455 623 Misze, olselss
1702 545 2893 816 Sis lors quil fut detenii a darbsurg etque
1702 666 2792 944 PL. 6 F. Jur ses Sollicitations accorderent¬
1689 769 2866 1017 quil put etre transporte uj jene Netord
1681 910 2787 1113 pas formellement engage de se condiire
1695 1003 2778 1211 hunquillement, et sur tout de ne poind
1690 1118 2827 1318 entretenir des Correspondames suspectes
1698 1264 2862 1452 muil avouoit, quapres plusieurs Entretiens
1670 1386 2783 1555 quil avoct eu a se sujet avec Mons. le
1666 1468 2854 1652 Eomandant Loch, j avoit donne sa delara
1674 1600 2794 1767 tion par eerit, par laquelle il detort
1672 1703 2708 1861 engage de ne tenir ni de conversation
1662 1801 2810 1947 Dangereuse in des Correspondances Juspectes
1649 1914 2823 2057 avec persorer; et come on pourrodt doner
1657 2029 2774 2181 aux termes de cette Declaration un Sens
1644 2106 2812 2265 sifferent de celui que lon pouvoct entendie
1625 2194 2735 2379 jl avoit eru devoir ajouter, quen les
1644 2271 2795 2513 expliquant come lon vondroct, jl faisoct
1634 2390 2826 2616 Celle Decluration Sans prejuge ni prejudice
1641 2495 2741 2702 an Droct, quil estimoit davoir dettre
1631 2589 2721 2803 entendi, si besoin etoit sur les Griefs¬
1612 2652 2798 2933 sit an Senatt, toct an Souverain Conseil
1618 2741 2255 2926 du 200. de Beine.
1632 2897 2762 3196 La dessus ayant ite trunsporte ic d avoit
1609 2988 2727 3306 a quoij il Setoit engage enore de plus par
1607 3105 1801 3202 apees
1500 3189 2781 3533 Ex apres avoie ete hansporte in il aocid Sia
1584 1294 1679 1475 2.
1604 653 1730 864 2
