3024 4032
391 481 518 574 478.
564 579 1487 798 aquoj ledit. Peuct. Setant engagt pon
569 693 1484 869 attonchement an Sceptie, que mondit¬
563 773 1482 954 Sicur lemaire tenoit en tes mains, i¬
572 884 1468 1062 Luy a faitles Questions Suivantes
483 1060 553 1189 B.
581 1078 1485 1242 Sulne Scait point la Raison, porla
574 1181 1297 1325 quelle onla fait venirici.
482 1275 549 1401 3
571 1288 1476 1446 Que non, mais quil sest imagine que
574 1378 1487 1578 Cetoit prulctu a loccasion desaffaun
572 1467 846 1580 de Beine.
461 1560 544 1718 8
578 1568 1470 1710 Sil a vu le Nomme Weinier Chuu.
543 1673 1067 1811 ngien, Vouillavu
578 1772 1462 1906 Quil lavoit vuchez Luy il q a lnui
473 1749 577 1894 d
548 1872 1471 1983 rons 15. Jouis, ne pouvant propiemen
533 1965 1054 2090 Se Souvinii du Tour.
471 2064 538 2168 8
572 2067 1080 2185 Sel y ax Sejourne?
577 2173 822 2271 Que non.
485 2178 541 2283 B
569 2245 1455 2384 Combiende temo il apasse cex iugi¬
467 2278 530 2369 8
571 2362 1422 2472 Environs 2 ou 3. Heures Surle Sowr¬
467 2357 532 2470 3
464 2459 542 2574 B.
570 2447 1455 2581 Sil lug a dit le Sujet pourle queldt
521 2536 1111 2662 Etoit dano ces Quartias?
456 2612 1450 2770 R. Quenon, mais que luy ayant demasten
512 2700 1449 2848 deskouvelles de Beine, il Lug avor
504 2793 1447 2937 quil y avoit in Cectain Nombre de Senti
518 2887 1448 3045 aux Aricts a Cause deces Broullau
515 2978 1438 3156 Interiogi, ceque le dit Wernicslun ao
438 3027 505 3156 F.
512 3085 1416 3248 Dit deceo Brouilleries &t des Aucts donl
508 3227 1080 3343 a de Certaines persones.
427 3300 1431 3467 d. Qucledic Uariceluy adoit dit, quect
1225 3372 1425 3491 Hau
1517 3029 1581 3131 d.
2564 477 2714 568 4991
1634 550 2687 713 Cause de Certaines Nouveantis que L. E. E
1624 664 2680 815 dovient introductes, dontla Bouigeowie s0r
1620 766 2690 935 plognoit, que cette Convusation ne duca¬
1612 857 2662 1015 queties peu de dems, parce quetant Chirur¬
1621 956 2663 1114 igien, il lentietin dela maladie desa Teme¬
1555 1183 2604 1308 3. Interogen si Wunier lugdit, quil ltoit¬
1609 1276 2651 1396 du nombre des Complaignants Bouigevisde
1610 1377 1792 1474 Bune.
1604 1437 2622 1594 Repondu Que ledit Weinier lug avoit dit
1601 1568 2643 1689 quenon, Mais quon luq avort comunigue
1591 1669 2584 1784 le Seciet, sans avoir jamais assiste aux¬
1585 1755 2623 1882 assembleis tenues a cesujet, Et que cetort
1587 1846 2635 1981 son Frere qui luy avoit fait la confidence¬
1582 1956 2562 2070 detoute cette affanie: deplus queledit
1587 2038 2618 2175 Weinier lug dit, quil y avoit une Journee
1579 2139 2615 2275 maiquee pour Execution, de Luudesseins,
1578 2196 2631 2358 Sans lu zuy designei, ne indiquer, sul quoi
1582 2304 2624 2460 Lug Periet deposant luy demanda, Sil Etort
1583 2410 2522 2541 viaj, come onte publivit, quon voulut¬
1580 2494 2629 2642 mettre le feu a la Wille de Berne, & masa¬
1573 2598 2622 2742 nerer temagistrat, a quoj Weinic Lug¬
1582 2662 2634 2834 Repondit, quil ny avoitrien de Sembla¬
1579 2766 2255 2913 uble a legard del Incendie.
1592 2855 2644 3037 Intenoge, ce que Weinier Lug avoit repon¬
1576 2947 2152 3092 du quantan Masacie.
1603 3026 2563 3231 Quela Reponsede Wenier ne fut ny.
1572 3137 2647 3336 affirmative ny Negative, sice nest, que¬
1565 3238 2645 3420 quant an Masacie General de Toutle Senat,
1592 3333 2538 3509 illa naniveroit pas, puisquon avoit,
1586 3397 2524 3615 Resolu de Mettie des Gardes de vant les
2314 3596 2580 3696 Maisono-
