3024 4032
457 2397 547 2516 4
435 2662 512 2783 H
546 396 664 499 310.
854 408 1345 569 Krister Roder
692 597 1565 806 mit verdeuten, Man berde dorten elbar¬
676 715 1564 913 von denen Bürgerlichen Freyheiten allesen,
661 815 1544 979 so geantbortet: Er solle ihme morgeer im¬
675 900 1522 1074 Vorbeygang ruften; Moredrigen Sn
676 994 1543 1161 sege er zu dem Meger gegangen, welchen
663 1097 1528 1248 Er aber nicht angetroffen, darauff er¬
662 1180 1516 1346 wieder nach Hauß gebühret, und Ihaer in
654 1278 1524 1432 dem Sinn nicht in den Sulgenlach zu gehen¬
658 1360 1520 1538 Im Statt abgehen aber habe er den Licutz¬
654 1468 1513 1613 mant Punter und Rudels Myß vor de ß¬
636 1553 1514 1698 Kunters Hauß angetroffen, da der 2. tr
639 1627 1507 1774 mit ihme auf die Seithe gegangen, und ihm
615 1720 1478 1875 gefragt habe, Ob Er nicht kommen wolle?
624 1831 1481 1963 Er berden viele Brate Ehrliche Keuthe¬
617 1918 1478 2054 kommen, und unter anderen auch der
610 2006 1490 2148 gegenbärtige H. Wyß, dadurch er sich¬
602 2100 1482 2242 dan bewegen laßen, leicht sieniger Weise
590 2178 953 2306 Dorthin zu gehen.
599 2367 1463 2499 Ob Ihme deßthalber nicht ein mehrers¬
568 2479 1457 2628 bekant, Als bas Er anjetzo außgesagt.
552 2649 1464 2797 Mein. Bezeuge mittin, daßer die vollige¬
533 2770 1462 2896 Mahrheit über alles, was Ihme deßohrts ie¬
520 2855 1240 3008 Wüßen, von sich gestellet habe;
499 3053 1335 3211 Seye ihme Perthlich leyd, daß Er¬
495 3171 1105 3314 diesen Sehler gefallen
1123 3267 1293 3396 Gitte
1790 325 2354 567 fuste Roder¬
1716 535 2641 772 Git Gott, und eine hohe Oberkeit
1774 641 2489 839 lich Verzeihung und Grod.
1697 873 2524 1083 Abgelesen und bestätiget¬
1703 1043 2649 1223 Actum 21tn Julÿj. 1749.
2635 255 2744 366 34.
