3024 4032
337 504 474 599 200.
577 548 1269 716 Abrahaen Marihtaller
503 687 1445 825 und als er Jegs mit Nein geantwortet
485 803 1442 916 habe der Lieut. Guter zu ihme Gesage
506 882 1420 1012 solle er es nicht mehr thun, es seyn
501 971 927 1099 nicht vonnohten
473 1063 1438 1199 Weiters habe er ihne Anoch befragt
489 1154 1443 1282 Ob er lüße, daß die Reißgelter nicht
496 1240 1489 1385 mehr vorhanden, worauf er geantloorget
486 1319 1101 1479 Er luße nichts datan.
622 1422 1483 1552 Die Racht darauf habe ihme Lantz
470 1509 1444 1664 Sueter gesagt, was wuedeß du dazu¬
494 1612 1428 1780 sagen Marchtaller, wan ihr enwere¬
507 1703 1474 1837 Alte Preyheiten wieder bekomen burden
491 1795 1476 1950 Aber ehe und bevor ich dies stage, muß
487 1903 1453 2041 du mir einen Eydt thun; dieses habe
484 1999 1434 2128 er nicht thun wollen, es habe ihme
474 2076 1470 2239 gegrauset, seye davon gegangen, und¬
474 2189 1465 2332 habe hernach etwelche Wochen verdinget.
622 2284 1448 2423 Bey der letsten Wacht, alß
472 2376 1393 2505 Morndtigen Tage der Lieutl. Pueter¬
470 2422 1487 2613 auestirt borden, haben sie in der Nacht¬
470 2548 1471 2730 da sie Kande gemacht, etwelche Herren
464 2637 1475 2840 bey dem Instul Gaßli angetroffen, von
456 2757 1442 2909 welchen der Lieuth Pueter ihne Jegt
438 2873 1464 3054 gefragt, Ob er diese Buben gesehen¬
428 2942 1482 3172 habe woruber ersich sehr verwinderet
435 3027 1493 3266 daß er diese Herren Alls betitbn dorsen
440 3148 1480 3376 der Kentl. Guter aber habe auoch hie¬
429 3224 1484 3488 zugethan, Wann sie mich angegefte
443 3385 1310 3607 hätten, ich hätte ihnen wollen ih.
2497 362 2659 479 201.
1713 501 2466 697 Abraham Marthaller
1590 610 2660 852 Woraufhin er ein bistolet auß dem Sach
1601 741 2705 966 gezogen, und solches ihme Jegs. vorgewiesen.
1757 850 2687 1024 Es seyen Offt Herren zu dem Lieutl.
1592 933 2709 1102 Buter auf die Nacht gekommen, von welchen
1608 1060 2635 1206 er den Chorleibel Scheurer und Gerber
1584 1138 2677 1311 Ruhn gebaut, die übrigen Aber habe er
1611 1263 1968 1400 nicht gebaut.
1668 1332 2626 1489 der Inquisit bezeugete hierbey. Es
1594 1438 2689 1603 Vege falsch, daß er Lieutl Guter gesagt habe,
1600 1552 2667 1684 Es freywete ihne, wann er hörete beißlen,
1597 1635 2607 1783 und daß er bey entstehendem Leemen
1602 1734 2671 1870 Tromel schlagen wolte, Indeme ihme der
1576 1835 2685 1956 Rieutl. Puter von Lermen und dergleichen
1582 1925 2544 2068 Sachen gar nichts geredet, welches ohne
1585 2013 2620 2165 Gleifel geschehen, weilen er den Endt
1610 2128 2122 2250 nicht thun wollen.
1597 2189 2689 2354 Actum durch Mehguhhlen die Exami¬
1593 2305 2499 2458 vatoren Vorgemelt den 9. Juli
1897 2410 2107 2536 1749.
