3024 4032
339 2905 459 3061 he.
340 3217 476 3358 Auts
385 414 496 535 14
678 418 1460 605 Dilaus Bermer.
526 577 1361 741 nemung auf ihme gefunden worden.
542 755 1570 917 Ob er infolg seiner Verpflichtung leuthe ange¬
408 786 521 906 Be
537 879 1331 1003 borben, und ber dieselben seyen?
399 975 1475 1123 Antl. Nachfolgende habe er angeborben:
393 1135 1517 1301 Wernier, stein Inquisiten Bruder, der Chirurgus.
385 1260 859 1403 Bolz. Marchand.
386 1359 1568 1524 Wyse. Sudolsf, der Stuben schreiber beym Möhren.
377 1464 842 1610 Brast, paul.
516 1634 1550 1797 Ob ersonst niemand, als obige, angeborben?
394 1630 504 1772 E.
384 1821 1543 1999 Antl. Nein, so er in Eydt auffgenomen, beine, als¬
487 1953 1524 2082 Obige, mit andern aber habe er noch geredt;
481 2044 1573 2178 Mit dem Lieutz. handzi habe er unter Verdeck¬
471 2134 1541 2270 ten Worten dason geredt, belcher ihme Ober¬
472 2235 1583 2374 Verdeutet, er buße schon, wovon er reden Bolle
476 2330 1568 2462 sein Bruder habe ihme alles dißöhrtige comuni¬
483 2424 1547 2559 cirt; Item habe er auch mit dem Reinhart
455 2530 1576 2688 seinem Schwager gesprochen, er habe aber selbige
497 2608 1428 2785 nicht in Eydt aufgenommen, sonder der
470 2741 947 2894 Leutz. Gueter.
474 2927 1562 3100 Ob alle diejenige, belche auf seiner Liste auß¬
477 3034 1549 3209 geseichnet sich befinden, den Eydt abgeschlohren2
471 3232 1578 3407 Man habe ihme anfänglich die Liste übergeben,
453 3351 1564 3502 daß selbige alle geschlooren, Nachbährts aber
1645 1001 1767 1142 .
1711 1116 1751 1229 C
1609 1288 1756 1406 Anko
2724 378 2853 499 13
1962 409 2785 613 Dilaus Bernier.
1749 584 2841 747 habe man ihme gesagt, der Goldschund Wernier,
1757 709 2798 831 der Buchbinder Jägg, und die beyd Hhl.
1771 791 2816 955 Angstürger habind den Eydt nicht prostirt.
1763 968 2844 1128 Ob ihme nicht von Mühel, du Crest bekandt,
1776 1069 2782 1231 und ob er nicht auch mit ihme geredet?
1769 1247 2898 1435 Er habe ihne nur ein einzig mahl bey dem Lientz
1773 1348 2908 1511 hueter angetroffen, aber noch mit andern Persoh¬
1772 1445 2905 1592 nen, und habe ihn nicht gebenet, auch absolute
1775 1542 2870 1702 nichts beder, damahlen noch nachbahrts, mit
1777 1637 2823 1800 ihme geredet; Der Lieuth. Gueter aber
1759 1744 2923 1895 kürtzlich, nach deme er ihm Inquisiten angebor¬
1755 1840 2902 1989 ben, habe ihme gesagt, der Mihel hüße das
1779 1952 2917 2106 geheimmiß, und er Inquisit Glaube selbiger
1773 2046 2918 2196 habe darzu geschwohren, Glaube der Lieutt:
1710 2151 2934 2292 gueter habe ihme solches gesagt, doch könte er
1776 2242 2936 2385 es nicht precise versichern, Aber das seye Ge¬
1767 2336 2915 2491 luß, daß der Liente. Gueter ihme Inquisit
1780 2434 2900 2595 eröffnet, der Mihel seye schon eine Zeitlang
1770 2540 2925 2712 Vor ihme Inquisit in dem geheimmuß gebesten.
1627 2700 2923 2899 Er. Von bie mancher Versamlung ihne bebußtsteye?
1636 2911 1776 3023 Ants.
1775 2863 2850 3107 Von zbegen Versamlungen, und steyen seines
1787 3037 2936 3213 baßend, nicht mehr gehalten borden; die erste
1761 3137 2951 3324 Versamlung seye letzt verleichenen Mittwochen,
1790 3220 2956 3429 Acht Tag in H. Küpfers Hauß im Bulgenbach
1771 3350 2932 3525 gehalten worden, bey welcher 1. 3. Peosohnen
2698 3503 2850 3658 sich
