3024 4032
447 331 567 454 239.
766 426 1358 623 Lieutenant Handtzi.
591 522 1527 743 solle enthalten seyn, Ob und ban man sie er
583 665 1526 843 greißfen wolle; daß er aber gesagt habe, wen
611 756 1528 945 as zu der Execution komme, solle man mach n
605 856 1499 1025 Conte qui coute, seye allerdings nicht bahr¬
605 933 1514 1112 von der Execution habe mann nicht geredt, us¬
615 1043 1508 1215 Bau man dervon hätte reden wollen, hädte
601 1118 1508 1317 es burden heißen, Es seyen zu benig leuth¬
592 1212 1041 1349 in der Versamblung.
547 1302 1514 1524 Daß Er von Nidermachen, im Fall, Wider
590 1444 1487 1583 setzens geredt habe, seÿn Allerdings nicht¬
581 1546 1504 1694 Bahr, eben so lörnig habe er gehört reden von¬
571 1635 1010 1760 Häußer anfunden.
573 1803 1174 1942 Abgelesen und bestatiget.
544 1940 1390 2162 Ertum d. 10. Juy 1749.
1825 395 2400 560 ziteytes Framen
1951 518 2104 610 Mit-
1678 526 2510 765 Laen Frdris Haudl.
1612 873 2641 1046 Man terhoffe, er berde sich sinth seinem
1683 998 2673 1152 Ersteren Examine einer beßeren Besinnet
1661 1115 2685 1249 haben, und Berde nunmehro in sich selbsten gehen
1679 1209 2616 1321 mithin die Wahrheit Bekennen über alles,¬
1664 1296 2664 1438 War ihme von dieses leydigen Comploto Begen¬
1670 1412 2646 1536 in Mußen seÿe, insonderheit aber das jenige
1661 1500 2595 1657 offenhertzig außagen, bas er Persöhnlich¬
1650 1608 1989 1731 dabey verübet.
1601 1778 2629 1919 Darauf declarirte er: Er sey von Marchand¬
1628 1872 2614 2011 Wermer in die Versammlung zum Küpfer in¬
1632 1957 2617 2083 Sulgenbach geführt worden, welcher Wermer¬
1630 2055 2611 2192 ihme von unterschiedlichen Sacher, als von Raht¬
1609 2147 2343 2284 hauß, Zeug Hauß Eimene p.
2342 2208 2531 2296 ge¬
1626 2246 2597 2393 sprochen, mit Verdeuten, Mann werde über¬
1618 2348 2627 2523 alles hernach die völligen Mensuren eineus¬
1689 2450 2564 2605 In der Versamblung dann seyen viele¬
1612 2541 2589 2696 Propositidum gemacht worden, Maßen die¬
1605 2649 2625 2787 Einten gesagt, Man müße etban 200. Man¬
1611 2735 2624 2905 haben, Andere, Man müße sich bewehren s.
1591 2817 2588 3009 Noch Ankere haben geredet, sie seyen noch nicht¬
1605 2915 2595 3088 leuthe genug, das Vorhaben seyn starde; Wan¬
1593 3028 2603 3191 sie denn stärcker an Leuthen seyen, solle man
1611 3126 2260 3275 noch eine Versamblung halten.
2118 3346 2340 3505 De
2658 287 2769 406 269.
