3024 4032
320 259 440 358 318.
612 227 1429 510 Griderich Kupher Genden
521 465 1435 697 eint und Ankers abgelefen, und darauf¬
520 598 1424 766 habe Mann den Eydt der Verschliegen,
524 688 1411 874 heit geschlohren: Darnach sagen sie in
530 794 1429 982 ein Stublein gegangen, Er Inquioit aber¬
517 887 1409 1066 seyn neben außen gebesten, da habe Er¬
528 1012 1423 1155 ten Rudelst Myß und denen beyden
526 1086 1418 1253 Gebrüederen Kupster gehört, diß seynn
533 1193 1431 1353 Sachen von großer Consequenz, Man sollen
533 1283 1433 1434 einen Project machen über ihre Klagdten,
528 1393 1442 1542 und dan Supplicando Mrgsh an nachteilen
524 1479 1429 1617 Ein Eintziger, welchen /: weilen er selbsten¬
528 1579 1438 1720 nicht im Stübli, sonder vor ausen gebesen
537 1674 1423 1798 er nicht zu nambsten loußte, habe gesagti¬
518 1759 1425 1887 Man solle die Sach mit Gebalt der Maasten¬
540 1848 1433 2003 außfüehren, welches aber die Anderen
564 1962 1203 2097 etapprobieren wollen.
505 2123 1428 2269 Auf dem Heym Meg habe er gehort,daße
514 2224 1424 2356 Rudold Mys zu Haubtmann Handige¬
525 2318 1419 2442 sagt, daß er mit der Sach nichts mehr¬
532 2403 1417 2539 wolle zu thun haben; Er Inquisit habe¬
508 2499 1413 2649 Zbar nichts gesagt, aber dennoch bey sch¬
510 2580 1359 2739 selbsten die gleiche Resolution gefaßet;
525 2696 1412 2836 Wider zuvor noch hernach habe er von
513 2767 1423 2929 dießen Sachen mit keinem Menschengered
497 2876 1422 3023 Wohl. habe am Abend vor der entdeibung Ju¬
505 2970 1411 3137 mand an seiner Haußthur angeblosset,
498 3064 1414 3239 läiße aber nicht, wer, er habe nicht bei
492 3219 930 3344 rschund geben bollen.
1166 3247 1356 3396 G. d.
1496 1791 1571 1923 9
1475 2139 1581 2257 2
1508 1009 1589 1147 2.
2472 253 2578 335 319.
1613 242 2528 486 Gudicrics Rupfer. Grodbub
1605 463 2526 652 Ob Er in der Versamklung nicht gehört, Man
1599 593 2506 738 ol. des Project mit Gebolt aus fuehren,
1590 712 2474 838 us alles, bas sich biedersathe, nieder¬
1589 812 1841 955 machen
1623 968 2436 1137 Der Licutenant Handtz habe gesagt:
1592 1117 2475 1234 Man mineße Gebalt brauchee, und ban
1589 1208 2483 1330 ihrer 100. segen, so seye es genung, und¬
1583 1308 2450 1439 diejenigen, so sich ihnen Bidersethen
1599 1400 2435 1521 wollen, solle man niedermachen, die
1600 1500 2459 1625 Anckeren mehrentheils aber haben
1589 1585 2094 1713 dießer desapprobirt.
1610 1776 2439 1899 Ob nicht auch damahlen geredet borden,
1585 1870 2483 1995 Man bolle Rath und Bürger absethen, und
1584 1959 2367 2085 ein Riube Regierung aufrichten?
1597 2136 2460 2263 Es seÿn geredet borden, Man Bolle
1599 2232 2468 2346 ein Memorial, die Klägden der Bürger¬
1571 2325 2459 2459 schafft inhaltend, aufsehen, und Mugt
1589 2410 2469 2528 vortragen; Aber von Rathun Bürger
1595 2499 2465 2635 absetzen, und Aufrichtung einee nüben
1602 2606 2461 2718 Obrigkeit habe er nichts gehoret. Ad.
1590 2648 2495 2823 zulezt nach verführtem Examine sagte
1589 2776 2486 2918 er, er errinnere sich jetzt, daß gerrdet
1592 2875 2502 3003 Borden, Man wolle zbar nicht den gantzen
1592 2969 2495 3094 Magistrat, sondern nur etbelche auß
1607 3053 2514 3188 demselben, absethen, War aber solches ger¬
1604 3166 2523 3300 eedet, daran konne er sich einmahl, begen
1590 3256 2547 3384 seiner schbachen Gedachtnuß, nicht ereinneren
