3024 4032
380 484 527 584 458.
670 500 1306 707 Erstes Eramen
887 679 1011 779 mit
541 726 1496 980 Rudolf Meiner, dem Sila
567 868 1476 1044 Chuurgo, Atatis 33. Jahr, ohnter¬
722 983 1120 1096 "henrethet
547 1145 1471 1332 Wurde zum vorauf Ernstbortigke¬
552 1276 1479 1415 "mahnt, eine freye, offenherzige Be¬
566 1361 1487 1518 kantnuß zu thun, über alles dasjenige
562 1459 1476 1605 so ihme deß belaußten leydigen Com¬
551 1569 1486 1709 plots wegen in Wißen, und insonder
548 1672 1465 1818 heit loin leit er sich Persöhnlich mit¬
557 1739 1476 1902 Worten oder thaten darein implicati¬
563 1859 1474 1977 Allermaßen er leicht erachten könne,
557 1944 1472 2073 daß durch die Vergichten der berects-
566 2043 1477 2175 Beurtheilleten Complicis man seinethele
555 2144 1476 2275 schon ein völligen Bericht eingeholet,
556 2240 1477 2359 Derobegen er die runde Mahrheit an¬
569 2340 1458 2465 Tag geben, und nicht den geringsten
564 2437 1268 2560 Umbstand verhällen solle.
553 2519 1454 2673 Morauf der Inquisit folgende
536 2566 1470 2772 Außaag von sich gestellt: Es seyn de
553 2690 1456 2851 16. Puny letsthin gebesten, als sien
549 2746 1475 2937 Brucker der Marchand nach dem Mile
543 2862 1458 3058 Eßen ihne Fraußer im Spidahl bhot
550 2970 1455 3121 und nach deme er ihne Vererst von
547 3041 1454 3231 Familien, und Haus, Sacher uee
537 3158 1427 3338 halten, habe er ihme Verdeutet, E
529 3233 1467 3417 hätte ihme noch etwas lichtiger N
536 3318 1467 3531 offenen, so ihre Famille und iet
1378 3477 1434 3556 1
522 3454 1352 3623 ihne Inquisiten Betreffe, Allein¬
2544 571 2668 693 109.
1698 610 2412 788 Rydolp Mernier.
1649 771 2641 900 könne solches ihme nicht offenbahren, als
1653 857 2613 1012 unter Verbindung eines ExdSchbuhrr
1631 951 2601 1103 daß er Niemandem davon nichts ent¬
1637 1051 2592 1197 decken wölle, Er Inquisit nun, nicht
1638 1147 2601 1289 glaubend, daß diß geheimmuß daher¬
1635 1246 2574 1387 auß komme, sonderen in der völligen
1634 1344 2567 1470 Persuasion, es seyn lediger Dingen umd
1635 1434 2576 1561 Sachen zu thun, die ihre Famille ansehen
1625 1528 2564 1655 habe nach dem begehren seines Bruders
1622 1621 2553 1765 Ercklich, unter Anruffung deß drey¬
1635 1733 2544 1858 Einigen Bottes, bezeuget, völlege Ver¬
1626 1811 2552 1933 schliegenheit zu halten, Worauf ihme
1618 1893 2219 2009 sein Bruder verdeutet:
1631 1983 2559 2117 Akle Bürgerliche Kreyheiten Berden¬
1635 2071 2565 2187 unterdruckt, die Bürger in allem hindan¬
1626 2170 2580 2313 gesetzt, mit Auflaagen Beschbährt p. p.
1616 2260 2444 2378 derobegen schon sinth 9. Monath ein
1625 2331 2534 2484 Project obhanden, das Regiment abzuän¬
1621 2428 2540 2569 deren, Er Marchand Wernir seyn schon
1611 2509 2481 2643 sinth 4. Monathen in diesem Project.
1719 2596 2529 2738 Worauf als Er Inquisit seinem
1622 2682 2541 2822 Bruder Einbendungen gemacht, über die
1627 2766 2570 2889 Thorrheit und Gefahr dießer Unterfangens,
1604 2846 2544 2990 habe ihnen derselbe verkentet: Sie seynn
1616 2932 2581 3079 der Statt Macht versicheret, können sich der
1619 3032 2514 3173 Thoren bemächtigen, und 600  a 800.
1616 3133 2577 3265 Bauren hineinlaßen, dan Berdemann
1626 3224 2569 3372 der Bürgerschafft ind Gelechr rusten, de
1598 3324 2580 3467 Standes, glieder aber bey Lebens- Straffe
2275 3429 2582 3538 Vermohnen
