3024 4032
456 289 586 392 130
721 272 1514 489 Haubtmain Küpßen.
436 355 624 480 M
580 484 1577 672 Behalen Versamlungen und zusammenkunse
587 620 1580 754 aneleigen Orthen, in und außertder Statt
565 708 1574 869 Er habe ihne auch Rachpistolet vorgebießen,
570 829 1563 967 und darzu gestagt: daß der erste, so etwas ent¬
586 923 1570 1055 decben werden sterben müße, Sie haben auch
585 1008 1559 1162 Bulfer, Bley und Gewehr an End und Orthen,
557 1104 1537 1258 Der Lieutl. Weyerman seye bey diesem allein
562 1214 1550 1353 zugegen gewesten, habe ihme Mermer aber
574 1312 1561 1448 Allerhand Objectionen gemacht. Weiters habe
574 1393 1535 1532 der Wermer noch verdeutet. die Stattforten
563 1491 1529 1627 seyen in ihrem Gewalt das Vollherem zu
557 1595 1545 1740 laßen, sie haben officiers und StatttRächter
551 1695 1539 1842 die selbige öffnen werden, Es werden 500.
547 1798 1531 1931 oder 600 Mann in der Statt agieren, und
540 1872 1521 2017 dan die andern bie ein Wetterbeucht anvom
535 1978 1524 2134 men, da sie sich so dann auch deß Zeughän¬
532 2054 1254 2190 stes haben bemächtigen wollen
566 2161 1513 2316 den Eyd schwuhr habe man ihme nicht zuge¬
537 2225 1506 2403 nuchtet, auch er sich weiters in keine Ceise
506 2371 1521 2488 noch weg eingelaßen; Der Weeiner habe
511 2450 1514 2581 ihme noch gestagt. Er wolle in kurzein zuder
495 2532 1490 2684 zu ihme kommen, und ihme alsdann ein
502 2633 880 2757 Mehrers stagen
484 2736 1460 2878 Actum in der Obern Gefangenschafft, durch
477 2812 1485 2992 Mohgshl. Herren Vener Im Hochte herren Rohtsherr
444 2909 1489 3065 von Srafenried, dene Melohhl Herren Landrog
453 3003 1466 3165 Steiger von Trachstelbald, H. Umbgelterer
440 3121 1466 3268 Lombach, H. GroßWeibel Willading, und
438 3208 1375 3385 vicl Brichtschreiber von Mühlinen.
485 3304 1087 3449 de 89 Julÿ 1749.
1798 247 2752 523 Oberstes Geamen.
2077 438 2232 517 mit
1735 430 2806 689 Haubtman Kürfzer.
1716 598 2868 856 Alß diester Inquisit nochmahls bescheiden.
1759 768 2844 957 gensthafft vermahnt, und in Mehrerem
2785 859 2820 916 6
1756 880 2867 1047 über die Hergangenheit der Sachen, und
1731 958 2892 1145 keine Beitere Bekandtschafft davon befragt,
1702 1116 2471 1259 und bxaminirt worden
1696 1176 2779 1366 hat er lediger dingen sein hievoriges
1693 1291 2868 1475 Erstes beamen in allen seinen Umbständen
1708 1400 2761 1548 nochmahls biederhohlt, und bestähtiget;
1708 1508 2793 1634 Mit betheuren, daß er sonsten diß ohres
1713 1613 2710 1761 nichts luße, noch fehrners etwas zu
1690 1728 2196 1844 Deponiren habe.
1707 1883 2731 2078 Actum den 22. Juli 1749.
2301 2024 2602 2158 Di
2796 119 2952 250 221.
