3024 4032
325 243 482 359 834.
411 530 486 689 2
433 1048 493 1154 9
415 1407 509 1552 2
686 217 1133 371 2tes Examen
556 324 1240 515 Mit Rudols. Mus
538 508 1443 728 Von dem Michel, büße er nichts ander
509 626 1429 803 als daß ihme der Marchand Verminn¬
512 726 1419 917 einsten gesagt, dir Micheli gebehren
502 814 654 981 Put.
528 969 1421 1182 Wat ihmen Begen denen Zeichen, hine¬
521 1116 1425 1269 der zuerbennen, und danen, so an den¬
511 1219 1386 1395 Tfeilen sich befunden, bebußt seÿn?
534 1362 1418 1552 Wegen denen Zeichen, Einander zurr¬
516 1511 1417 1676 kennen an den Obersten Kröpffen faße
519 1639 1428 1761 Rocks, confirmirt er, bas schon in diß¬
512 1707 1426 1868 Reinhardts Examen darüber deponii¬
510 1814 1393 1941 borden; von den Pfeileren aber die¬
534 1910 1416 2064 Ohrt Zeit und Stund der Versamblung¬
519 2008 1429 2156 daran zu bezeichnen, biße er nichts¬
497 2179 1415 2321 Bitte dehrichtigst umb Gras, und ver¬
517 2277 1393 2417 Zeihung seines Begangenen Behlers;
527 2358 1424 2503 Welche Gnade Er durch unterthänige¬
514 2457 1425 2600 Traus und Gehorsam Zeit seiner Lebens¬
506 2556 1214 2710 werdke zu erkennen trochten.
533 2684 1190 2882 Abgelesen und Confirmitt.
517 2836 1269 2987 Actum 22ten July. 1749. /
1503 783 1589 900 9.
2503 283 2614 371 335.
1779 356 2114 478 amen
1838 431 2004 564 100i
1616 490 2553 678 Licutenant Ruholsf Weyermann
1607 708 2559 861 Ob nicht bahr, daß Haustmann Keysfer
1606 827 2466 986 ihme von diesen Sachen gereket?
1633 1004 2497 1161 der Marchand Wermer habe ihme in
1590 1125 2521 1258 Haubteman Kupffers Laden gesagt. Er¬
1595 1216 2519 1360 saye nicht nur trauzig Metter, sondern
1603 1318 2521 1457 es sey noch träuriger für die Burger¬
1598 1416 2543 1542 schafft; Auf dieser hie habe er Mermer
1599 1501 2547 1634 eine Schrifft vorgezogen und ihme gesagt:
1581 1600 2513 1729 Er sey, auch in dieser Schrift. Da dan Er
1593 1667 2522 1815 Deponent die Schrifftsehen wollen; habe
1586 1785 2519 1910 selbige eingeschanbet, und gesehen, daß
1589 1857 2521 2012 sie von einer Reccker Regierung handle
1594 1971 2498 2089 und gesagt, er finde zwar nichts böses¬
1587 2058 2491 2180 darum, finde auch seinen Nahmen nicht¬
1596 2138 2497 2261 Hierüber habe ihme der Mermier grant¬
1587 2239 2496 2359 bortet: Nenn, sein Nahmen seyn nicht in
1578 2321 2553 2480 dieser , Wohl aber in einer ankogen Schrifft¬
1590 2422 2539 2554 darnach seÿen Sie die Statt hinaufgegangen
1590 2518 2503 2638 Er Deponent habe aber absolute bußen¬
1592 2601 2499 2723 wollen, bas das für eine Schrifft seyn, in
1574 2690 2523 2818 welcher Man seinen Nahmen aufgeschrieben,
1590 2786 2511 2908 und habe mit Ihme Mermer darüber Ex¬¬
1587 2870 2508 2981 postuliert, und verkeuttet, es bundere¬
1583 2976 2519 3096 ihne sehr, daß man seinen Nohmen ohne
1583 3029 2545 3190 sein Wißen in ein Schrifft thue, deßentbege
1593 3164 2553 3310 Er sie absolutt sehen bolle; darauß habe
2391 3288 2507 3363 ihne
