3024 4032
358 464 487 598 172.
655 457 1146 676 Johanes Jth
458 644 1066 818 Feeyheiten helffen wollen.
562 722 1472 870 Ohngegehe 4 Wochen hernach seye der Boc¬
518 824 1462 951 schund huter zu ihme gebomen, und habe ihne zu
515 915 1486 1049 Mahren gesuchet, hernach ihme gesagt, Er wolle ihm
520 998 1477 1126 etwas Vertrauben, wann er wolle verschwigen seyn,
511 1077 1481 1218 Er Ing habe geantwortet, Es köne wohl schweigen,
518 1146 1486 1303 der Guter aber habe ihme nicht weiters gesagen
515 1252 1459 1396 Alß es seye um die Freyheiten zu thun Mann
519 1336 1432 1470 köne ihme Aber davon nicht weiters eroffnen,
486 1434 1462 1574 sintemahlen er das Geheimnuß dafür geschworen
508 1530 1451 1669 Allein das kone er ihme sagen, daß alles
516 1609 1437 1753 recht, und in denen Alten Ordnungen ge¬
500 1712 1387 1877 grundet seyn, Es solle anderen Bekauten
488 1813 1442 1964 Bürgeren auch davonsagen. In uria auß¬
491 1908 1453 2052 gehends Mag habe er dem Pfister Vyß daton
487 2023 1443 2152 geredet, der ihme gesagt, der Hl. herbort habe
496 2104 1454 2257 ihme dieses schon verdeutet, er glaube es seyn
478 2197 1440 2348 nur eigennützige Absichten, dason sie eigent.
475 2290 1440 2424 lich Duppes seyn müßen. Nachbärts habe der
483 2385 1455 2519 Bold schund Guter wieder mit ihme geredet,
470 2478 1451 2612 belchen mahls er ihme Declarirt, daß bau er
461 2580 1452 2733 von denen Sachen so er ihme strdeutet etwas eit¬
471 2652 1447 2825 dabe, so müße erstreben, ohne daß man sße
471 2761 1433 2914 Wohar es kome; und beilen von diesen Sachen
460 2829 1424 3022 nichtsschriftliches seyn, Wollend sie allenfahls¬
456 2954 1429 3116 Alles laugnen. Kürtzlich darauf, alß er
461 3050 1447 3219 mit geweutem Rolischmid Zuter. dem Her¬
454 3140 1438 3320 und Pfister Wyß zu Taden gegangen, halbe
429 3263 1423 3426 sie von derschrift darinen ihre projectin
2586 262 2743 396 173.
1735 378 2302 608 Gohanned Ith
1566 539 2717 789 enthalten geredet, der Soldsch uns Puter habe assu¬
1578 665 2680 875 mit, selbiger seye parrat, von der Exeuction
1578 740 2691 993 delben dann werde man in der Versamlung
1577 849 2710 1065 rden, Vor etwann 14. Tagen habe ihne der Rols¬
1562 956 2683 1194 schund Guter gesucht, um ihne zu einer Ver¬
1557 1084 2698 1307 samlung vor dem Thor zu führen, Er habe sich
1555 1194 2721 1383 Übio expresse von Hauß gemacht, und in selbige
1567 1279 2661 1482 nicht gehen wollen, weilen sit ihme die Schrifft
1572 1404 2672 1592 nicht vorweisen, und die Soch nicht recht entde¬
1562 1505 2650 1654 ren wollen; hernach habe man ihne wieder¬
1560 1602 2700 1760 mahlen zu der Versamlung am Dontag führen
1550 1701 2704 1872 wollen, habe sich Aber auß Obigen Ursachen auch
1559 1835 2304 1978 bieder von Hauß weggbegeben.
1559 1917 2709 2075 Im übrigen bezeuge er aufrichtig, daß er dazu
1553 2022 2695 2165 nemahlen ein Eydt Abgeschwohren, Niemand An¬
1547 2124 2678 2260 gelorben, beine Liste gestehen, seiner Versam¬
1555 2217 2688 2356 lung beygewohnt, und sonsten nichts gelaußt,
1541 2324 2602 2461 Wer in diesem Complot gewesen, Alß obige:
1551 2399 2596 2565 Wahe seye, daß er einsten gesagt, Er habe
1551 2492 2630 2637 Viele angeworben, Aber das habe er nur
1542 2571 2690 2769 gethann, damit Sie ihne nicht beiters plagen.
1674 2683 2627 2861 Dieses seye nun seine söllige unnd
1536 2755 2683 2965 Auhrichtige Bekantschaff, welche er bey gutem
1535 2856 2020 3027 Gebußen abgelegt.
1538 2956 2285 3174 Autum den 8. Juli 1749.
