3024 4032
585 281 729 413 304.)
942 333 1470 522 Rul er Roder
682 422 1604 781 E lisheg keng aes bers tenle
694 634 1595 873 samblung habe ihne der Licutz: Zuit ei
701 739 1610 964 dem Korn Marckt angetroffen, und gebüß
685 817 1561 1030 daß ein Hare der Sande Eerbehee
686 936 1569 1132 ihme harte Mort zugeredet, darauf er¬
686 1021 1580 1250 ihme gesagt. Er solle Morndrigen Tagsi
674 1119 1586 1343 deß Repfers- Hauß in Solgenbach son¬
674 1222 1579 1437 da man schauben berde, was ein Bürgerter¬
658 1315 914 1441 Recht habe.
651 1492 1494 1683 Dahin habe er sich, leyder, Begeben;
648 1613 1519 1794 grad Anfänglich als er dahin gekomen,
630 1711 1541 1882 Segen Kauthe in einem Stüblin phin, er¬
629 1819 1549 1958 aber seyn in die Scheuler gegangen; Und da¬
612 1916 1533 2090 Sage der Lieutl. Funter zu ihm. Inquisitin¬
598 2024 1512 2176 gekommen, und habe ihne geheisen in das¬
611 2110 1517 2272 Stublin gehen; Er habe aber gesagt, er
605 2222 1506 2370 Bolle Lieber draußen barten, es seyn¬
593 2294 1513 2445 ihme da Gut genueg; der Küpfer von¬
575 2392 1507 2548 Vorlauffen saye auch, gleichieer, voranr¬
555 2497 1503 2651 gefangener Versamblung draußen
552 2614 1476 2734 der Scheulde oder Hänck gebesen, Allbo¬
542 2692 1478 2840 berauf Stecken Such gelegen und geschieffen,
536 2802 1441 2932 der Goldschmid Zug aber seyn auf dem
530 2881 1464 3037 Wege Schildtbacht geständen, und hab die¬
520 2992 1455 3132 Ankommenden gebüfen, wo sie hingehen¬
501 3077 1450 3230 sollen und luße also nicht, bay im Stulli¬
507 3197 1455 3327 vorgegangen, biß umb 12. Uhr, da seyn
478 3286 1458 3439 sie alle mit dem Liecht, in die Schiebe gebeune
1878 374 2410 566 Kuester Roder¬
1788 577 2745 760 Und Haubtmann Handth. habe gesagt,¬
1793 702 2696 847 Man muße zum Merckschreiten;
1790 802 2714 932 Moraufhin selbiger den Eyd abgelesen, ¬
1787 888 2728 1038 welchen sie alle beschworen. Dieser¬
1758 1001 2693 1145 Ers habe die Verschleiegenheit, und die¬
1771 1087 2775 1240 Raach gegen einen Verräther in sich gehalten,
1762 1207 2703 1340 An Mehrers möge er sich, begen dem¬
1752 1293 2696 1420 Unmuth, in welchem Er gewesen, da Er
1746 1380 2687 1535 verfführet, daß diese Sachen nicht recht
1730 1500 2690 1609 seyen, nicht errinneren, Obwohlen dieser
1723 1586 2637 1724 Eyd himlich beitläußig bare. Nach¬
1742 1686 2631 1805 diesem habe es geheißen, Man mneße.
1730 1770 2624 1909 schauben, bie viel sie seyen; darauf¬
1724 1866 2622 2008 der Lieutenant Gueter gesagt, Er helle
1700 1954 2615 2111 Jehund 50. so geschwohren habe, und da
1694 2061 2633 2192 habe man sie bey dem Geschlechts - Nahmen
1703 2144 2678 2301 aucfgezeichnet; Als 5. Bucter; 4. Kupster,
1693 2257 2642 2383 Er Inquisit habe sich auf die Seithe gestelt,
1690 2333 2584 2468 in Hoffnung, Man berde ihne dann nicht¬
1664 2424 2598 2581 sehen; Er habe aber zuletzt der Licuth:
1673 2528 2582 2671 Zueter gesagt: Dasiÿe nach der Meister¬
1661 2617 2622 2773 Roder, worauf sie ihne auch aufgeschrieben.
1685 2718 2583 2867 Weiters habe der Haubtman Handtz
1649 2790 2597 2960 Hleey oder drey Blatt von einem Breyheits,
1659 2922 2529 3059 Brieff von Reiser Friderico, bon auch von
1660 3011 2605 3152 einem Schiin =Brieff abgelesen, an deren
1651 3089 2466 3243 Ienhalt er sich aber nicht errinnere,
1669 3176 2513 3330 Welchemnach Sie wieder in das Stüblin
1653 3305 2568 3442 gegangen, weilen selbiges aber all zu klein
2348 3436 2588 3518 gewesen
2737 360 2848 454 305.
