3024 4032
444 517 509 586 1
447 3171 553 3317 Fei
533 492 642 610 183
790 449 1495 664 (Rilaus Aunit.
624 574 1550 776 Und die deitten vor dem Rahthauß Postern
567 686 632 778 16
634 748 1063 915 laßen sollen
650 872 1608 1053 Ob sie nicht vorhabend gebesten, sich zu erst zube¬
516 933 618 1065 Ie
642 974 1601 1151 baßdnen, und dann nachbührts mit bebahdneter
630 1099 1376 1260 Hand die Vorstellungen zu thun?
679 1233 794 1387 G.
507 1226 646 1372 Autb
634 1327 1605 1522 Ob, im fahl die Vorstellungen nicht ingress ge¬
506 1400 606 1546 dr
615 1481 1603 1612 funden hätten, sie sich nicht sogleich deß Raht¬
596 1570 1590 1713 vnd Zeughaußes Hhötten bemeistern Bollen
510 1682 697 1874 Actb. Ja
632 1792 1617 1984 Manste Aber hierzu Biderstand gefunden hätt
512 1873 596 1985 Hr.
609 1955 1612 2080 Ob mit bahr, daß danzumahlen sie alle diesem
587 2044 1608 2186 gen, so slich ihnen bidersehet, indermachen bollen:
609 2227 1609 2370 Nein, das habend sie nicht abgerahten, aber sie
501 2239 612 2348 Antb.
583 2337 1603 2470 haben sich entschloßen, sich ehender umbringen
587 2420 1615 2555 zu laßen, Alß unten zuligen, in der Executio¬
583 2514 1559 2663 habend sie, das Gebehr nicht offensive sondern
569 2640 1614 2769 Defendive brauchen bollen. Und da der Ing:
564 2722 1617 2850 hierüber in mehrerem gedeukt burde, bebtugte
592 2808 1588 2967 er, daß Sie ihren Oficirs haben Überlaßen
574 2912 1617 3076 Bollen, sie zu comendiren, und hätten ihnen¬
566 2992 881 3141 folg geleistet.
563 3184 1617 3380 Ob Sie nicht auch einen Körgs Raht etablir
538 3300 772 3430 haben
1631 606 1746 734 Ackb.
1664 1421 1715 1483 br
1618 1658 1736 1800 Bo.
1645 1850 1756 1958 2ch.
1627 2138 1706 2258 H.
1636 2373 1760 2575 Acts
2782 363 2869 479 19.
1910 419 2768 619 Nulaus Bernier
1771 559 2874 748 E seyen 4. officier vorgeschlagen borden, das
1762 659 2870 830 comando bey außführung des Projects zuführen;
1757 733 2881 921 und nahmendlich, Leutz. Gueter, damel Bueter
1757 835 2879 1030 der Golschund, Mihel da Crett, und H. Wursten
1752 945 2895 1109 berger; der Haubtman handh: und Undolß beyse
1761 1052 2798 1213 dan haben noch das comando halten sollen?
1693 1135 2872 1309 Das abersteye noch nicht beschloßen gebesten,
1748 1230 2884 1393 sonder davon seye nur hin und her geredtborden,
1751 1325 2915 1506 Aber in einer nachgehenderen haubt Versammlung
1736 1444 2735 1607 habe diß alles sollen verglichen berden.
1764 1600 2942 1809 Ob obiges in der erstenVersamdlung geredt borden?
1773 1779 2924 1971 Man habestehbigen mahlt davon gereit, und auch
1767 1943 2802 2101 schon Vorheroseye dasen abgeredt borden.
1756 2081 2922 2295 Ob nicht bahr, daß in obiger Versamlung ein Eyde
1745 2239 2944 2402 geschboren borden, und basselbiger Insich gehalten.
1779 2380 2851 2594 der Haubtran Händ habe einnenscheifftlichen.
1755 2532 2939 2690 Eydt abgelesten, belchen alle an bestende beschworen
1729 2642 2937 2788 deß inhalts, daß sie einander biß auf das äußer
1743 2733 2895 2890 ste unterstüten, und den Project ins Gesambt
1767 2807 2930 3031 Außführen bollind, doch alß, daß, beilen Ver¬
1745 2939 2901 3117 schiedene Meinungen gefallen, einem jeden
1743 3033 2909 3190 das seinige Vorbehalten seyn, und dann in einer
1769 3138 2921 3335 nachgehenderen Versammlung, da umb die Verchr¬
1755 3265 2925 3410 dene Meinungen, diesen Project außzuführen,
1737 3344 2910 3532 solte gemehret berden, die jenige Neinung
2689 3523 2907 3633 Belche
