3024 4032
169 417 200 464 1
269 321 395 413 140
469 279 1163 518 Haudtman Hand
280 375 475 510 2262
392 486 1375 693 zogen zu berden; Demnenach sagte er¬
379 619 1381 769 Es wolle alles bebenen, und erlautherete sich¬
398 754 1397 882 daß ihr Complot dahin geziehlet, mit gebag
401 829 1392 1019 unter hand gantz Ruht und Burger abzus
278 1001 1369 1189 Ebbeit bahr, daß ihr Intent ferners noch ge¬
349 1133 1363 1262 Besen alle Stands Persohnen ohne außnahm
389 1212 1342 1356 niederzumachen, und zu Massairiren
271 1326 1379 1518 P. Ihr Jubert steye gebesten, alle diejenigen mein
269 1464 339 1549 d
367 1466 1347 1635 zumachen, so sich ihnen zur gegenbehr gesetzt.
300 1630 1348 1763 EOb nicht ihr Intent gebesten, beynachem alle
375 1709 1349 1857 Magisteats, Persohnen, bau gleich selbige
372 1811 1355 1954 sich nicht zur gegenbehr gesetzt hätten, in
362 1899 1260 2039 ihren Häusern zu Massairiren?
254 2031 1377 2235 EEr gestehe, daß eit uns andere derselben, da
355 2193 1319 2345 man erachtet, daß sie der Bürgerschafft am
341 2270 1351 2449 Angunstigsten seyen, solches zubefahren gehabe¬,
316 2377 1324 2533 hatten, welches aber nicht beschloßen worden;
299 2478 1344 2634 dirgleichen Absichten haben die eint und ande¬
321 2600 1342 2764 ren gehabt, und ihre Meinung dahin eröffnet,
290 2685 1345 2862 so er nicht bidersprachen, daher er nichts deße
298 2777 1212 2930 lehniger sich schuldig dafur erkenne.
285 2849 1351 3049 Sehenete demnach beiterd, daß, wann sie de
297 2954 1319 3145 Execution deß Nachts vorgenommen hätten, und
280 3062 1336 3269 selbige ihnen von stätten gegangen bäre, so¬
268 3184 1301 3356 bend sie die Statt in verschiedenen Quartiren
250 3267 1307 3484 abschunden, und deß Raht, und Zeughauses
1440 2745 1522 2922 E
1468 1769 1530 1878 186
2608 224 2731 338 111.
1724 315 2455 541 Haubtman Handz
1429 418 1600 560 Gbr
1560 458 2723 687 Wie auch der Thoren sich zubemeistern, Nach¬
1568 557 2678 765 Bahrts Megshl. die Räht und Bürger auf das
1560 662 2722 859 Rahthauß bescheiden, und selbige mit Gebalt
1548 797 2734 986 dahin halten wollen, die Regierung nieder¬
1567 905 2733 1084 zulegen; Ihme seye aufgetragen worden
1561 998 2739 1179 bährend der Rumor und hernach die Anstal¬
1567 1081 2713 1266 ten zu ertheilen, ratione der neuben Ein¬
1564 1194 2700 1382 richtung der Regierung; dann habe die
1570 1308 2713 1469 dcution durch Leutl und Gold schnnd huter
1576 1390 2704 1585 den Wurstenberger und Miheli duCrest¬
1570 1519 2676 1665 comandirt werden sollen, darüber seye
1551 1612 2725 1784 Aber nichts eigentliches Determinirt borden
1576 1763 2709 1912 den 12. Julÿ hat er Inquisit zu nächstobiger
1536 1863 2703 2002 seiner Antwort sehen laßen, daß alles das
1543 1959 2646 2097 jenige, Was er von dieser Execution
1546 2050 2699 2190 gemeldet, in keiner Versamlung niemahls
1540 2172 2727 2272 proponirt, sonder davon nur Diseoursive
1541 2250 2702 2412 nicht aber Deliberutive geredt worden seye,
1532 2357 2681 2532 Inmaßen selbiges alles erst in der letzten
1536 2441 2728 2624 und haubtversamlung sollen reglirt werden,
1514 2554 2718 2752 folglich biß dato noch darüber bein Schluß
1539 2662 2087 2776 genommen worden.
1548 2760 2691 3005 Ob nicht zu unterstützung diesers Gottlosten
1515 2894 2685 3118 Begjects, Er mit noch mehreren, als denen¬
1524 2986 2715 3244 auf der liste aufgezeichneten Persohnen, ge¬
1532 3090 2697 3336 redet und Sundtnuß gemacht, Item, Ob er
1530 3182 2714 3437 nicht mit denen Landleuthen entwederselb¬
1495 3283 2709 3563 sten geredt, oder durch jemand erden laßenn
2546 3561 2710 3646 umb
