3024 4032
537 283 681 418 306.
914 330 1423 520 Ruchter Rodie
700 503 1611 809 gebesin, mnutben sie nict abs der zen den
685 639 1593 890 seyn können, so habe er sich dahero auf be¬
687 749 1578 968 Seithen neben ausen still gehalten, und¬
657 803 1580 1065 seyn da geblieben, da dan viel Pheimblich ge¬
678 937 1588 1148 weit worden, belches er nicht buße, der¬
669 1036 1570 1236 Licutenant Beiter habe noch gesagt, ein¬
644 1133 1559 1320 jeder solle trachten, noch mehr Leuth anzu¬
634 1234 1555 1414 werben, und unter ankerem habe Mann¬
650 1323 1565 1520 von Küester Rohr geredet, da Einers. biße
646 1440 1554 1606 nicht welcher;/ gesagt, Man wolle den¬
616 1499 1333 1704 Vetter Rohr schon dazu bringen.
610 1654 1538 1872 So dann habe der Goldschind Hug, boner¬
608 1822 1532 1955 sich nicht irre, gefragt: Wie Man dach fernes
612 1916 1526 2044 anstellen wolle? Und der Budelß Myß hobe¬
604 2006 1431 2137 auch gesagt, diß saye nöthig zu loußen;
586 2092 1442 2237 darauf der Haubtman Hanth. und der
601 2185 1487 2337 Lieutenant Bueter geantbortet: Es seÿe¬
580 2283 1402 2414 deßthalber noch kein Plan gemacht,
562 2380 1485 2516 Übrigans habe sich der Licatenant Kuiter
557 2487 1484 2630 Verlauthen laßen, Man solle ihne mir mit¬
548 2589 1474 2716 Mannschafft zu dem RathHauß thun; Auch¬
530 2698 1467 2825 habe er gehöret, daß Haubtman Handti¬
524 2789 1445 2925 von Unterschiedlichen Wrgshern Odiose¬
507 2877 1464 3023 Sachen geredet, und gesehen, daß Licutac
510 2987 1424 3136 Bueter, Haubtman Handt, und Vereine
493 3088 1422 3229 Sacher Plstolets bbey sich gehabt, und gesagt,
510 3189 1419 3344 wan sie einer Angreiffe, wolle sie ihre¬
480 3292 1345 3456 niederschießen. Ihm Inquisiten,
1172 3380 1386 3487 gleichtie
1586 2047 1667 2215 G.
1581 2400 1648 2529 R
1876 364 2416 543 Ruster Roder.
1772 568 2742 766 gleichbie die überigen alle, haben Sie ge¬
1763 687 2699 868 chrept, Ob Sie mit Geloehr versehen¬
1756 795 2683 951 seyn. Darauf Er geantwortet, Ja¬
1763 903 2721 1036 er hhabe ein Gebehr; Wie aber er Inquisit
1743 995 2719 1145 gar wenig in obigem Stüblin gewesen, beilen
1743 1114 2715 1230 ihmer Mind und Wehn borden, als er ge¬
1730 1212 2699 1340 sehen, in Belch schlimme Gestellschafft er¬
1734 1295 2699 1425 gerathen, so habe er weiters nichts gehöret
1722 1405 2672 1541 und sieth dießer Versamblung mit keinem
1713 1502 2647 1635 Menschen von diesen Sachen geridket, und
1712 1602 2551 1722 ban jemand mehr mit ihme davon hätte
1710 1682 2661 1815 reden bollen, hätte er sie abgeliefen, auch
1703 1783 2649 1925 hhabe er offt auf Mittell und Meg geracht,
1697 1876 2220 1997 die Sache anzuzeigen
1691 2063 2577 2189 Ob Er nicht schon vorher, ehe und bevor¬
1678 2143 2613 2295 diese Versamblung sich gehalten, einen Eyd
1673 2245 2504 2388 dem Lieutenant Bueter geschlohren?
1684 2429 2625 2570 köi. Er hätte es auch nicht von ihme Be¬
1651 2520 2611 2686 jahren können, zumahlen Sein Inquisiten
1642 2628 2604 2769 Graub, als er zu ihme gebommen, beyde
1663 2716 2548 2867 Mahl auch zugegen Bare, Wohl habe¬
1654 2800 2601 2974 ihme der Lieutenant Gueter im Hauße
1643 2915 2594 3076 gang die Hand getrückt, und gesagt. Er¬
1636 2999 2590 3161 solle die Sach verschlöeigen, welches er¬
1645 3097 2572 3274 ihme Versprochen, könte sich aber nicht
1630 3210 2593 3373 errinneren, Ob er ihme Inquisitin gesagt,
1627 3305 2559 3474 er solle ihme hierzu angloben, oder nur
1627 3390 2336 3556 versprochen, Es könne Bohl. seyn.
2383 3494 2529 3607 2.
2698 333 2830 434 997.
