3024 4032
351 2919 425 3077 9
390 1798 454 1989 1
411 1038 475 1090 A
407 1177 467 1284 A
404 1389 464 1477 6
407 1503 436 1585 d
417 443 482 529 14
514 429 609 509 20.
497 895 617 1018 Br.
499 1105 608 1210 Ants
803 436 1519 602 Rilaus Weruses
607 572 1627 757 Belche das Mahr gehabt, ohne anders zu ergreiff¬¬
622 719 1156 849 und zubeloretstelligen
617 872 1468 1055 Wie mamherley Erden sie geschbohren?
633 1050 1609 1197 Ie habend u. Eyden geschwohren; der erste sey¬
596 1162 1576 1326 der Eydt der Verbindung in den Complot und
596 1267 1618 1436 deßelben gehemmmuß gebesten, welchen ieh ein
591 1372 1606 1510 dem andern abgenommen, nur Mundtlich, und
609 1463 1622 1613 ohne aufgestehte formul; Bey welchem auch
616 1565 1619 1701 insinuiert borden, daß man ob demjenigen,
1659 1583 1732 1708 2
578 1645 1628 1806 so das Seuret veerahten burde, sich ohnfehlbahrs
596 1757 1616 1907 rachen thäte; Bey der obbedeuten Versammlung
604 1855 1607 1967 als sie den zeyten Eydt geschloren, deßen
565 1951 1618 2088 Iuhalt in nachstobstehender seiner Antbort steye,
569 2047 1753 2192 habend sie dann beschworen, daß sie sich an den Antl:
579 2141 1626 2298 Verrahteren rachen sollen; Auch seye noch in
594 2247 1606 2388 dem Zlegten Eyd enthalten gebesten, daß sie
587 2340 1615 2494 den Complot beder lebendigen, noch Erblosen
562 2443 1611 2599 Craturen offenbahren, und sie sich den Eydt
568 2547 1601 2702 Leder von geistlichem noch Heltlichem gebalt
547 2628 1119 2793 Sollen auflosten laßen.
442 2814 1614 2999 Gr. Man der Zorgte Versamlung gehalten borden.
470 2929 1101 3139 Ant. Bsern Acht Teg.
414 3114 527 3263 Gr
550 3125 1605 3340 Was in diester Peigsten Versamlung gehandtt
542 3224 766 3352 Borden2
464 3337 1612 3524 Act diejungen, Eelche in der ersten Versamle
1641 3125 1764 3250 Bo.
1646 3385 1769 3499 Ants
2746 382 2859 492 21.
1977 415 2767 600 Nulaus Bermer.
1767 572 2872 770 nicht beygebohnt, haben in diester Zweyten den
1761 698 2864 858 Eydt auch geschwohren; Übrigens steye ein glei¬
1772 781 2827 946 vorgegangen, bas in der ersteren Und seye
1728 872 2870 1076 noch davon geredt borden, Auff welchen tag sie
1765 978 2854 1138 den Project auß zuführen gesinet, so aber
1781 1055 2876 1241 noch nicht bestimet berden könen, debeilen
1782 1163 2881 1321 man durch gehends hasten bollen, biß ihre an
1777 1249 2893 1436 Zahl biß auf Einhundert, oder Einhundert und
1766 1363 2545 1535 fünftzig Köpffe angebachsten.
1759 1543 2876 1734 Er habe hievor gesagt, es solle ein haubb Ver¬
1784 1655 2914 1802 samlung gehalten berden, besobegen dann
1773 1737 2912 1910 die Zweyste Versamlung noch schbächer, als die
1780 1870 2349 2016 erste außgefallen2
1792 1988 2851 2197 Vestegen nachbährts übertind gebommen,
1774 2148 2883 2285 Offere, und nur kleinere Versamlungen zu
1766 2246 2921 2395 halten, damit es munder ein aufsehen gebe,
1780 2332 2836 2483 Auff gestrigen Sontag habe auch noch eine
1755 2436 2903 2598 Versamlung bey Schiffkuthen sollen gehalten
1765 2538 2906 2702 berden, und erst ban ihre anzahl Auff Ein¬
1761 2642 2912 2798 hindert, biß 50. Burde angebachst enseyn
1767 2735 2897 2891 haben sie eine haubtversamlung vor dem
1785 2826 2912 2988 Thor an einem ohrt, belches der Küpfter im
1783 2918 2808 3081 Sulgenbach vorschlagen, halten sollen
1794 3123 2859 3303 Obstiesliche nicht bebehrt, bau sieslich in
1792 3224 2558 3405 die Versamclung verfüegt?
1787 3361 2866 3567 Ja, das seye bahr, ein jeder habe seine
