<?xml version="1.0" encoding="UTF-8" standalone="yes"?>
<PcGts xmlns="http://schema.primaresearch.org/PAGE/gts/pagecontent/2013-07-15" xmlns:xsi="http://www.w3.org/2001/XMLSchema-instance" xsi:schemaLocation="http://schema.primaresearch.org/PAGE/gts/pagecontent/2013-07-15 http://schema.primaresearch.org/PAGE/gts/pagecontent/2013-07-15/pagecontent.xsd">
    <Metadata>
        <Creator>prov=University of Rostock/Institute of Mathematics/CITlab|PLANET AI GmbH/Gundram Leifert/gundram.leifert@planet-ai.de:name=Transkribus German Kurrent M2(htr_id=29820)::::v=2.6.7
prov=University of Rostock/Institute of Mathematics/CITlab|PLANET AI GmbH/Tobias Gruening/tobias.gruening@planet-ai.de:name=de.uros.citlab.module.baseline2polygon.B2PSeamMultiOriented:v=2.6.7
prov=University of Rostock/Institute of Mathematics/CITlab|PLANET AI GmbH/Gundram Leifert/gundram.leifert@planet-ai.de:name=Kurrent_1515_ENHG_v3(htr_id=40510)::::v=2.6.7
prov=University of Rostock/Institute of Mathematics/CITlab|PLANET AI GmbH/Tobias Gruening/tobias.gruening@planet-ai.de:name=de.uros.citlab.module.baseline2polygon.B2PSeamMultiOriented:v=2.6.7
prov=University of Rostock/Institute of Mathematics/CITlab|PLANET AI GmbH/Tobias Gruening/tobias.gruening@planet-ai.de:name=/net_tf/LA73_249_0mod360.pb:de.uros.citlab.segmentation.CITlab_LA_ML:v=2.6.7
Transkribus</Creator>
        <Created>2022-05-02T15:17:51.720+02:00</Created>
        <LastChange>2022-09-12T15:22:44.346+02:00</LastChange>
        <TranskribusMetadata docId="1334849" pageId="52363220" pageNr="138" tsid="114645165" status="IN_PROGRESS" userId="9570" imgUrl="https://files.transkribus.eu/Get?id=ICPTLKVGVJIXGJIFKGEGDZVY&amp;fileType=view" xmlUrl="https://files.transkribus.eu/Get?id=DUGXGHLAFYQRRWJXHBZZLILJ" imageId="30687665"/>
    </Metadata>
    <Page imageFilename="IMG_5838.jpg" imageWidth="3024" imageHeight="4032">
        <ReadingOrder>
            <OrderedGroup id="ro_1687513637180" caption="Regions reading order">
                <RegionRefIndexed index="0" regionRef="r1"/>
                <RegionRefIndexed index="1" regionRef="r2"/>
                <RegionRefIndexed index="2" regionRef="r3"/>
                <RegionRefIndexed index="3" regionRef="r4"/>
                <RegionRefIndexed index="4" regionRef="r5"/>
                <RegionRefIndexed index="5" regionRef="r6"/>
                <RegionRefIndexed index="6" regionRef="r7"/>
                <RegionRefIndexed index="7" regionRef="r8"/>
            </OrderedGroup>
        </ReadingOrder>
        <TextRegion orientation="0.0" id="r1" custom="readingOrder {index:0;}">
            <Coords points="311,2965 311,3118 497,3118 497,2965"/>
            <TextLine id="r1l1" custom="readingOrder {index:0;}">
                <Coords points="305,3110 336,3102 374,3110 405,3094 451,3106 483,3101 504,3113 503,2994 463,2984 442,2969 414,2968 387,2991 354,2993 340,2984 304,2995"/>
                <Baseline points="311,3068 337,3066 364,3065 390,3065 417,3066 443,3066 470,3066 497,3065"/>
                <TextEquiv>
                    <Unicode>Schrapt</Unicode>
                </TextEquiv>
            </TextLine>
            <TextEquiv>
                <Unicode>Schrapt</Unicode>
            </TextEquiv>
        </TextRegion>
        <TextRegion orientation="0.0" id="r2" custom="readingOrder {index:1;}">
            <Coords points="393,1381 393,1720 566,1720 566,1381"/>
            <TextLine id="r2l1" custom="readingOrder {index:0;}">
                <Coords points="385,1508 423,1520 434,1513 445,1524 480,1519 488,1526 542,1496 571,1502 574,1423 558,1424 545,1413 537,1420 493,1390 453,1412 435,1406 416,1418 389,1412"/>
                <Baseline points="393,1475 421,1477 450,1478 479,1479 508,1481 537,1481 566,1482"/>
                <TextEquiv>
                    <Unicode>Bfrags</Unicode>
                </TextEquiv>
            </TextLine>
            <TextLine id="r2l2" custom="readingOrder {index:1;}">
                <Coords points="390,1671 410,1679 424,1673 451,1693 472,1682 477,1687 498,1685 512,1693 533,1682 536,1614 499,1604 467,1629 441,1618 433,1621 421,1612 391,1623"/>
                <Baseline points="396,1670 422,1668 448,1668 475,1669 501,1671 528,1673"/>
                <TextEquiv>
                    <Unicode>Arth</Unicode>
                </TextEquiv>
            </TextLine>
            <TextEquiv>
                <Unicode>Bfrags
Arth</Unicode>
            </TextEquiv>
        </TextRegion>
        <TextRegion orientation="0.0" id="r3" custom="readingOrder {index:2;}">
            <Coords points="456,283 456,442 573,442 573,283"/>
            <TextLine id="r3l1" custom="readingOrder {index:0;}">
                <Coords points="447,444 474,439 526,406 548,422 558,414 578,413 581,360 569,358 551,345 546,347 526,330 497,326 491,320 462,337 452,336"/>
                <Baseline points="456,383 485,389 514,389 543,389 573,392"/>
                <TextEquiv>
                    <Unicode>270.</Unicode>
                </TextEquiv>
            </TextLine>
            <TextEquiv>
                <Unicode>270.</Unicode>
            </TextEquiv>
        </TextRegion>
        <TextRegion orientation="0.0" id="r4" custom="readingOrder {index:3;}">
            <Coords points="479,467 479,3441 1512,3441 1512,467"/>
            <TextLine id="r4l1" custom="readingOrder {index:0;}">
                <Coords points="857,551 896,553 937,525 969,525 992,542 1035,530 1116,555 1174,548 1197,542 1203,472 1158,455 1140,467 1126,459 1071,470 1036,447 922,481 864,473"/>
                <Baseline points="866,516 891,515 916,516 941,516 966,518 991,520 1016,522 1041,525 1066,528 1091,531 1116,534 1141,537 1166,539 1191,542"/>
                <TextEquiv>
                    <Unicode>Kamen</Unicode>
                </TextEquiv>
            </TextLine>
            <TextLine id="r4l2" custom="readingOrder {index:1;}">
                <Coords points="953,620 966,629 975,625 982,630 1015,621 1054,626 1082,607 1088,608 1095,552 1089,551 1070,566 1043,565 1017,551 969,563 960,561"/>
                <Baseline points="959,615 989,618 1019,621 1049,626 1079,630"/>
                <TextEquiv>
                    <Unicode>Mit</Unicode>
                </TextEquiv>
            </TextLine>
            <TextLine id="r4l3" custom="readingOrder {index:2;}">
                <Coords points="608,741 791,750 891,806 1167,784 1241,834 1283,805 1498,818 1509,727 1383,736 1205,636 1134,656 1071,616 876,640 757,553 626,586"/>
                <Baseline points="618,710 661,708 705,707 749,705 793,707 836,708 880,710 924,713 968,717 1011,722 1055,727 1099,732 1143,738 1186,746 1230,754 1274,761 1318,770 1361,778 1405,787 1449,797 1493,806"/>
                <TextEquiv>
                    <Unicode>D te n Mrher</Unicode>
                </TextEquiv>
            </TextLine>
            <TextLine id="r4l4" custom="readingOrder {index:3;}">
                <Coords points="569,965 678,922 758,955 861,919 967,969 1336,968 1429,1020 1498,1016 1507,933 1303,864 1075,899 1023,854 769,835 680,769 590,755"/>
                <Baseline points="581,902 626,903 672,903 717,905 763,906 809,909 854,911 900,913 946,916 991,919 1037,923 1083,927 1128,932 1174,938 1220,944 1265,951 1311,960 1357,968 1402,978 1448,990 1494,1002"/>
                <TextEquiv>
                    <Unicode>Eorseht bende Ihne deging Richt</Unicode>
                </TextEquiv>
            </TextLine>
            <TextLine id="r4l5" custom="readingOrder {index:4;}">
                <Coords points="609,1023 949,1016 1016,1048 1335,1057 1502,1130 1525,1039 1322,970 1204,999 1170,969 983,976 855,922 616,953"/>
                <Baseline points="618,993 662,996 707,1000 752,1002 796,1004 841,1007 886,1010 930,1013 975,1015 1020,1019 1065,1023 1109,1026 1154,1030 1199,1036 1243,1041 1288,1049 1333,1057 1377,1065 1422,1075 1467,1087 1512,1100"/>
                <TextEquiv>
                    <Unicode>so Megsprn die Gehermden Rathe Michggu¬</Unicode>
                </TextEquiv>
            </TextLine>
            <TextLine id="r4l6" custom="readingOrder {index:5;}">
                <Coords points="610,1112 969,1120 1043,1163 1242,1139 1490,1201 1497,1127 1289,1068 784,1069 619,1017"/>
                <Baseline points="618,1088 661,1093 704,1097 748,1100 791,1103 834,1106 878,1109 921,1112 964,1113 1008,1116 1051,1118 1094,1122 1138,1126 1181,1130 1224,1134 1268,1140 1311,1146 1354,1153 1398,1161 1441,1170 1485,1182"/>
                <TextEquiv>
                    <Unicode>den Examinatoren zugesandt, und an die¬</Unicode>
                </TextEquiv>
            </TextLine>
            <TextLine id="r4l7" custom="readingOrder {index:6;}">
                <Coords points="602,1203 798,1237 1163,1227 1266,1264 1302,1239 1509,1298 1512,1258 1457,1231 1258,1196 1217,1158 1059,1155 995,1189 939,1143 755,1173 706,1133 608,1135"/>
                <Baseline points="609,1190 653,1194 698,1198 743,1200 788,1202 833,1206 877,1207 922,1209 967,1212 1012,1215 1057,1217 1101,1221 1146,1223 1191,1227 1236,1232 1281,1238 1325,1244 1370,1251 1415,1258 1460,1268 1505,1278"/>
                <TextEquiv>
                    <Unicode>beyden Gebrudere fueter addressirt bere,¬</Unicode>
                </TextEquiv>
            </TextLine>
            <TextLine id="r4l8" custom="readingOrder {index:7;}">
                <Coords points="594,1331 669,1340 725,1305 774,1336 820,1301 1057,1357 1372,1372 1377,1275 1327,1280 1302,1254 955,1225 884,1245 851,1218 708,1264 633,1219 600,1227"/>
                <Baseline points="603,1286 641,1286 679,1289 717,1290 756,1292 794,1293 832,1295 870,1297 909,1298 947,1301 985,1303 1023,1305 1062,1308 1100,1310 1138,1312 1176,1314 1215,1317 1253,1320 1291,1324 1329,1327 1368,1331"/>
                <TextEquiv>
                    <Unicode>vorgelärefen und daraufhin befragt.</Unicode>
                </TextEquiv>
            </TextLine>
            <TextLine id="r4l9" custom="readingOrder {index:8;}">
                <Coords points="606,1529 724,1553 792,1515 933,1547 1068,1503 1175,1551 1440,1585 1508,1568 1514,1461 1364,1446 1302,1474 1210,1435 1064,1456 880,1401 612,1419"/>
                <Baseline points="615,1481 659,1486 703,1490 748,1493 792,1494 837,1496 881,1497 925,1499 970,1500 1014,1502 1059,1503 1103,1504 1147,1506 1192,1508 1236,1511 1281,1514 1325,1519 1369,1523 1414,1530 1458,1537 1503,1545"/>
                <TextEquiv>
                    <Unicode>Ob Er die Schrifft kenne, und von Wem ju sig?</Unicode>
                </TextEquiv>
            </TextLine>
            <TextLine id="r4l10" custom="readingOrder {index:9;}">
                <Coords points="581,1694 660,1713 743,1681 870,1725 965,1687 1196,1741 1269,1709 1305,1738 1494,1720 1496,1660 1387,1623 1191,1645 1055,1588 1008,1614 784,1599 647,1638 585,1592"/>
                <Baseline points="588,1673 633,1674 678,1676 723,1679 768,1680 813,1680 858,1682 903,1683 948,1685 993,1685 1038,1686 1083,1688 1128,1688 1173,1691 1218,1692 1263,1694 1308,1695 1353,1698 1398,1701 1443,1705 1488,1707"/>
                <TextEquiv>
                    <Unicode>Da, er kenne diese Hand, sie seyn Huu hans¬</Unicode>
                </TextEquiv>
            </TextLine>
            <TextLine id="r4l11" custom="readingOrder {index:10;}">
                <Coords points="586,1782 688,1773 755,1812 1005,1783 1120,1807 1164,1847 1299,1794 1402,1802 1375,1750 1311,1735 1161,1730 1129,1753 1053,1713 869,1726 768,1703 655,1738 589,1696"/>
                <Baseline points="593,1764 633,1767 673,1769 713,1770 753,1772 794,1774 834,1775 874,1776 914,1777 954,1778 995,1779 1035,1780 1075,1781 1115,1782 1155,1784 1196,1785 1236,1787 1276,1788 1316,1791 1356,1792 1397,1796"/>
                <TextEquiv>
                    <Unicode>Jacob Schultheiß deß Sohns Negotiant in</Unicode>
                </TextEquiv>
            </TextLine>
            <TextLine id="r4l12" custom="readingOrder {index:11;}">
                <Coords points="1406,1815 1413,1815 1415,1818 1419,1816 1436,1825 1443,1824 1456,1816 1456,1818 1464,1819 1476,1762 1461,1758 1439,1771 1434,1770 1428,1763 1417,1761"/>
                <Baseline points="1416,1797 1460,1806"/>
                <TextEquiv>
                    <Unicode></Unicode>
                </TextEquiv>
            </TextLine>
            <TextLine id="r4l13" custom="readingOrder {index:12;} place {offset:0; length:6;}">
                <Coords points="578,1887 752,1909 947,1881 991,1916 1131,1878 1376,1924 1494,1895 1495,1858 1285,1812 1124,1848 1028,1806 929,1840 839,1796 580,1791"/>
                <Baseline points="585,1856 630,1858 675,1860 720,1862 765,1863 810,1865 855,1865 901,1866 946,1866 991,1867 1036,1868 1081,1868 1126,1869 1171,1871 1217,1872 1262,1874 1307,1876 1352,1878 1397,1881 1442,1884 1488,1889"/>
                <TextEquiv>
                    <Unicode>Zurich. Er Inquisit seyn nur wegen Negoce¬</Unicode>
                </TextEquiv>
            </TextLine>
            <TextLine id="r4l14" custom="readingOrder {index:13;} person {offset:20; length:7;}">
                <Coords points="569,1975 715,1998 805,1965 892,1990 1266,1977 1350,2016 1487,1996 1489,1922 1358,1952 1283,1916 1156,1921 1113,1884 1016,1929 903,1889 825,1918 571,1892"/>
                <Baseline points="576,1950 621,1953 666,1955 711,1958 757,1959 802,1961 847,1961 893,1962 938,1964 983,1965 1029,1965 1074,1965 1119,1967 1164,1968 1210,1969 1255,1971 1300,1973 1346,1974 1391,1977 1436,1978 1482,1982"/>
                <TextEquiv>
                    <Unicode>Sachen, sein Bruder Babriel aber auch über¬</Unicode>
                </TextEquiv>
            </TextLine>
            <TextLine id="r4l15" custom="readingOrder {index:14;}">
                <Coords points="569,2060 681,2085 714,2065 768,2096 998,2068 1049,2104 1119,2086 1156,2108 1407,2075 1408,2045 1291,2012 1121,2035 1014,1992 848,2036 693,1982 570,2020"/>
                <Baseline points="576,2046 617,2049 658,2051 699,2052 741,2054 782,2055 823,2057 864,2059 906,2060 947,2061 988,2063 1029,2063 1071,2064 1112,2064 1153,2064 1194,2066 1236,2066 1277,2066 1318,2066 1359,2066 1401,2066"/>
                <TextEquiv>
                    <Unicode>andere Sachen, Als zum Exempel wegen¬</Unicode>
                </TextEquiv>
            </TextLine>
            <TextLine id="r4l16" custom="readingOrder {index:15;}">
                <Coords points="558,2171 709,2189 826,2165 892,2196 1117,2161 1460,2194 1476,2133 1201,2090 1156,2130 984,2073 786,2117 559,2088"/>
                <Baseline points="564,2142 609,2144 654,2147 699,2148 745,2150 790,2151 835,2153 881,2154 926,2154 971,2156 1017,2156 1062,2157 1107,2157 1152,2159 1198,2159 1243,2159 1288,2159 1334,2160 1379,2160 1424,2160 1470,2160"/>
                <TextEquiv>
                    <Unicode>Muschelen, mit diesem Herren Schultheiß in¬</Unicode>
                </TextEquiv>
            </TextLine>
            <TextLine id="r4l17" custom="readingOrder {index:16;}">
                <Coords points="546,2266 590,2263 626,2285 695,2272 732,2297 814,2290 925,2314 983,2277 1052,2277 1053,2221 932,2191 888,2225 861,2209 814,2223 724,2182 683,2183 655,2207 609,2187 547,2193"/>
                <Baseline points="552,2247 578,2247 604,2247 630,2247 656,2249 682,2249 708,2249 734,2249 760,2250 786,2250 812,2250 838,2250 864,2250 890,2250 916,2250 942,2251 968,2252 994,2250 1020,2250 1047,2250"/>
                <TextEquiv>
                    <Unicode>Correspondenz gelesen.</Unicode>
                </TextEquiv>
            </TextLine>
            <TextLine id="r4l18" custom="readingOrder {index:17;}">
                <Coords points="543,2473 735,2481 824,2445 893,2471 1127,2447 1345,2478 1455,2454 1455,2352 1405,2376 1076,2349 910,2359 858,2395 544,2393"/>
                <Baseline points="549,2435 594,2436 639,2436 684,2436 729,2438 774,2438 819,2439 864,2440 909,2441 954,2441 999,2442 1044,2442 1089,2442 1134,2442 1179,2442 1224,2442 1269,2442 1314,2442 1359,2441 1404,2439 1449,2438"/>
                <TextEquiv>
                    <Unicode>Als Er sich daraufhin verlauten laßen, bie¬</Unicode>
                </TextEquiv>
            </TextLine>
            <TextLine id="r4l19" custom="readingOrder {index:18;}">
                <Coords points="547,2571 932,2583 1144,2539 1381,2580 1464,2563 1463,2458 1273,2508 1105,2466 1011,2494 546,2476"/>
                <Baseline points="552,2538 597,2540 642,2540 687,2540 733,2540 778,2540 823,2540 869,2540 914,2540 959,2540 1005,2540 1050,2540 1095,2540 1140,2540 1186,2538 1231,2538 1276,2537 1322,2536 1367,2535 1412,2534 1458,2532"/>
                <TextEquiv>
                    <Unicode>daß Er gesinnet seyn, Alles, was ihme dieser¬</Unicode>
                </TextEquiv>
            </TextLine>
            <TextLine id="r4l20" custom="readingOrder {index:19;}">
                <Coords points="525,2658 1056,2648 1117,2685 1261,2648 1412,2675 1470,2653 1469,2594 1400,2569 1222,2592 1156,2562 1058,2594 900,2565 691,2603 524,2574"/>
                <Baseline points="531,2643 577,2642 624,2640 670,2640 717,2640 764,2640 810,2640 857,2640 903,2640 950,2640 997,2642 1043,2642 1090,2642 1136,2640 1183,2640 1230,2639 1276,2637 1323,2636 1369,2633 1416,2629 1463,2625"/>
                <TextEquiv>
                    <Unicode>Sachen halber bekant, in Wahrheit zu erzehlen,</Unicode>
                </TextEquiv>
            </TextLine>
            <TextLine id="r4l21" custom="readingOrder {index:20;}">
                <Coords points="526,2771 657,2758 713,2791 778,2763 1458,2758 1456,2675 1426,2665 1270,2714 1154,2668 820,2718 633,2662 524,2675"/>
                <Baseline points="531,2745 577,2744 623,2744 669,2744 715,2742 761,2742 807,2742 853,2742 899,2742 945,2742 991,2742 1037,2742 1083,2742 1129,2741 1175,2740 1221,2739 1267,2737 1313,2735 1359,2731 1405,2728 1451,2724"/>
                <TextEquiv>
                    <Unicode>und indeßen ermahnt wurde, gar nichts zu¬</Unicode>
                </TextEquiv>
            </TextLine>
            <TextLine id="r4l22" custom="readingOrder {index:21;}">
                <Coords points="504,2893 586,2862 665,2878 751,2854 951,2888 1084,2845 1137,2864 1229,2837 1227,2782 1190,2791 1159,2763 1085,2766 1040,2799 962,2771 783,2763 709,2794 501,2791"/>
                <Baseline points="509,2850 544,2849 580,2849 616,2849 651,2847 687,2847 723,2847 758,2846 794,2846 830,2846 866,2844 901,2844 937,2843 973,2842 1008,2841 1044,2840 1080,2838 1115,2837 1151,2834 1187,2832 1223,2829"/>
                <TextEquiv>
                    <Unicode>hinterhälten, wurde er weiters</Unicode>
                </TextEquiv>
            </TextLine>
            <TextLine id="r4l23" custom="readingOrder {index:22;} person {offset:33; length:6;}">
                <Coords points="542,3093 776,3056 861,3095 1011,3083 1081,3049 1332,3050 1458,3016 1428,2937 1298,2970 1235,2933 1130,2938 899,3000 535,2974"/>
                <Baseline points="546,3066 591,3063 636,3060 681,3058 727,3056 772,3054 817,3051 862,3050 908,3048 953,3046 998,3044 1043,3042 1089,3039 1134,3036 1179,3032 1224,3029 1270,3024 1315,3020 1360,3015 1405,3008 1451,3002"/>
                <TextEquiv>
                    <Unicode>Ob Er nicht luße, Ob sein Bruder Gabeil</Unicode>
                </TextEquiv>
            </TextLine>
            <TextLine id="r4l24" custom="readingOrder {index:23;}">
                <Coords points="508,3182 775,3182 919,3145 1191,3177 1438,3102 1435,3053 1220,3096 1153,3063 935,3073 896,3107 784,3061 504,3118"/>
                <Baseline points="513,3164 558,3159 604,3155 650,3152 696,3150 742,3148 788,3146 834,3144 880,3143 926,3141 972,3140 1017,3138 1063,3135 1109,3132 1155,3129 1201,3125 1247,3120 1293,3113 1339,3106 1385,3098 1431,3087"/>
                <TextEquiv>
                    <Unicode>mit diesem Herren Schultheiß noch mnßtere</Unicode>
                </TextEquiv>
            </TextLine>
            <TextLine id="r4l25" custom="readingOrder {index:24;}">
                <Coords points="477,3342 624,3274 766,3289 842,3254 1103,3300 1407,3209 1402,3135 1273,3195 1084,3156 1027,3182 894,3166 809,3220 682,3190 624,3226 519,3189 468,3205"/>
                <Baseline points="479,3278 525,3272 571,3268 617,3265 663,3261 709,3258 755,3255 801,3252 847,3251 893,3249 940,3246 986,3243 1032,3242 1078,3239 1124,3236 1170,3231 1216,3227 1262,3222 1308,3216 1354,3209 1401,3201"/>
                <TextEquiv>
                    <Unicode>Correspondenten über diese Sachen gehabt?</Unicode>
                </TextEquiv>
            </TextLine>
            <TextLine id="r4l26" custom="readingOrder {index:25;}">
                <Coords points="1192,3432 1228,3430 1243,3415 1271,3419 1280,3409 1306,3415 1321,3398 1381,3378 1371,3323 1320,3326 1310,3336 1293,3331 1274,3346 1246,3351 1220,3371 1211,3366 1182,3377"/>
                <Baseline points="1196,3417 1221,3415 1247,3410 1273,3404 1299,3399 1325,3394 1351,3389 1377,3387"/>
                <TextEquiv>
                    <Unicode>Anth:</Unicode>
                </TextEquiv>
            </TextLine>
            <TextEquiv>
                <Unicode>Kamen
Mit
D te n Mrher
Eorseht bende Ihne deging Richt
so Megsprn die Gehermden Rathe Michggu¬
den Examinatoren zugesandt, und an die¬
beyden Gebrudere fueter addressirt bere,¬
vorgelärefen und daraufhin befragt.
Ob Er die Schrifft kenne, und von Wem ju sig?
Da, er kenne diese Hand, sie seyn Huu hans¬
Jacob Schultheiß deß Sohns Negotiant in

Zurich. Er Inquisit seyn nur wegen Negoce¬
Sachen, sein Bruder Babriel aber auch über¬
andere Sachen, Als zum Exempel wegen¬
Muschelen, mit diesem Herren Schultheiß in¬
Correspondenz gelesen.
Als Er sich daraufhin verlauten laßen, bie¬
daß Er gesinnet seyn, Alles, was ihme dieser¬
Sachen halber bekant, in Wahrheit zu erzehlen,
und indeßen ermahnt wurde, gar nichts zu¬
hinterhälten, wurde er weiters
Ob Er nicht luße, Ob sein Bruder Gabeil
mit diesem Herren Schultheiß noch mnßtere
Correspondenten über diese Sachen gehabt?
Anth:</Unicode>
            </TextEquiv>
        </TextRegion>
        <TextRegion orientation="0.0" id="r5" custom="readingOrder {index:4;}">
            <Coords points="1602,1621 1602,1771 1617,1771 1617,1621"/>
            <TextLine id="r5l1" custom="readingOrder {index:0;}">
                <Coords points="1596,1765 1623,1765 1623,1680 1615,1680 1612,1682 1602,1675 1596,1675"/>
                <Baseline points="1602,1721 1617,1721"/>
                <TextEquiv>
                    <Unicode></Unicode>
                </TextEquiv>
            </TextLine>
            <TextEquiv>
                <Unicode></Unicode>
            </TextEquiv>
        </TextRegion>
        <TextRegion orientation="0.0" id="r6" custom="readingOrder {index:5;}">
            <Coords points="1574,655 1574,835 1673,835 1673,655"/>
            <TextLine id="r6l1" custom="readingOrder {index:0;}">
                <Coords points="1575,810 1592,793 1596,796 1606,782 1636,779 1655,755 1678,750 1658,682 1649,682 1615,725 1607,722 1597,729 1588,728 1566,755 1559,756"/>
                <Baseline points="1574,785 1607,774 1640,765 1673,755"/>
                <TextEquiv>
                    <Unicode>1010.</Unicode>
                </TextEquiv>
            </TextLine>
            <TextEquiv>
                <Unicode>1010.</Unicode>
            </TextEquiv>
        </TextRegion>
        <TextRegion orientation="0.0" id="r7" custom="readingOrder {index:6;}">
            <Coords points="1605,406 1605,3497 2601,3497 2601,406"/>
            <TextLine id="r7l1" custom="readingOrder {index:0;}">
                <Coords points="1820,533 1864,519 1925,532 1960,510 2047,524 2151,478 2212,491 2348,475 2328,310 2190,321 2044,399 1920,397 1876,373 1803,390"/>
                <Baseline points="1824,516 1849,512 1875,506 1901,502 1927,498 1952,495 1978,491 2004,487 2030,485 2055,481 2081,478 2107,476 2133,473 2158,470 2184,467 2210,465 2236,463 2261,461 2287,459 2313,456 2339,453"/>
                <TextEquiv>
                    <Unicode>Garil. Puctir</Unicode>
                </TextEquiv>
            </TextLine>
            <TextLine id="r7l2" custom="readingOrder {index:1;}">
                <Coords points="1686,773 1777,729 1873,741 1974,686 2145,710 2276,665 2586,664 2566,601 2455,618 2316,568 2103,570 2004,579 1852,662 1782,639 1677,677"/>
                <Baseline points="1689,746 1733,733 1778,723 1822,714 1867,704 1911,697 1956,690 2000,684 2045,679 2089,675 2134,671 2178,668 2223,665 2267,662 2312,660 2356,659 2401,657 2445,656 2490,655 2534,654 2579,653"/>
                <TextEquiv>
                    <Unicode>beglaube, Er konne Versicheren Nein, er¬</Unicode>
                </TextEquiv>
            </TextLine>
            <TextLine id="r7l3" custom="readingOrder {index:2;}">
                <Coords points="1669,865 2059,786 2301,784 2374,812 2418,775 2536,780 2592,763 2585,682 2299,727 2166,703 2013,740 1812,734 1664,803"/>
                <Baseline points="1673,845 1718,833 1764,823 1809,814 1855,806 1901,799 1946,793 1992,788 2037,785 2083,781 2129,777 2174,776 2220,773 2265,771 2311,770 2357,767 2402,765 2448,763 2493,760 2539,756 2585,752"/>
                <TextEquiv>
                    <Unicode>hebe hierüber keine Conespondenz mit ihme</Unicode>
                </TextEquiv>
            </TextLine>
            <TextLine id="r7l4" custom="readingOrder {index:3;}">
                <Coords points="1660,976 1778,924 2016,915 2069,879 2257,912 2304,883 2607,861 2578,786 2411,778 2372,813 2301,784 2067,826 1929,809 1702,887 1652,871"/>
                <Baseline points="1664,942 1710,930 1757,919 1804,909 1851,901 1898,895 1944,890 1991,885 2038,882 2085,879 2132,878 2178,876 2225,875 2272,873 2319,871 2366,869 2412,867 2459,864 2506,860 2553,855 2600,849"/>
                <TextEquiv>
                    <Unicode>gehabt, glaube, daß dieser H. Schultheiß¬</Unicode>
                </TextEquiv>
            </TextLine>
            <TextLine id="r7l5" custom="readingOrder {index:4;}">
                <Coords points="1671,1064 1782,1014 1850,1037 1911,996 2033,1027 2101,987 2309,1004 2380,969 2478,1009 2568,963 2564,916 2476,897 2451,920 2358,877 2160,923 2107,897 1945,909 1664,969"/>
                <Baseline points="1674,1029 1718,1021 1762,1013 1807,1007 1851,1001 1895,997 1940,992 1984,989 2028,986 2073,983 2117,981 2161,978 2206,977 2250,975 2294,972 2339,971 2383,969 2427,966 2472,965 2516,961 2561,959"/>
                <TextEquiv>
                    <Unicode>durch die Erste Post, nach dem diesere Sach¬</Unicode>
                </TextEquiv>
            </TextLine>
            <TextLine id="r7l6" custom="readingOrder {index:5;}">
                <Coords points="1662,1133 2602,1076 2598,1019 2411,1017 2338,984 2242,1027 2200,994 2005,1025 1948,1077 1809,1037 1659,1086"/>
                <Baseline points="1668,1127 1714,1120 1760,1113 1807,1108 1853,1103 1899,1098 1946,1094 1992,1091 2038,1088 2085,1085 2131,1083 2177,1080 2224,1079 2270,1077 2316,1075 2363,1073 2409,1071 2455,1070 2502,1068 2548,1065 2595,1064"/>
                <TextEquiv>
                    <Unicode>ausgebrochen, werde Vernommen haben,</Unicode>
                </TextEquiv>
            </TextLine>
            <TextLine id="r7l7" custom="readingOrder {index:6;} place {offset:34; length:7; continued:true;}">
                <Coords points="1651,1262 1781,1205 2224,1184 2299,1227 2416,1187 2462,1218 2582,1186 2580,1129 2142,1090 1975,1142 1918,1122 1647,1170"/>
                <Baseline points="1655,1217 1701,1211 1747,1205 1793,1200 1839,1196 1885,1191 1931,1189 1977,1186 2023,1184 2069,1181 2115,1180 2161,1178 2207,1178 2253,1176 2299,1176 2345,1176 2391,1176 2437,1176 2483,1176 2529,1176 2576,1178"/>
                <TextEquiv>
                    <Unicode>daß unter deein Arrestierten auch Kurter¬</Unicode>
                </TextEquiv>
            </TextLine>
            <TextLine id="r7l8" custom="readingOrder {index:7;} place {offset:0; length:5; continued:true;}">
                <Coords points="1644,1369 1738,1312 1865,1297 2104,1326 2334,1286 2483,1319 2586,1301 2583,1228 2479,1204 2412,1228 2240,1202 2140,1243 2012,1196 1641,1268"/>
                <Baseline points="1649,1314 1695,1310 1742,1305 1788,1301 1835,1298 1881,1295 1928,1292 1974,1289 2021,1288 2067,1286 2114,1284 2160,1284 2207,1283 2253,1283 2300,1281 2346,1281 2393,1281 2439,1281 2486,1281 2532,1281 2579,1281"/>
                <TextEquiv>
                    <Unicode>segen, berde er daruberhin diesen Brieff ge¬</Unicode>
                </TextEquiv>
            </TextLine>
            <TextLine id="r7l9" custom="readingOrder {index:8;} person {offset:17; length:10;}">
                <Coords points="1641,1454 2002,1389 2252,1406 2378,1450 2506,1408 2601,1419 2599,1328 2401,1294 2293,1336 2195,1306 1640,1370"/>
                <Baseline points="1646,1412 1693,1407 1740,1403 1788,1399 1835,1395 1883,1392 1930,1390 1977,1388 2025,1386 2072,1385 2120,1383 2167,1383 2214,1383 2262,1383 2309,1383 2357,1383 2404,1385 2451,1386 2499,1386 2546,1388 2594,1389"/>
                <TextEquiv>
                    <Unicode>schrieben haben. Beclarirte Weiten</Unicode>
                </TextEquiv>
            </TextLine>
            <TextLine id="r7l10" custom="readingOrder {index:9;} person {offset:38; length:5;}">
                <Coords points="1625,1622 2128,1586 2238,1631 2400,1588 2554,1630 2562,1494 2392,1479 2247,1535 2048,1481 1888,1513 1626,1505"/>
                <Baseline points="1632,1583 1678,1583 1724,1582 1770,1581 1816,1581 1862,1581 1908,1581 1955,1581 2001,1581 2047,1581 2093,1581 2139,1581 2185,1581 2231,1582 2278,1583 2324,1584 2370,1584 2416,1586 2462,1586 2508,1587 2555,1590"/>
                <TextEquiv>
                    <Unicode>Verbichenen Winter hin durch siye der Aicut.</Unicode>
                </TextEquiv>
            </TextLine>
            <TextLine id="r7l11" custom="readingOrder {index:10;} person {offset:28; length:7;}">
                <Coords points="1638,1700 1884,1723 2019,1674 2604,1686 2603,1641 2334,1588 2237,1631 2086,1595 1984,1654 1879,1591 1785,1641 1715,1608 1637,1634"/>
                <Baseline points="1643,1680 1690,1680 1738,1679 1786,1679 1834,1677 1881,1676 1929,1675 1977,1674 2025,1673 2072,1671 2120,1671 2168,1670 2216,1670 2263,1670 2311,1668 2359,1670 2407,1670 2454,1670 2502,1671 2550,1673 2598,1676"/>
                <TextEquiv>
                    <Unicode>fueter off zu seinem Bruder Gabriel gekommen,</Unicode>
                </TextEquiv>
            </TextLine>
            <TextLine id="r7l12" custom="readingOrder {index:11;}">
                <Coords points="1643,1789 1713,1808 1808,1774 2015,1778 2141,1809 2246,1774 2383,1816 2523,1783 2522,1717 2386,1687 2129,1736 2085,1703 2032,1733 1913,1696 1807,1724 1642,1699"/>
                <Baseline points="1649,1775 1692,1773 1735,1772 1779,1771 1822,1770 1865,1769 1909,1769 1952,1769 1995,1767 2039,1767 2082,1767 2125,1767 2169,1767 2212,1767 2255,1767 2299,1767 2342,1766 2385,1766 2429,1766 2472,1764 2516,1763"/>
                <TextEquiv>
                    <Unicode>und haben mit einander geflißmet; Endlich</Unicode>
                </TextEquiv>
            </TextLine>
            <TextLine id="r7l13" custom="readingOrder {index:12;}">
                <Coords points="1619,1936 1693,1902 1737,1923 2004,1879 2306,1917 2586,1882 2577,1802 2515,1829 2011,1779 1619,1812"/>
                <Baseline points="1626,1869 1673,1869 1721,1869 1768,1869 1816,1869 1864,1869 1911,1869 1959,1870 2007,1871 2054,1871 2102,1871 2150,1872 2197,1872 2245,1872 2293,1871 2340,1871 2388,1870 2436,1868 2483,1866 2531,1865 2579,1862"/>
                <TextEquiv>
                    <Unicode>habexr seinen Gruder gefragt, Mas sie doch mit</Unicode>
                </TextEquiv>
            </TextLine>
            <TextLine id="r7l14" custom="readingOrder {index:13;}">
                <Coords points="1631,1997 1979,1964 2045,1998 2194,1966 2259,2002 2342,1973 2485,1999 2575,1973 2576,1894 2527,1929 2414,1895 2218,1926 2158,1891 2054,1922 2008,1885 1632,1914"/>
                <Baseline points="1637,1965 1683,1964 1730,1962 1776,1962 1823,1961 1870,1961 1916,1961 1963,1962 2010,1962 2056,1962 2103,1964 2150,1964 2196,1965 2243,1966 2290,1967 2336,1967 2383,1967 2430,1967 2476,1967 2523,1967 2570,1965"/>
                <TextEquiv>
                    <Unicode>Einander haben, welcher Ihme Inquisit gesagt:</Unicode>
                </TextEquiv>
            </TextLine>
            <TextLine id="r7l15" custom="readingOrder {index:14;}">
                <Coords points="1629,2070 1849,2065 1917,2095 2125,2069 2202,2099 2300,2075 2496,2107 2606,2069 2607,2023 2469,2033 2312,1988 2087,2025 1939,1974 1630,1997"/>
                <Baseline points="1635,2052 1683,2054 1731,2055 1779,2057 1828,2057 1876,2058 1924,2060 1973,2060 2021,2061 2069,2061 2118,2063 2166,2063 2214,2064 2262,2064 2311,2064 2359,2065 2407,2066 2456,2066 2504,2066 2552,2066 2601,2066"/>
                <TextEquiv>
                    <Unicode>Man Er ihme Versprechen wolle zu den Zürgerlichen</Unicode>
                </TextEquiv>
            </TextLine>
            <TextLine id="r7l16" custom="readingOrder {index:15;}">
                <Coords points="1619,2201 1842,2156 2243,2200 2297,2167 2576,2177 2577,2117 2467,2126 2366,2091 2245,2125 2152,2080 1690,2097 1622,2065"/>
                <Baseline points="1626,2144 1673,2144 1720,2145 1767,2145 1815,2146 1862,2147 1909,2148 1956,2149 2004,2150 2051,2151 2098,2153 2145,2153 2193,2154 2240,2156 2287,2156 2334,2157 2382,2159 2429,2159 2476,2160 2523,2160 2571,2160"/>
                <TextEquiv>
                    <Unicode>Briyheiten telsfen Sorg tragen, so wolle er er¬</Unicode>
                </TextEquiv>
            </TextLine>
            <TextLine id="r7l17" custom="readingOrder {index:16;} person {offset:37; length:3; continued:true;}">
                <Coords points="1622,2267 2592,2294 2594,2204 2423,2183 2277,2170 2093,2219 2024,2174 1825,2212 1763,2170 1624,2188"/>
                <Baseline points="1629,2237 1676,2237 1724,2238 1772,2240 1820,2241 1868,2242 1916,2244 1963,2246 2011,2247 2059,2249 2107,2250 2155,2252 2203,2253 2251,2255 2298,2256 2346,2258 2394,2259 2442,2259 2490,2261 2538,2261 2586,2261"/>
                <TextEquiv>
                    <Unicode>hme sagen. Moredrigen Tags haben der Ga¬</Unicode>
                </TextEquiv>
            </TextLine>
            <TextLine id="r7l18" custom="readingOrder {index:17;} person {offset:0; length:6; continued:true;}">
                <Coords points="1618,2355 2207,2381 2329,2356 2466,2394 2583,2366 2584,2328 2354,2278 2269,2298 1945,2263 1862,2310 1621,2270"/>
                <Baseline points="1625,2333 1672,2333 1720,2333 1767,2333 1815,2334 1863,2336 1910,2337 1958,2339 2005,2341 2053,2343 2101,2344 2148,2346 2196,2349 2243,2350 2291,2352 2339,2354 2386,2355 2434,2356 2481,2357 2529,2357 2577,2357"/>
                <TextEquiv>
                    <Unicode>obriel ihne angesprochen, und ihme das gleiche</Unicode>
                </TextEquiv>
            </TextLine>
            <TextLine id="r7l19" custom="readingOrder {index:18;}">
                <Coords points="1611,2469 1823,2445 1872,2474 1952,2439 2070,2469 2161,2452 2221,2497 2313,2467 2424,2486 2519,2461 2522,2396 2350,2357 2276,2396 2138,2367 2079,2409 2027,2365 1987,2387 1802,2349 1615,2357"/>
                <Baseline points="1619,2424 1663,2426 1708,2427 1753,2429 1797,2430 1842,2432 1887,2433 1931,2435 1976,2437 2021,2439 2066,2440 2110,2441 2155,2443 2200,2445 2244,2447 2289,2448 2334,2450 2378,2451 2423,2454 2468,2456 2513,2457"/>
                <TextEquiv>
                    <Unicode>gesagt, darauf er ihme verdeutet. Er habe.</Unicode>
                </TextEquiv>
            </TextLine>
            <TextLine id="r7l20" custom="readingOrder {index:19;}">
                <Coords points="1628,2537 1758,2538 1807,2572 1843,2548 2091,2575 2267,2549 2499,2600 2504,2504 2315,2467 2221,2497 1631,2461"/>
                <Baseline points="1635,2513 1678,2517 1721,2520 1764,2523 1807,2526 1850,2528 1893,2529 1936,2531 1979,2532 2022,2534 2065,2535 2108,2537 2151,2539 2194,2540 2237,2543 2280,2544 2323,2547 2366,2550 2409,2553 2452,2557 2495,2562"/>
                <TextEquiv>
                    <Unicode>ein Gödtlich Gesicht von seinem Pattar sol.</Unicode>
                </TextEquiv>
            </TextLine>
            <TextLine id="r7l21" custom="readingOrder {index:20;}">
                <Coords points="1620,2615 1833,2658 2336,2656 2499,2693 2567,2672 2570,2618 2318,2567 2195,2603 2014,2548 1892,2595 1764,2542 1623,2556"/>
                <Baseline points="1626,2606 1672,2611 1719,2613 1766,2617 1813,2620 1860,2622 1906,2625 1953,2628 2000,2630 2047,2631 2094,2633 2140,2636 2187,2637 2234,2640 2281,2642 2328,2645 2374,2647 2421,2650 2468,2653 2515,2656 2562,2660"/>
                <TextEquiv>
                    <Unicode>im Traum gehabt, und seinem Vadter vor sich¬</Unicode>
                </TextEquiv>
            </TextLine>
            <TextLine id="r7l22" custom="readingOrder {index:21;}">
                <Coords points="1597,2727 2498,2782 2579,2760 2582,2714 2492,2724 2379,2668 2178,2704 2017,2653 1733,2663 1603,2630"/>
                <Baseline points="1605,2697 1653,2702 1701,2706 1750,2709 1798,2714 1847,2717 1895,2721 1944,2724 1992,2727 2041,2730 2089,2733 2137,2736 2186,2738 2234,2741 2283,2742 2331,2744 2380,2747 2428,2748 2477,2750 2525,2751 2574,2751"/>
                <TextEquiv>
                    <Unicode>stehen gesehen, der zu ihme mitlauter Stimme</Unicode>
                </TextEquiv>
            </TextLine>
            <TextLine id="r7l23" custom="readingOrder {index:22;} person {offset:10; length:6;} person {offset:18; length:6;}">
                <Coords points="1610,2814 1715,2839 1818,2812 2098,2869 2179,2845 2236,2885 2376,2853 2545,2874 2566,2790 2428,2762 2325,2804 2149,2741 2088,2783 1931,2735 1866,2767 1614,2738"/>
                <Baseline points="1617,2793 1666,2797 1715,2801 1765,2805 1814,2809 1864,2812 1913,2816 1962,2820 2012,2823 2061,2827 2111,2830 2160,2832 2210,2835 2259,2837 2308,2839 2358,2841 2407,2843 2457,2844 2506,2846 2556,2846"/>
                <TextEquiv>
                    <Unicode>gerusfen: Daniel, Daniel die Racht</Unicode>
                </TextEquiv>
            </TextLine>
            <TextLine id="r7l24" custom="readingOrder {index:23;}">
                <Coords points="1608,2902 1703,2944 2077,2959 2127,2933 2260,2972 2470,2948 2556,2979 2559,2923 2427,2860 2237,2885 2168,2850 1902,2864 1822,2814 1700,2850 1614,2814"/>
                <Baseline points="1616,2882 1662,2886 1709,2891 1756,2896 1803,2900 1850,2903 1896,2907 1943,2910 1990,2914 2037,2918 2084,2920 2130,2923 2177,2925 2224,2928 2271,2931 2318,2933 2364,2936 2411,2937 2458,2940 2505,2942 2552,2945"/>
                <TextEquiv>
                    <Unicode>darauf habe Er noch mahlen eben diester Traum¬</Unicode>
                </TextEquiv>
            </TextLine>
            <TextLine id="r7l25" custom="readingOrder {index:24;}">
                <Coords points="1608,3018 1886,3022 2076,3068 2133,3040 2270,3074 2551,3073 2556,2999 2496,2986 2177,2986 2100,2952 1816,2932 1613,2947"/>
                <Baseline points="1617,2987 1663,2991 1709,2997 1756,3002 1802,3005 1849,3011 1895,3014 1942,3018 1988,3021 2035,3024 2081,3027 2127,3030 2174,3033 2220,3036 2267,3039 2313,3042 2360,3045 2406,3047 2453,3050 2499,3053 2546,3056"/>
                <TextEquiv>
                    <Unicode>gehabt, und declariere Ihme hirmit, er wolle</Unicode>
                </TextEquiv>
            </TextLine>
            <TextLine id="r7l26" custom="readingOrder {index:25;}">
                <Coords points="1615,3101 1964,3171 2049,3140 2102,3170 2147,3146 2521,3176 2525,3130 2383,3075 2259,3113 2127,3059 1901,3075 1829,3023 1747,3049 1622,3008"/>
                <Baseline points="1623,3080 1667,3087 1712,3094 1756,3100 1801,3106 1846,3111 1890,3114 1935,3119 1980,3122 2024,3125 2069,3128 2114,3131 2158,3134 2203,3135 2248,3139 2292,3140 2337,3144 2382,3146 2426,3149 2471,3152 2516,3156"/>
                <TextEquiv>
                    <Unicode>mit diesem nichte zuthun haben. Etbau ein</Unicode>
                </TextEquiv>
            </TextLine>
            <TextLine id="r7l27" custom="readingOrder {index:26;} person {offset:39; length:7;}">
                <Coords points="1610,3176 1847,3253 1988,3222 2131,3287 2451,3261 2594,3309 2603,3206 2481,3178 2122,3191 2053,3153 1841,3181 1767,3125 1615,3119"/>
                <Baseline points="1616,3173 1664,3181 1713,3189 1762,3197 1811,3204 1859,3209 1908,3213 1957,3219 2006,3223 2054,3227 2103,3230 2152,3234 2201,3237 2249,3242 2298,3245 2347,3249 2396,3254 2444,3258 2493,3264 2542,3269 2591,3276"/>
                <TextEquiv>
                    <Unicode>Monath hernoch habes ihrer sein Gruder Gabriel</Unicode>
                </TextEquiv>
            </TextLine>
            <TextLine id="r7l28" custom="readingOrder {index:27;} person {offset:4; length:6;}">
                <Coords points="1618,3282 1739,3304 1824,3362 1962,3334 2242,3396 2516,3385 2536,3334 2426,3279 2276,3295 2224,3262 2067,3289 1981,3240 1870,3272 1625,3209"/>
                <Baseline points="1625,3273 1670,3282 1715,3290 1760,3297 1805,3303 1850,3309 1895,3315 1940,3319 1985,3324 2030,3329 2075,3332 2120,3336 2165,3339 2210,3343 2255,3347 2300,3351 2345,3354 2390,3358 2435,3363 2480,3369 2525,3374"/>
                <TextEquiv>
                    <Unicode>und Lientl. Fueter nochmahls von diesen</Unicode>
                </TextEquiv>
            </TextLine>
            <TextLine id="r7l29" custom="readingOrder {index:28;}">
                <Coords points="2363,3512 2402,3513 2483,3470 2506,3462 2526,3465 2530,3431 2515,3427 2495,3440 2483,3425 2478,3427 2442,3397 2419,3404 2401,3395 2382,3409 2374,3408"/>
                <Baseline points="2375,3459 2403,3459 2432,3461 2461,3465 2490,3469 2519,3474"/>
                <TextEquiv>
                    <Unicode>Sachen</Unicode>
                </TextEquiv>
            </TextLine>
            <TextEquiv>
                <Unicode>Garil. Puctir
beglaube, Er konne Versicheren Nein, er¬
hebe hierüber keine Conespondenz mit ihme
gehabt, glaube, daß dieser H. Schultheiß¬
durch die Erste Post, nach dem diesere Sach¬
ausgebrochen, werde Vernommen haben,
daß unter deein Arrestierten auch Kurter¬
segen, berde er daruberhin diesen Brieff ge¬
schrieben haben. Beclarirte Weiten
Verbichenen Winter hin durch siye der Aicut.
fueter off zu seinem Bruder Gabriel gekommen,
und haben mit einander geflißmet; Endlich
habexr seinen Gruder gefragt, Mas sie doch mit
Einander haben, welcher Ihme Inquisit gesagt:
Man Er ihme Versprechen wolle zu den Zürgerlichen
Briyheiten telsfen Sorg tragen, so wolle er er¬
hme sagen. Moredrigen Tags haben der Ga¬
obriel ihne angesprochen, und ihme das gleiche
gesagt, darauf er ihme verdeutet. Er habe.
ein Gödtlich Gesicht von seinem Pattar sol.
im Traum gehabt, und seinem Vadter vor sich¬
stehen gesehen, der zu ihme mitlauter Stimme
gerusfen: Daniel, Daniel die Racht
darauf habe Er noch mahlen eben diester Traum¬
gehabt, und declariere Ihme hirmit, er wolle
mit diesem nichte zuthun haben. Etbau ein
Monath hernoch habes ihrer sein Gruder Gabriel
und Lientl. Fueter nochmahls von diesen
Sachen</Unicode>
            </TextEquiv>
        </TextRegion>
        <TextRegion orientation="0.0" id="r8" custom="readingOrder {index:7;}">
            <Coords points="2601,247 2601,401 2706,401 2706,247"/>
            <TextLine id="r8l1" custom="readingOrder {index:0;}">
                <Coords points="2596,383 2624,386 2646,380 2654,387 2664,382 2689,392 2713,389 2710,282 2692,287 2657,257 2614,285 2593,282"/>
                <Baseline points="2601,348 2627,351 2653,349 2679,347 2706,348"/>
                <TextEquiv>
                    <Unicode>291.</Unicode>
                </TextEquiv>
            </TextLine>
            <TextEquiv>
                <Unicode>291.</Unicode>
            </TextEquiv>
        </TextRegion>
    </Page>
</PcGts>
