3024 4032
390 500 513 581 128.
402 554 526 675 26.
579 515 1479 833 Donl Gser emnen
623 666 1218 809 und Schiffleuthen Wührt¬
338 779 578 894 Beclarirt.
621 755 1447 967 Canstags den 3. July litzthin, as
546 901 1460 1059 erlagen einer Assistenz vor Ober Kor¬
520 976 1444 1141 gricht Erschiinen müßen, und gegin¬
546 1083 1449 1244 12. Uhren Morgens Bieder nach Kas
539 1192 1467 1351 gekommen, habe er den Lieutenant Bunden
538 1279 1449 1448 in seiner Stuben angetroffen, welcher zun
545 1372 1461 1524 Bekanter und Verlancter gelrefen, und¬
543 1478 1440 1629 öffters bey ihm gebartet, biß Megspon
534 1587 1455 1707 aus dem Rath gegangen, da er kan die
540 1683 1458 1803 Parsle abgehohlt. Damahlen habe ihme
533 1772 1463 1903 Her Licutenant Kunter gesagt: Vitter
525 1876 1455 1993 ich wolte dir gerne etwar sagen aber
528 1956 1398 2093 du muß versprechen, daß du solcher
513 2041 1452 2159 Nimandem sagen wollest, Er habe aber
521 2146 1439 2271 grantbortet: Er verspreche nichts, hierauf
506 2242 1436 2377 seye Er Deponent zu hinterst in die Stuben
505 2335 1427 2462 gegangen, und habe dem Bucker Verdung¬
514 2438 1427 2572 rtet, Er könne ihme schon hier in gehien
495 2479 1442 2651 reilen, beder seine Fraule noch sonsten
474 2616 1442 2754 Inmand anders Berde auf sie Achtung
484 2685 1436 2851 geben; der Hunter aber habe aparte ger
475 2779 1439 2959 chee bollen, Und obschon er mit Ihren der
491 2854 1455 3051 die Chur hirauß und auf die Segen gen
480 2947 1440 3144 gangen, habe der Hunter geförchte, ad
477 3070 1451 3234 mochte es jemanshören, derobegene
1014 3203 1104 3273 5
459 3152 1444 3356 selligen in seine Obere nemer gefuhrte
458 3255 1442 3436 Allos er ihm Deponenten gefragt: Sir
475 3345 1435 3606 auch Ers guoßlih machen beld.
1292 3451 1370 3630 G
1527 2482 1602 2608 3
1551 1972 1608 2093 8
2576 606 2704 736 29.
1709 581 2434 768 Oierer, Procurator.
1675 740 2655 886 Er habe aber so gleich hierauf erbiederet
1690 820 2631 983 Er Funter sey ein Karr, und er bolle
1673 927 2616 1072 und Begehre nichts von ihme zu laßen
1672 1042 2608 1176 noch zu hören, loorauf er auch alsobald
1670 1120 2642 1256 die Thur u. die Gand genommen, und zuder
1651 1219 2599 1360 Kueter gesprochen: Behuet dich Bodts
1645 1324 2566 1451 Hernach er bieder die Stegen hinunter
1655 1412 2605 1563 in die Untere Stuben gegangen, aler¬
1637 1526 2581 1643 Pueter aber seyn gantz unbillig und
1636 1607 2590 1739 Recta zum Hauß hinauß gegangene
1695 1689 2576 1840 Dlieser seyn alles, was er dieser Sachen
1644 1779 2572 1921 halber in Wißen habe, und ein Mehrerbe
1638 1881 2276 1996 seye ihme gar nicht bekent.
1650 1929 2558 2106 der Kunter berde ihme doch gesagt haben,
1628 2058 2573 2198 was er durch diß Eysgnoßlis-ma
1616 2147 2563 2283 Gerr Verstanden, dann sonsten er ihme
1630 2229 2542 2356 nicht grad geantwortet hatte. Au bist
1619 2311 2556 2449 ein Karr, und er möge nichts hören noch¬
1618 2405 1812 2525 lißen.
1635 2514 2565 2627 Nien. Er bezeuge, daß ein mehrers, als
1613 2592 2537 2709 obiger, zlischen ihnen nicht geredet worden,
1626 2681 2537 2815 Allein, da er vor etbelchen Jahren sich auch
1610 2768 2546 2889 unglückhafftiger Myr unter dienee Memo¬
1598 2853 2539 2990 nrialisten befunden, habe er gedacht, es
1607 2942 2548 3105 möchte auch etbas dergleichen seyn, Auch,
1608 3031 2532 3172 Als er grad hernach Bieder in die Untere
1592 3146 2568 3275 Stuben gekomen, habe er diese Vergangen¬
1586 3242 2562 3364 heit seiner Braub erzehlet und gesagt, bay
1601 3321 2561 3491 etlan der Bruter durch das Eysgriößkei
1606 3435 1815 3521 gemeint.
2282 3486 2544 3597 Instiet.
