3024 4032
362 243 512 328 374.
650 232 1279 407 Pattler Miegsam.
544 351 1440 580 Emnache Zeit darnach habe er ihme be¬
552 476 1412 659 dermahlen proponirt, Ober nicht
556 583 1425 764 nach dem NachtEßen vor das Abern
568 683 1419 856 Thor hiausspatzieren wollte, er¬
571 796 1435 957 berde an einem Ohrt gute Freues¬
572 879 1408 1046 antreffen, da Man dann zu dem
570 991 1427 1145 Kupster in Sulgenbach gehen, und
552 1090 1440 1254 sich allda unterreden werde, belcher
563 1201 1297 1326 er ihme auch außgeschlagen.
563 1279 1448 1454 Sonntags vorher, ehe die Sach auß¬
542 1401 1445 1521 "gebrochen, hhabe er ihme Bährend der¬
546 1476 1454 1624 Morgen- Predigt nachgefragt und
560 1577 1417 1725 ihne befragt, Ob er nicht nach Mittag
563 1668 1366 1784 zum Wernier kommen bolle, es
567 1768 1433 1903 beyden allda etwelche gute Freund¬
549 1855 1441 1996 zusamen kommen; Auch dießes hobe¬
561 1960 1432 2091 er außgeschlagen und geantbortet,
542 2062 1430 2182 Er berde selbsten Visites von seinen¬
549 2152 1428 2275 Verbandten bekommen. Siethero
560 2249 1434 2370 um habe er ihne Beiters nicht mehr¬
540 2328 1427 2458 gestehen. Den Morgen darauf,
534 2424 1437 2546 als ihne Gabriel Zueter eingeladen,
526 2527 1417 2646 zu dem Kupster im Solgenbachzu¬
522 2596 1409 2733 gehen, habe er Deponent den Gold
514 2712 1410 2851 schmied Christen Befragt, Ober¬
532 2777 1425 2942 dorten geloesen, und bas mann allde¬
511 2886 1420 3044 verrichtet? Welcher ihme grantben
522 2980 1412 3154 tet: Ja, er sege da Gsin, und mü¬
514 3102 1384 3242 habe eine Schrifft abgelesten, belh¬
1238 3170 1395 3318 uh
2492 310 2634 426 377
1727 325 2390 501 Sattler Miegsanr.
1627 459 2579 627 Man Barrs, Veste geheißen, Auch
1631 568 2593 736 habe mann gesagt: Es solle ein jeter¬
1643 662 2580 805 seine Gedancken eröffnen, Mann woll
1641 759 2553 928 noch mehr zu samen kommen, darbey
1637 850 2538 1008 auch dieße Wort gerecket: Weiß
1617 960 2559 1110 Gott, Wir Bätten nicht genug. Ein¬
1613 1078 2502 1188 paar Tage hernach habe Christen ihme
1622 1170 2543 1285 Deponent verdeutet, sein Bruder der¬
1623 1256 2544 1389 Marchand seyn bey dem Mermer ger¬
1631 1363 2520 1490 besten, und habe ihme gesagt, er bolle
1632 1457 2325 1580 nicht in dieße Sach eintretten.
1625 1543 2532 1668 Auf befragen, Ob Ihme der Bebriel¬
1616 1646 2476 1757 Pnter nicht einen Eyd abgeforderet,
1606 1727 2547 1852 sagte er kein, wohl habe er ihme Ledi¬
1604 1824 2520 1955 nger diegen die Verschlangenheit an¬
1619 1920 2508 2022 Recommendirt, damit er eit geho¬
1621 2008 2519 2107 bie Ab 1744. mit dem Memorial,
1613 2093 2510 2219 und es außkomme, ehe man den
1613 2178 2528 2304 Vertrag praesentieren könne, belcher¬
1624 2268 2439 2396 mit einem hierlichen Begleit von¬
1607 2356 2516 2499 Anfehenlichen Bürgeren geschehen
1620 2448 2481 2587 berde; Dieße Verschlargenheit nun
1610 2524 2559 2654 habeer dem Bunter in die Hand verschrochen
1610 2636 2514 2770 Er habe ihme aber nicht eröffnet, daß
1610 2728 2508 2848 sie den Vortrag mit gebaßenter Hand
1625 2824 2508 2959 understuthen bollen, so benig als der
1607 2904 2135 3038 Geldchmis Christen.
1742 2999 2477 3124 Noch einsten habe Lintl. Zunter
1610 3096 2535 3231 im Vorbeygehen, bey seinem Laden,
1619 3189 2521 3342 ihm Deponent gefragt: Ob nicht
2411 3296 2540 3400 er
