3024 4032
365 460 477 591 450.
566 467 1420 717 Daniel Stettler, Studiosus¬
556 620 1444 829 angetroffen, und ihne also angeridet:
537 720 1443 936 Jetz müße er nach Einander mit Ihme¬
546 834 1462 1053 zu seinem Schlager, mit Wiederhohtung
544 954 1441 1144 obverdeuter Brunden, da Er kan¬
549 1046 1433 1216 mit ihme hinaufgegangen, in Herr
532 1134 1452 1338 Stattschreiber Mutach Hauß, Allso Ver¬
542 1260 1396 1436 einer gebohnet, der Mermer seyn
545 1362 1465 1514 nicht zu Kauß gelaefen, seyn aber bald¬
539 1442 1453 1600 darauf ankomen. Nachdeme nun die¬
536 1536 1463 1687 Chur verschloßen borden, habe der
526 1644 1457 1799 Reinhardt angefangen, die Erzehlung
535 1745 1466 1879 machen, bie er ihme Deponent die Sach¬
532 1838 1400 1974 geoffenbahret, Ehe er etwas gerick¬
533 1931 1437 2065 habe der Mernier alsobald angefangen
533 2030 1437 2165 zu sagen: Wie Er deponent ihr Vor¬
518 2135 1442 2268 haben luße, daß sie sich verschlorgen¬
518 2215 1440 2357 haben, die alten Freÿheiten und Rechte¬
536 2323 1418 2452 Bieder zu begehren, mit Verbeisung
524 2413 1433 2551 einer Liste, worauf die Vorbenambsete
538 2483 1445 2636 und noch Mehrere gebesen, daran er
506 2574 1436 2758 sich nit mehr Erinnere, von dinn der¬
513 2673 1428 2827 Mermer gesagt, daß sie alle ehinder
502 2774 1429 2943 das Leben laßen, als ferners also seyn
505 2824 1440 3050 wolten, Sie seyen dahero gesinnet, auß
507 2959 1428 3130 einen Tag, wan Räth und Bürger Ver¬
495 3019 1426 3233 ofanclet seyn werden, mit bebehrter Jei
493 3138 1431 3387 auf dar RathHauß zu gehen, und stlh
466 3200 1438 3433 zubegehren, auch Allfällig sich zu behen¬
481 3323 1427 3535 Man berde aber zuvor sich noch recht n
489 3421 1410 3647 weden, bie mann er außfuhren unds
2543 582 2644 665 151.
1654 581 2588 768 Doniel telller, Studiosus
1650 732 2614 882 beschutzen bolle so. Und Er Deponent¬
1632 815 2593 968 werde hiemit auch beypflichten Boller¬
1715 934 2613 1109 Worüber Er dem Mermier verdeuket,
1627 1013 2612 1168 Er sehe die Sache gantz anderst an, es mache
1628 1134 2593 1265 Ihme Mehe sich hierüber zu entschließen
1646 1227 2569 1358 wolle sich diese Nacht darüber bedencken
1629 1316 2574 1458 Er habe sich geforchtet, wan er es pletzlich
1647 1409 2563 1535 abschlage, könte ihme etwas wieder,
1636 1500 2566 1637 fahren; Welcher der Mermer zbar
1636 1598 2548 1718 endlich bhrgenomen, doch ihne gemacht
1619 1683 2548 1815 zu versprechen mit Worten, als vor Boll
1637 1778 2513 1912 und an Eydes Statt, daß er niemand
1613 1879 2560 2006 von dem ihmen geoffenbahreten Alldas sagen
1620 1958 2535 2107 wolle, mit Bedrohung ohnfehbahren Tones,
1616 2053 2519 2171 so ntbas dergleichen entdeitet burde.
1631 2142 2553 2288 zugleich habe der Mereier Zlrey Pistolets
1632 2230 2523 2364 aus dem Sach gezogen, und ihme solche¬
1607 2321 2552 2453 gezeigt, mit Vermelden, solche trage ein
1606 2410 2531 2552 jeder bey sich zur Mehr, sie seynn alle¬
1607 2491 2530 2619 Stund parat, bau es sich vor der Zeit¬
1634 2590 2517 2711 angehen solte, und burde gebuß mit
1618 2676 2442 2805 ihme der Anfang gemacht berden,
1624 2771 2544 2899 Worauf er dem Mernier, doch ohne Forma¬
1626 2858 2517 2983 litat eines Eydts, zugesagt und Ver¬
1610 2943 2556 3082 sprochen, daß er schlöeigen Berke. Er¬
1601 3032 2540 3175 habe Vergeßen zusagen, daß in der Zeit,
1613 3131 2580 3256 und mitterbeilen der Mernier also mnt
1610 3224 2593 3355 Ihme gerecket, der Studiosus Mäußlin, daß
1609 3309 2552 3446 Rothgußers Brucer, nach deme selbiger
1624 3408 2556 3538 geklopfet, hineingeloßen worden, von
2379 3485 2542 3593 Ihre
