3024 4032
352 225 485 335 386.
646 235 1210 413 Lutz Marchand.
530 411 1438 639 Hernach habe er Ihne nicht mehr ge¬
562 537 1446 737 sehen biß an dem Montag, ehe die¬
538 663 1457 859 Sach ausgebrochen, bin er kann nach
551 767 1146 888 bahrts sagen werde.
543 856 1457 1051 Inzwischen eine Zinliche Zeit her¬
557 980 1425 1150 nach, seye er Deponent, umb 9.
541 1071 1448 1226 Uhren Abendts, auf dem Graben
529 1154 1451 1352 gespatziert, da er dann den Licutz
545 1273 1456 1453 und Goldscheies Gueter angetroßfen,
533 1378 1465 1526 Mit dem Lieutl. Hueter habe er vorher¬
548 1479 1442 1608 die Sage seiner Lebens niemahls
539 1574 1414 1691 geredt. Nachdeme sie etwann eine
558 1661 1440 1811 Viertel Stund nur von Indifferenten
538 1747 1377 1896 Sachen gerecket, sagte der Lieutl.
538 1835 1441 2002 Puhter: Sie haben eben jetz gebür¬¬
523 1957 1449 2075 geret, und von verschiedenen Sachen¬
530 2045 1434 2182 geredet, mit befragen, Ob der Mar¬
533 2142 1442 2293 Ghand Wernier nicht bey ihme R¬
527 2247 1358 2368 ponent gelesen, und mit Ihme
538 2334 1446 2454 begen dem Bederen Zoll, zu welchen
521 2416 1429 2552 er verfällt borden, gesprochen habe.
509 2490 1443 2634 Worauf er ihme geantbortet und
531 2596 1436 2747 gesagt, bas zwwischen ihnen deßen¬
517 2668 1426 2841 halben passirt, wie oben erzehlet,
512 2785 1427 2935 Worüber Sie gesagt. Er seyn doße
506 2899 1416 3051 Angerecht, bie Mann mit Ihme er¬
495 2981 1407 3168 gegangen seÿn, und er habe ihm
502 3057 1425 3256 geklagt, er wolle sich Niemande¬
1263 3162 1410 3287 Siper
2520 311 2642 438 387.
1729 324 2371 488 Lutz Marchand.
1655 464 2591 596 dießer Sach seiner annimmen; Mann
1628 561 2622 705 solle mithin zusamen halten; Und obschon
1634 656 2566 792 er Deponent dißmahl Bohl seyn, und er
1633 742 2580 893 der Hueter einen Posten habe, so solten sie
1630 844 2559 981 doch an ihre Kinder und an die ondere Be¬
1628 940 2547 1078 drängte Bürgerschoff gedemken; Alle
1619 1048 2529 1185 Handlung zu Statt und Lans seyn bald in
1630 1126 2507 1274 frembden Händen p. f. Undes
1634 1233 2556 1360 müße in allen dißen Stecken Remedirt
1637 1327 2539 1466 seyn, Man solle sich unterreden und zu¬
1625 1420 2534 1555 samnen halten; daraufhin befragt: Ob
1621 1518 2525 1630 er Deponent keine Societet habe, oder
1622 1599 2479 1737 auf die kleine Schantz gehe, er solte
1619 1699 2523 1840 doch dahin kommen, Man rede Allde¬
1611 1788 2551 1891 von Zeit zu Zeit von der gleichen Sachens
1601 1864 2471 1992 Worüber er geantbortet: Er habe er¬
1606 1960 2445 2083 nicht an der Zeit, und seine Geschäfft¬
1600 2051 2536 2196 laßen es ihme nicht zu So habe er
1607 2140 2519 2282 ihne gefragt: Ober den Kepfer im
1600 2222 2511 2361 Sulgiebach nicht keinen: darauf Er
1595 2318 2527 2451 Deponent verdeetet, wohler Benne
1606 2420 2535 2539 ihne, und seye ihm ein lieber Mann, auch
1594 2477 2505 2602 habe er viel mit ihme Zuthun gehabt,
1601 2589 2525 2726 Worauf sie ihme beyde gesagt. Er müße¬
1589 2700 2521 2808 einsten mit Ihnen hinauß zu dem Kepster
1575 2792 2527 2918 gehen, da sie dann alldorten von den Bürger¬
1598 2880 2547 3011 lichen Angeligenheiten reden werden,
1583 2978 2527 3110 Er habe ihnen geantwortet: Er wolle gar gern
1590 3069 2535 3196 mit ihnen hingehen, doch seyen sie niemahls¬
1590 3165 2544 3303 gebommen, und er seye auch nicht gegangen.
2292 3279 2500 3382 Obschon
