3024 4032
370 3061 455 3191 B
383 3163 452 3234 K
399 1039 450 1118 1
399 1391 452 1458 6
417 471 452 547 1
502 453 633 574 46.
762 362 1464 607 Are ier
619 588 1242 769 Als erstich eerineren könne
587 744 1106 917 Müller, der Mehger
601 896 785 1028 Heustz
815 883 1415 1116 Beyd glihahs Masger
596 999 795 1121 Hage
594 1006 1532 1191 Schärer, qperator, als ie ihme als einen
607 1106 1520 1281 verbandten, von diesen Sachen geredt, habe
582 1203 1544 1408 Er ihme Inquisiten den Eyd der verschwiege¬
595 1319 1526 1507 heit geschworen, denoch sich erblähet, daß
589 1418 1535 1591 erin beinen begen damit zu thun haben
593 1544 771 1696 bolle.
497 1700 1534 1866 A.Oberuun alle diejenigen angezeigt, bei¬
575 1807 1505 1946 che hieran antheil und Betanschafft dißer
566 1920 941 2045 Sachen gehabt?
458 2094 1524 2238 den Sotseith ihme in bußen, habe er stelbige
568 2199 949 2332 Alle vermeldet.
447 2330 1512 2549 E. der reicht steye gefallen, Er habe sich her
535 2482 1512 2638 außgelaßen, daß im fahl eines Lermens
498 2584 1492 2725 sie die verbündeten sich der Statt bacht
507 2673 1493 2839 nichts zu befahren haben sollen, Ob er
499 2776 1516 2950 dann in der Tthat der Bacht allso bohl¬
483 2885 1031 3044 versicheret gebesten?
478 3100 1484 3267 Er habe deß habber nichts anders gestagt,
467 3177 1512 3389 Alß daß, ban bey eräugnendem Fahtwe
445 3299 1486 3491 die Wacht sich darein mischen wolbe
2676 372 2795 476 43
1763 399 2657 609 Beutenant Pueter.
1688 568 2772 703 so werde er ihnen stagen, daß sie sich still
1674 659 2810 773 halten, und sich nicht in Bürgerliche Sachen
1688 752 2777 876 mischen sollen, Sintemahl die Bürger die
1674 834 2774 958 Wacht zahlen müßen, mit Bedrohung,
1688 931 2809 1060 daß, birigen fahls, man auf sieschießen
1666 1022 2774 1167 Burde, Aber übrigens habe er deßthalber
1687 1119 2698 1253 mit keinem einzigen auß der Wacht,
1677 1233 2796 1358 beder gemeinen, noch geschwornen geredet.
1575 1358 2807 1554 E. Ob nicht auch ein Abred geschehen, daß fahls
1674 1509 2832 1629 dieser ihr Project vor deßelben maturitet
1670 1613 2838 1765 entdebet bürde, Was solchenfahls zu thun
1640 1720 1896 1854 Neyn. b
1554 1896 2845 2067 R Janer gestehen, daß Sie hierüber auch geredet,
1668 2006 2836 2156 und für gut befunden, solchen fahls Alsobald
1666 2104 2777 2252 zur Execution zu schreiten, und zwahr
1682 2201 2797 2345 auf ein gegebenes Signal nach belchem
1669 2322 2824 2489 sie so gleich sich deß Raht, und ZeugHauses
1666 2393 2681 2595 zu bemeistern, trachten solten
1552 2516 2884 2814 A. Obnicht auch albereits unter ihnen Verglie¬
1682 2691 2880 2905 chen worden, welcher im fahl der Execution
1646 2795 2880 3015 die andern Comandieren, und die Anstalten
1649 2915 2092 3063 geben solle.?
1562 3028 2817 3299 H Es sern Wohl dasongeredt worden, und
1653 3209 2864 3424 zwar, daß er Inquisit hierzu der Tugend,
1653 3303 2778 3510 lichste steye, Sie habend aber dato loeder
2627 3506 2792 3634 Ein
