3024 4032
392 2731 457 2902 E
504 327 653 418 286.
427 1398 642 1548 Bhr
420 1701 578 1818 Antl.
427 2256 535 2423 4.
902 345 1192 517 Kamen
976 474 1089 566 Mit
652 518 1537 784 Siste Brndch an de den
869 669 1080 796 Gast.
652 784 1536 1052 Nachtehriger hnstige heimen
651 951 1525 1134 erung, über folgende Interrogata, mid¬
651 1082 1528 1225 was ihme als einem angegebenen Mit¬
644 1166 1495 1315 schaffen von dem leidigen Anschlag in¬
633 1233 1525 1420 Wißer seyn, die Grund und Umbständtliche
637 1329 1396 1493 Mahrheit zu bbekennen, wurde Er¬
679 1430 1414 1587 Ob Er nicht einiheZeit daher viel¬
609 1521 1127 1659 Kugler gegoßen habe?
607 1718 1516 1866 Er habe keine Andern Kuglen gegeßen, als
613 1798 1501 1946 diejinigen, so zu seine Schutzen Matt Ge¬
589 1917 1498 2046 wehren nimlich zu einem Hand, Rohr und¬
574 1989 1485 2145 Stuther gehören, sonsten werde Man keine¬
572 2087 1146 2251 andern bey Ihme finden.
576 2281 1478 2422 Ob Er nicht gebußt habe, daß ein Ae¬
553 2397 1468 2491 Johl. Zurger mit belaehrter Haus die Re¬
549 2477 1477 2618 estitution der Hürgerlichen Breyheiten bey¬
528 2569 1057 2701 Meghhu suchen Wolle?
515 2764 1439 2893 Ja, er habe etwas dergleichen gehört, von
501 2854 1418 3006 Schießen und dergleichen Sachen, außers¬
500 2962 1439 3099 Bas in seinem Beyseyn in Gerber Küher¬
471 3044 1412 3195 Hauß geredt hab Borden, habe Er nichts¬
464 3145 1418 3324 gehört, und damahls darbieder protistirt, aber
458 3265 1426 3441 gesagt und sich dahin heraußgelaßen, Er¬
1263 3353 1392 3434 Corke
1538 2892 1582 3032 9
1522 3165 1608 3294 8.
1541 2612 1603 2749 2
1552 2095 1635 2211 9.
1597 1330 1671 1461 2
1607 1107 1682 1198 4
1804 344 2535 607 ister Bondil.
1738 557 2643 776 Er bolle Helsten die Handtberdes, frey¬
1728 670 2619 877 schiten, Als Boten Man allein geridet,
1710 834 1909 977 schuthen.
1720 946 2667 1141 Obman nicht auch sich verabredet, daß Zing¬
2460 1084 2516 1219 2
1707 1097 2452 1274 n Rath Haufes sich zu bemächtigen
1711 1279 2636 1437 Von dem Zuug Hauß und Anderen Pösten
1688 1401 2563 1546 in der Statt sich zu bemächtigen, habe Er¬
1680 1506 2621 1655 auch gehört, von dem RathHauß aber nicht,
1664 1605 2627 1744 Maßen Er in keiner Versamblung gewe¬¬
1676 1713 2626 1831 ssen, woch aber von dem Goldschens Christen
1652 1808 2560 1945 zu einer eingeladen worden, aber, bi¬
1656 1908 2391 2027 gemildt, nicht darein gegangen.
1657 2092 2605 2203 Ober nit auch in Gerber Kuhes Hauß ge¬
1647 2170 2597 2305 hört, daß der Tag zu der Execution auf
1645 2260 2586 2417 den 13ten lis bestimmet worden, zugleich
1637 2368 2508 2508 der Schluß dahin gegangen, Megs ru¬
1626 2432 2573 2600 Rath und Bürger mit Gebolt abzusetzen.
1629 2643 2635 2809 Nun, seye aber nicht von Anfang da geliesen,
1617 2721 2464 2887 laße also nicht, was Sie geredt haben.
1621 2917 2584 3099 Ob Mann nicht auch von Massacriren eint¬
1612 3025 2621 3209 und Anderer Standes= Gliedern gehört habe?
1617 3205 2590 3393 Von Glut, Vergießen habe er nichts hören
1612 3315 2385 3499 wollen, sonder darbeider protestirt.
2351 3494 2478 3612 J.
2638 275 2757 411 297.
