3024 4032
351 240 506 341 384.
673 251 1411 493 Fanslator Braad.
549 409 1394 605 Herr Pfarrer Desgoutes bey¬
549 511 1438 705 ihme zu Morgen geschießen, daß
532 620 1454 816 wegen Er den Mernier abgeließen.
543 707 1435 905 und ihme durch die Magdt sagen¬
541 812 1449 1002 laßen, er habe nicht Gelegenheit mit¬
548 921 1450 1082 ihme zurecken; Siether seyn selligen
550 1025 1443 1182 nicht wieder kommen; von Gebehr¬
551 1116 1439 1269 und Munition habe er ihme De¬¬
537 1230 1454 1365 ponent nichts gesagt, noch ihn
544 1324 1418 1447 gefragt, Ob er damit versehen
533 1429 1391 1560 seyn; Stem, habe er Ihme deß¬
534 1523 1422 1658 gleichen von Projecten, Plans,
548 1611 1375 1750 Versamblungen und dergleichen,
545 1718 1424 1833 bein Wort geredt, und auch Sumandt
548 1816 1441 1943 von dinen Verschlohrnen genambset
536 1957 1427 2117 Diß seÿe die pure Wahrheit, und
544 2080 1386 2192 vollkomen alles, was ihme von
536 2154 1451 2312 dießer leydigen Sach in Müßen¬
546 2334 1413 2494 Abgelesten und bestätiget.
542 2508 1434 2687 Actum d. 24ten July. 1799
2523 294 2652 410 395)
1512 310 2547 514 o. Johan Jacob Lutz, der Marchand.
1715 537 2568 706 Tags darnach, als der Marchand¬
1486 568 1715 701 zualierte.
2235 662 2308 727 I4
1620 647 2585 779 Wernier vor der Nenner Cammer geg¬
1616 746 2582 895 estanden, seyn er zu seinem Kaden gege
1616 849 2536 987 kommen, mit Begehren, mit ihme
1630 950 2554 1092 Deponent zurecken, deßtbegen er¬
1619 1037 2536 1180 ihne Wermer in sein Comptorr ge¬
1619 1133 2524 1284 führt, da ihme derselbe gantz hornig
1628 1245 2536 1366 geklagt, bie daß Man Ihme einen
1604 1333 2519 1470 starcken Zoll für Bederen abgeforte,
1603 1430 2539 1568 eret, und er wolle mit allen Regotianten
1610 1516 2490 1637 reden, damit man ein Memorial¬
1616 1612 2480 1733 mache; Als Er der Deponent ihme¬
1619 1704 2526 1820 aber darüber Repraesentationen
1597 1795 2521 1930 gemacht, habe der Mernier gesagt:
1597 1887 2533 2016 Alle die Negotianten, die solches leiden
1606 1965 2503 2098 seyen Hunde Ac: 1d. Morauf Er
1609 2065 2536 2186 geantbortet: Dießer gehe ihne nichts
1603 2164 2502 2263 an, und ban ihme disohrts etbar ob¬
1616 2256 2497 2381 liege, so könne er mit allen die Negoti¬
1601 2325 2520 2451 taten recen, und han Selbige Morgsherr
1604 2431 2509 2527 etwas darüber Repraesentien wollen,
1607 2519 2522 2626 so wolle er auch gar gerne seinen Antheil
1619 2587 2520 2710 an den Kosten nommen. Daß er sich¬
1619 2676 2527 2797 aber mit Ihme oder einem andegen
1603 2770 2537 2904 hervorthun wolle, solcher Berde nicht ge¬
1607 2870 2551 2974 schehen, indeme Er Deponent und Herr
1585 2967 2559 3112 Brunner sich in dem Autranischen Geschofft
1599 3069 2455 3185 schon haben brauchen laßen, Also
1595 3167 2518 3279 dißmahlen der Kehe an Anderm seye¬
2283 3267 2533 3379 Hernach
