3024 4032
376 471 514 593 162.
476 2523 527 2610 D
464 2693 528 2813 H
640 477 1316 691 Rudolk Mania.
560 634 1421 818 so werde selbige aus einander seyn.
583 708 1460 910 Wie er aber dorthin gekommen, habe¬
562 830 1467 1012 er die gantze Stuben Voll Bürger, die¬
561 948 1465 1127 in einem wegs saßen, angetreffen,
545 999 1476 1205 Haubtman Händtz seÿn oben an dem¬
555 1123 1468 1309 Tisch geseßen, und habe bey 30. Bögen¬
561 1231 1469 1401 Papÿr vor sich gehabt, so er vor seiner¬
566 1344 1473 1495 Ankonff (: bie er glaube ) abgelesten
545 1440 1469 1598 hatte; Selbiger habe ihme solche Schriffte¬
543 1535 1470 1679 zu lesen zu geben anErbotten, welches
557 1647 1446 1776 er außgeschlagen, sagend: Er hätte ohn¬
543 1734 1461 1872 "möglich der Zeit, solche zu durchlesen,
539 1829 1466 1939 Hierauf habe sein Bruder der Marchand¬
545 1925 1472 2066 zum Haubtman Sandtz gesagt: Er sollo-
558 2017 1461 2147 nun die Eyd begen dem Geheimenß da
558 2104 1469 2227 naubverbundeten ihme Inquisiten ab¬
529 2213 1466 2347 "lesen, bie gegen die Anderen schon ge¬
540 2309 1460 2448 schehen, welchen dan Er Händtz über¬
558 2401 950 2518 laut abgelesen.
573 2460 1454 2623 Ober diesen Edd nicht nachgesprochenund
546 2600 1040 2710 Solennisch praestirt?
559 2638 1453 2811 tin Nachgesprochen habe er nichts¬
533 2743 1452 2924 könne sich auch nicht erinneren, Ober da¬
514 2860 1444 3013 Sande aufgehaben, glaube nun, bolert¬
529 2949 1444 3123 aber auf der übrigen Complices Deprilios
528 3043 1428 3219 und Geleißen ankommen laßen, auch
516 3105 1439 3332 läße er sich an diesen abgelehenen Ern
518 3196 1452 3436 Ienhalt einer mehreren nicht zuw
514 3347 1397 3525 Als daß er zu und von der Raach gest
514 3483 1085 3653 die Verräther gelautet.
1253 3457 1372 3652 d
1540 2399 1603 2508 J.
1566 2575 1608 2693 G
1569 1869 1614 1963 B
1561 2064 1608 2153 d
1581 755 1651 879 E.
1561 957 1643 1068 9.
2511 577 2665 690 468
1716 575 2386 743 Rudols Wernier.
1667 717 2600 891 as Beiters in dieser Versammlung vor¬
1643 826 1933 960 gegangen?
1680 911 2613 1056 lr erinnere sich, daß von einem suchen,
1650 1014 2587 1159 entbeders einem Knopft an dem Rock auf¬
1632 1118 2561 1255 oder zuthun, umb sich darbey zukimen,
1638 1215 2588 1350 seyn abred genommen borden, habe aber
1638 1306 2567 1435 begen der großen Confusion, in deren
1637 1390 2576 1544 er sich befunden, keine Acht darauf ge¬¬
1638 1486 2558 1633 habt, und seyn nach einer Viertelstund,
1635 1592 2568 1716 so er dorten- und nicht länger zugebracht
1631 1677 2540 1805 unter dem Praetent einen Patienten zube¬
1625 1769 2327 1893 "suchen, wieder fortgegangen.
1643 1854 2521 1990 ob ihme sein Bruder nicht deß Rudolst¬
1619 1947 2297 2079 Myßen Memorial übergeben?
1638 2047 2510 2171 Ja, Er habe aber baum ein paar Limen
1625 2131 2533 2260 daraus gelesen, so habe er solches hinter¬
1612 2231 2514 2357 seinen BücherSchofft geschnißen, Alllor¬
1620 2317 2309 2440 es sich dato noch befinden Herde.
1630 2390 2507 2516 os Er nicht getrachtet, den Einzeicher¬
1606 2483 2396 2613 Steck in das Project anzuberben?
1625 2575 2471 2705 kein, Er habe gar nicht im Sinn gehabt,
1594 2665 2532 2781 Ihne anzuberten, noch ihme einihe Ane¬
1598 2733 2481 2886 muthung deß Ohrts gethan, Wohl ge¬¬
1600 2814 2547 2961 "stehe Er, ihme davon etwas gerect zu haben
1616 2916 2463 3045 in der Meinung, Er werde es schon Vom¬
1595 2988 2519 3140 Küpster im Sulgenbach, allles er H. Steck
1601 3081 2541 3222 selbigen Tags gelesen, vernommen haben,
1611 3183 2550 3322 Über das nun, so er Inquisit dem H. Steck¬
1605 3279 2465 3391 gesagt, es seÿn unter der Bürgerschafft,
1605 3392 2507 3514 wegen ihrem Mecontentement, etwas
2261 3481 2564 3581 Conspiations
