3024 4032
359 240 476 342 410.
380 274 511 415 120
333 475 546 614 Declanit
565 267 1446 501 Albrecht Kauffer, der macand
571 468 1457 673 Er leiße von diesen Sachen gantz und ger¬
533 577 1455 761 nichts, habe auch ninmahls Umbganz mit¬
536 663 1467 878 denen Unglückhäffigen Bürgeren geschloge
531 745 1455 942 und bußte dißohrts nicht das Benigste¬
530 878 1441 1032 zu sagen, zumahlen er von dergleichen¬
539 969 1446 1153 leidigen Sachen biß zu deren Außbrug
530 1094 1459 1254 keine Bekantschafft noch Wißenschafft
523 1189 706 1297 gehabt.
535 1270 1451 1437 Abgelesten und bestätiget, zugleich auch¬
537 1372 1456 1499 deß Ariests, von nun an, unter dem
527 1468 1343 1602 gebohnlichen Gelubd, erlaßen.
539 1564 1350 1730 Actum den 25te Julÿ 1749.
2566 325 2665 406 24.
1647 310 2611 507 N. Rudolsf Grutig, der Hoffenen
1496 345 1615 472 133.
1668 509 2616 719 Montags vorher, Ehe die Versamblung bey
1485 516 1663 703 zulanih.
1628 616 2567 764 den Kupster gehalten borden, seyn der¬
1610 723 2576 859 Chyrurgus Werninr zu ihme komen, und
1599 834 2578 961 habe ihme proponirt, mit ihme zum Kepfter
1619 920 2599 1054 in Sulgenbach zu gehen, mit verkanten,
1604 1024 2571 1143 es berden Bürger dorfen zusamen komm
1608 1114 2580 1234 welche ein Project machen wollen, umb
1589 1197 2571 1336 Mengs2 die Beschwarden der Bürger,
1595 1304 2540 1445 schafft vorzutragen, anbey berden sie
1601 1389 2532 1512 das Belehr ergreiffen und begehren,
1608 1489 2565 1616 daß ein Mediator ernambset werde, der
1591 1570 2545 1725 diese Beschbärlichbeiten schlichte, Er ber¬
1594 1669 2532 1796 Da aber im Sulgenbach das Mehrere
1587 1764 2529 1874 hierüber vernemnen. Auf diese Propo¬¬
1580 1856 2522 1991 Sction hin, und daer ihne gefragt, ob¬
1577 1951 2561 2086 er auch mithalten wolle, habe er Deponent
1571 2038 2563 2159 geantbortet: Diß seyen gefährliche Sachen
1587 2122 2516 2241 damit er nichts zu thun haben wolle, und¬
1583 2216 2565 2317 Berde auch nicht in den Sulgerbach gehen,
1590 2299 2543 2434 beilen er für seine Persohn keine Ursach¬
1584 2398 2544 2511 zu klagen habe, im übrigen Bolle er nichts
1577 2486 2558 2624 vornemmen, das Bieder Godtes Gesatz seÿn.
1571 2571 2530 2697 habe anbeÿ dem Mermier auch vorgehalten,
1584 2657 2517 2795 die er zu solchen Sachen möge helffen, da er¬
1583 2755 2535 2883 doch i. einem glücklichen Stand sich befinde?
1583 2837 2530 2984 der ihme aber geantbortet: Er seyn bahr,
1574 2933 2528 3069 daß er auch nichts zu klagen habe, und habe.
1576 3038 2562 3167 auch zu vor also gedencket ben Er, kan er¬
1575 3137 2539 3268 aber berde vernomen haben, warumb es
2306 3232 2519 3343 Zethen
