3024 4032
369 424 492 541 186.
407 833 508 972 2
395 1043 505 1206 A
744 392 978 502 2 26 E.
525 449 1254 651 Johan Gris: Kupster.
517 625 1470 809 in dem Absehen geben, um das ganze
514 749 1128 893 Dessein zu verstohren.
526 837 1488 1005 Ob er nicht mit dem Schloßer Volthach
529 939 1264 1067 dieser Sachen halber geredet.
532 1029 1490 1188 Nein, Niemahls, Aber er seyn einsten
517 1133 1463 1280 zu ihme komen wegen eines Conto, da¬
533 1230 1472 1367 mahls habins sich Lientl Guter und
514 1341 1478 1474 Hh. Ochs der Witer Auch eingefunden,
514 1435 1489 1564 dahabe der Lieutl. Guter über allerhan
523 1530 1477 1664 Sachen geschmahlt; der Valthert habe
516 1624 1473 1777 ihme eingeredt; Er Inquisit aber habe
521 1705 977 1852 nichts dazu gesagt.
418 1794 501 1960 2
512 1801 1478 1967 Solle Anfrichtig bekenen, was der eigent.
491 1906 1497 2067 zuhalt, daß in der Verstamlung geschworin
507 2004 772 2119 hals seyn
379 2077 475 2233 2
514 2082 1483 2233 Man solle einander nicht verrahten, und
489 2193 1473 2359 nachdeme der Eydt geschworren gewesen, habe
483 2291 1439 2431 man noch dazu gesagt, wann einer Sie
478 2364 1468 2537 Verrahten würde, so werde man ihme auf
473 2479 1447 2620 Reib und Leben gehen, und ihne ver¬
463 2573 693 2690 Kolggen.
382 2658 436 2799 9
475 2665 1423 2837 Ob nicht bahrend der Versamlung stein
441 2782 1449 2934 bistolets geladen auf dem Vifcf gelegen.
340 2867 862 3019 R. Ja er gestehe es.
359 2931 1452 3126 Vh. Vas zuhalte die Jenige Schricft gewesen
458 3082 1450 3228 der Haubtmn. Handti in der Versamlung
443 3175 712 3322 Abgelesen?
316 3232 1466 3413 r deue ein Erzehlung gewesen von der ale
413 3360 1382 3534 Regierung und dero beschaffenheit
2590 160 2765 310 181.
1894 332 2170 447 OR.
1632 329 2467 644 Eeilis Klcser
1594 480 2714 789 darüber der Handzi raisonirt, und gegen
1597 626 2418 881 igeite Vnsthen
1588 701 2726 989 Ob er nicht müße gestehen, daß er einer
1531 851 1593 1005 4
1595 801 2683 1073 Von den ersten in dem Complot gewesen?
1530 925 2703 1206 I. Alß der Babriel Ghuter erstens Mahls ihme
1590 1054 2709 1273 dason geredet, habe er ihme verdeutet, es
1574 1126 2748 1402 behinden sich schon eine schöne Anhahl. brafer
1581 1296 2249 1469 Burger in diesem Project.
1589 1361 2746 1554 Bitte demichtig eine Beleidigte hohe Ober¬
1590 1505 2454 1646 keit um Gnädige Verzeichung.
1660 1612 2545 1756 Actum den 10. tn Juli 1749.
