3024 4032
380 238 495 333 366.
622 254 1146 407 Madler Lick.
527 374 1440 576 holsbrechende Sachen, habe dieser ihn
537 484 1451 669 gesagt, Man müße verschloregen siyn.
629 580 1430 764 von Maaßen ergreiffen seyn
548 686 1431 852 ihme auch gleichfalls nichts geredt¬
557 768 1440 960 worden, sonsten wau er etwas der
534 889 1431 1052 gleichen gehöret, hätte er bohl ge¬
551 987 1437 1151 leßt, bar zu thun gelesen, und
539 1092 1290 1212 Bürde es angezeigt haben.
640 1197 1407 1316 Abgelesen und bestätiget
538 1283 1392 1440 Actum den 23ten Julÿ: 1749.
2515 295 2635 401 363.
1656 322 2549 462 Autioni Siherer, Operator
1519 369 1626 492 15.
1511 541 2568 706 pudierte. Den Lezten Tag Juny seyn er¬
1630 646 2575 786 ohngefehrt zu Schiffleuthen gekommen,
1637 741 2513 875 Alllo er seinen Bruder Heimsuchte,
1625 837 2515 972 und zugleich den Lieutl. Hunter an¬
1625 931 2572 1080 straffe, welcher ihme damohlen gesagt.
1628 1038 2545 1173 Er seyn froh Ihne zu sehen, maßen
1627 1134 2533 1266 er schon gern längsten mit Ihme ge¬
1616 1234 2507 1356 predet hätte, umb ihme ingeheimb¬
1625 1330 2483 1446 etbas bichtiger zu offenbahren;
1637 1418 2488 1539 Und Wie er Deponent glaubte, er¬
1613 1506 2543 1645 seyn etwas seine Profession ansehendes
1612 1610 2564 1731 sey er hirauf mit ihme in eine Aparte
1619 1699 2503 1802 Steben gegangen, belche der Bueter¬
1604 1787 2534 1913 zugeschloßen und den Schlußel Pacton
1620 1880 2426 1990 abgenommen; Demmenach Er
1598 1955 2525 2100 Ihne in die Hand zu versprechen ge¬
1609 2071 2485 2191 macht, von dem, so er ihme entdecken
1609 2154 2488 2268 wirde, Niemandem etbar zu sagen
1618 2245 2499 2362 und zu offenbahren, Worauf Er ihme
1606 2336 2513 2458 Deponent gesagt: Er als ein Brater¬
1609 2428 2529 2562 Bürger, begehre ja auch zu denen Bur¬
1609 2522 2490 2651 gerlichen Breyheiten Sorg zu tragen;
1618 2616 2492 2736 Morüber Er dem Bueter geantbortet:
1603 2694 2530 2829 Er befinde sich in seinen Bürgerlichen¬
1608 2786 2441 2912 Freyheiten ganth ohnbebräncket,
1607 2877 2486 3016 darauf der Bueter erliederet: Sie¬
1606 2975 2508 3104 seyen ihrer etwelche, die zusamen
1593 3051 2503 3194 geschloehren: Sie bollen Megshrn
1615 3170 2460 3303 Vorstellungen machen, umb die¬
2306 3239 2509 3352 Bunger
