3024 4032
363 241 474 329 394
383 304 517 460 13.
317 564 549 684 Aeclaniit
564 279 1465 581 Signund Gemmanng
540 442 754 590 hisir.
586 560 1443 736 Er bezunge bey seinem guten gelißen
545 651 1463 866 daß er von dieserlegdigen Sachen gantz¬
534 764 1468 940 uns gar nicht die geringste Bekantschafft
526 880 1449 1048 habe, Äußert, daß kurtz vorher, ehn die
543 971 1453 1139 Sach rechtbahr borden, sein Schlrager der¬
550 1069 1451 1240 Pastetenbeit ziegler an der Keßlergeß¬
543 1185 1460 1313 ihme gesagt, als er selbigen besucht, vielleing
544 1273 1429 1406 werde Jemand zu ihmen komen und mit
533 1378 1456 1513 ihme reden, Allein er bahrne ihn, daß
553 1478 1429 1636 rsiy einmahl nicht einlaße; Auf be¬
533 1571 1441 1729 fsagen aber, worson man mit Ihme¬
557 1662 1450 1795 Berde komen zu recken, habe der Zieglei¬
527 1767 1458 1897 gesagt, Er solle nicht fragen, und er könn¬
544 1860 1433 1991 ihme nichts sagen; Er seyn aber zu allem¬
536 1949 1440 2073 Gluck Niemand zu ihme gekomen, auch¬
537 2017 1463 2173 habe Nirmand mit ihme hierüber geredet
539 2137 1390 2283 Er errinnere sich, daß Lieutenant
532 2223 1439 2376 Gueter ihme einsten auf dem Korno¬
535 2317 1447 2462 Marikt zugeruffen, mit verdunten,
540 2401 1441 2567 er möchte etwas mit ihme reden, Ablie
525 2488 1441 2672 er habe ihne damahlen grad bieder ver¬
536 2568 1453 2748 lohren, und woeder damahle nach schter
514 2668 1450 2883 jehmahls ihne angetraffen, noch mit¬
523 2741 1445 2956 ihme gericket. Müße also gantz und
513 2889 1260 3052 gar nichts von diesen Sachen¬
519 2937 1444 3147 Ward von nun an deß Arresto dimili¬
537 3077 1318 3267 Actum d. 24t Julÿ 1749.
2514 300 2644 387 395
1636 385 2628 581 Albrecht goly, der Buch binder¬
1494 431 1634 607 1.
1511 597 2598 773 Jularil: Alles, war er von diesen leydigen
1625 708 2575 847 Sachen in Müßen habe, bestehe darinen:
1714 800 2567 955 Donstags abendes, Hlouschen 4. und
1628 909 2582 1069 5. Uhr, als dem Tag vor dem Außbruch,
1622 1005 2551 1164 habe er den Boldschund Christen auf
1624 1108 2586 1254 der Gaß angetroffen, welcher ihne
1622 1199 2558 1336 gefragt: Ob Babriel Gunter nichts¬
1626 1302 2566 1437 mit ihme geredet? darauf er geant¬
1626 1401 2542 1514 wortet kein. Seine Braub aber habe
1615 1496 2567 1627 ihme gesagt, Er seyn zbeymahl bey seinem
1618 1578 2580 1710 Hauß gewesen, und ihne nicht angetroffen
1611 1668 2552 1806 derüber habe der Boldschmied Christen
1629 1759 2534 1877 erbiederet, der Babriel Zueter beode
1621 1849 2514 1976 dann mit ihme noch reden, und er ge¬
1619 1931 2551 2084 antwortet: Er bolle erwarten, war der
1618 2032 2535 2157 selbe ihme zu sagen habe; Seye aber¬
1607 2112 2556 2258 sinther nicht bey ihme gelesen, Und über¬
1597 2209 2555 2353 gens habe auch niemand mit ihme Von¬
1617 2298 2544 2427 solchen Sachen geredet, Also daß er gantz¬
1628 2389 2531 2524 und gar nicht die geringste Bekantschafft
1619 2484 2562 2625 davon habe, welches er mit gutem geleßen
1609 2559 2550 2701 Attestire. Daß er aber auf der Liste
1622 2662 2533 2797 aufgezeichnet borden, werde die Ursach¬
1623 2727 2556 2903 diese seyn, daß er von Jugend auf mit¬
1624 2848 2457 2995 dem Patriel fueter bekant gebesen,
1608 2935 2589 3057 Jehdloch habe er niemahls ihmen etwas vVerdeutet
1623 3034 2535 3165 daß einiche Relation mit dieser Sachen¬
1604 3147 1766 3246 habe.
2327 3179 2530 3340 Von
