3024 4032
214 288 263 436 1
327 293 463 439 28.
2662 308 2783 413 530
1708 378 2441 607 Dbeyles Examen.
2028 527 2202 652 mit
1643 570 2503 797 Lieutenant Bueter
1598 776 2757 1004 In gestrigem Eramine habe er die Bahr¬
1637 897 2787 1061 heit nicht völlig an den Tag gegeben, derobe¬
1658 1003 2778 1159 gen solle er sich beßer befinnen, und über fol¬
1658 1106 2786 1268 gende Bragstuk die Grundliche und ründe
1651 1222 2203 1352 Wahrheit bekennen.
1562 1344 2794 1535 A.Ob er nicht mit dem miczeli dusiest geredt habe:
1562 1543 2696 1730 R. Ja, vor ohngefährt zweyen Monathen
2344 1699 2424 1796 z
1576 1703 2308 1871 A. Wo er mit ihme geredet
1571 1839 2349 2022 2. Draußen im Shittahl.
1564 1985 2770 2130 A. Woron, und das er mit ihme geredet?
1539 2155 2861 2322 R. Er habe ihme gesagt: Que danspeu il arrivera
1663 2276 2796 2422 Quelque chose; darüber habe der Micheli
1653 2376 2828 2532 geantwortet: mais quil falloit bien prendre
1646 2490 2842 2641 Garde, que cela etoit dangereuae, et quilne
1655 2583 2821 2740 Calloit su mons rien changer danste gon¬
1658 2680 2835 2841 vernement et dansles postes, quil lui paroisu
1640 2797 2824 2937 soit, que la poire comenioit a se meurir,
1662 2871 2717 3063 et quil ne fallol pas prendre les Armes.
1642 2982 2577 3136 avant que davoir fait un plan
2586 3044 2619 3155 2
1564 3131 2786 3348 E. Oauß diß hin sie um sich nicht unbergedet,
1647 3274 2772 3463 Bad etbann für anstalten vorzubehren2
