3024 4032
332 238 466 307 108.
582 272 1183 469 Abrasam Geggs
524 442 1472 643 wollen, Er solle nur mit ihme zum Merg
521 518 1442 701 kommen, weilen er ihme vorigen mahle ge¬
505 608 1453 793 sagt, er verstehe die Sachen nicht, so bobe
530 707 1430 887 er ihne an ein Ohrt führen, Allleretliche
524 828 1442 1006 Burger darfür bey Einander seyn, Er
512 926 1397 1079 habe aber gleichfalls geantwortet: Er¬
518 1030 1457 1175 Wolle nichts damit zu thun haben, sondern
527 1105 1453 1257 bolle in die Kinderlehr gehen, dahiner¬
519 1198 1454 1360 auch geloesen, darnach habe er beiterr unch
530 1309 1456 1461 das Cöenigste von diesen leydigen Sachen¬
524 1400 1450 1581 vernomen, und deßthalben mit Nieman¬
526 1525 1108 1664 dem sehmahls geredet.
599 1632 1251 1756 Abgelesten und bestätiget
545 1734 1346 1877 Actum den 25.t July 1749
2514 287 2641 414 109
1632 325 2607 479 Meister Damuel Rohr, der Methger¬
1496 376 1604 515 101.
1695 523 2616 742 Eo bezeuge und betheure mit gutem gese
1492 488 1662 684 gelarft.
1622 636 2588 782 loeßen, daß er gantz und gar nicht das ge¬
1618 739 2557 874 ringste vor dieser Sach Beder gehöret,
1625 849 2577 974 vernommen, noch gerecket, und bein einthi¬
1618 946 2574 1088 ger Mensch, Weder von denen Eingezoge¬
1601 1030 2568 1163 gem, noch andere, haben Jehmahls ein¬
1601 1128 2584 1262 einziger Mort mit ihme hievon gesprochen
1603 1228 2582 1355 darfür er dem Lieben Godt damck abstatte,
1605 1316 2567 1450 Und bielzohlen er ein guter Freund und
1607 1405 2561 1551 Gevatter gegen dem Babriel Punter ge¬
1591 1497 2522 1644 lesen, so habe doch selbiger ihme mer¬
1592 1609 2159 1711 mahlen hievon geredet.
1668 1683 2337 1810 Abgelesten und bestätiget
1601 1776 2459 1937 Actum den 25t Julÿ. 1749.
1595 1937 2487 2096 Obstehende 4. Metzgere sind von nun¬
1578 2049 2523 2179 an deß Arrests liberirt worden, haben
1598 2141 2552 2268 aber angelobt, sich auf begehren jeder Zeit
1583 2235 1894 2387 zustellen.
