3024 4032
375 425 505 539 220.
662 427 1338 606 Babriel Dheiner
518 618 1414 806 sachen bein bortgeredet borden.
437 743 1492 923 Jo. Wann er das letzte mahl bey dem Fun¬
538 872 1291 1046 ster auh der Racht gewesen:
437 1016 1468 1206 Er steye Auft behingste 12. oder 14. tag
536 1127 1477 1273 Vor deß Pueters Inhastirung gewesen
543 1213 1467 1377 daß er das letzte mahl bey ihme auf
545 1331 1419 1464 der Hacht gewesen, da aber von
553 1422 1125 1552 nichts geredet borden.
435 1527 514 1654 B
563 1523 1461 1687 Ob er den Berber Kuhn nichmahls
550 1623 1236 1771 auf der Bacht angetroffen?
561 1753 732 1871 kein.
419 1757 520 1920 2
526 1827 1488 2004 Declarirte anbey, diese Sach habe ihne
547 1951 1473 2126 im übrigen heftig gedeuket, und habe
533 2072 1459 2231 er selbige den 2. Juliy, sowohl sie
530 2142 1500 2319 ihme belußt, Herren heimlicher Pren¬
531 2265 1488 2429 denneich Osfenbahren wollen, noch den
518 2351 1462 2528 Tag, da sie außgebrochen, und hätte
529 2467 1465 2605 es ihme geoffenbahret, bau er bey
512 2568 1460 2720 Hauß gewesten wäre, und seye auch
517 2666 1464 2832 schon deß entbegen auf dem Weg
507 2794 694 2925 Gsin.
503 2872 1225 3058 Abgelesen und bestähtiget.
586 3005 1362 3163 Actum den 15. Julÿ 1749.
1162 3249 1393 3437 Nuch 1
2520 310 2655 414 221.
1683 372 2364 585 Babrel Sehenrer.
1609 554 2647 772 Nach verführtem Obigem Examine hoch
1592 678 2560 867 Der Jegst. Scheurer ein mit Reisbley
1599 777 2557 989 geschriebenes Blättlin Muchghhlen
1599 889 2656 1092 zugestandt, so sich dieses bortlichen Inn¬
1608 1009 2054 1169 halt befindet:
1602 1095 2612 1251 Über die Frag, wau es et bas gebe,
1596 1181 2644 1356 Ob sich enthalten wolle? habe in dem
1590 1280 2605 1452 peramen weig geantbortet, und nur
1590 1384 2593 1574 sselbsten unrecht gethan; Ritte also
1595 1479 2652 1651 unterthängest Mehghhlen folgenden
1596 1600 2643 1748 wahren bescheid einzugeben; Alß: Ess
1607 1654 2671 1872 seye ihme Lienrl. Gueter bekant, daß
1611 1783 2682 1947 sich ein ehrlicher Mann seyn, ich müße
1611 1856 2624 2047 mich darüber bestinen, dann berde
1599 1961 2677 2120 sich wohl bußen, was ich zu thun haben
1615 2073 2678 2211 werde, über welchen Bescheider nur
1620 2178 2238 2309 inzufrieden geschienen.
1746 2263 2287 2408 Den 15. Juli 1749.
1697 2373 2335 2550 signirt: Scheürer
