3024 4032
341 223 482 338 350.
459 1997 531 2183 9
450 2389 522 2567 B
449 776 539 928 9
464 1053 554 1223 2
613 239 1354 474 zuleytes Examen
1012 442 1061 538 5
511 429 1449 678 Mit Samuel Gristen, Mar¬
745 583 1016 697 chand.
557 763 1449 961 Ob ihme Niemand von seiner Vatteer
543 874 1415 1083 serl. Schrifften etloas abgeforderet?
573 1050 1449 1258 Wohl, in der bey dem Wermer ge¬
540 1160 1447 1342 haltenen Versammlung habe ihme Lieut¬
545 1253 1450 1421 und, wie er glaube, auch Gabriel Hunte
533 1373 1434 1513 gefragt: Ob Er deren habe, mit Ver¬
536 1466 1440 1630 dencken, daß er solchen falle dieselben
539 1561 1432 1682 hervorgebe, Darüber er ihnen aber¬
536 1647 1442 1810 geantwortet: Er liße nicht - Ob- und¬
549 1753 1380 1902 Mo selbige seyen. Sonsten aber habe,
542 1850 1296 2006 ihrs Niemand davon geredet.
545 2021 1380 2187 Ob nicht in der Thater von senem¬
542 2135 1434 2277 Vatter sel. Schrifften, diese Sachen ensehen,
534 2240 1374 2382 habe oder liße, bo selbige sagens
557 2389 1416 2540 Sie habens so viele Schrifften von ihrem
519 2505 1416 2670 Patter seel. gefunden, belche suther herr
521 2601 1418 2756 und das verstreuket borden, daß er¬
518 2713 1413 2852 einmol nicht büße, Ob noch etbas der,
503 2794 1395 2946 gleichen Vorhanden seyn oder nicht
512 2881 1398 3072 unter anderger seye eine Ganth Rister¬
506 2989 1404 3150 Aetl Schrifften in deß Uhrenmaches¬
497 3071 1396 3233 Haar Hauß gekommen, belchen sie die ¬
498 3165 1311 3334 Kisten Verkaufft, und die Schrifte
493 3313 944 3431 darum gelaßen.
1490 1786 1596 1918 H.
1536 2012 1601 2160 2.
1521 1070 1606 1237 1
2497 286 2637 406 5h1.
1674 279 2273 455 gter Camen
1625 473 2613 650 tit Samuel Gristen, Marchand.
1552 648 2573 858 9. Aber nicht gestehen münße, daß i
1624 793 2516 962 obiger Versammlung er von Abänderunge
1612 893 2389 1031 der Regierung habe gehort redken?
1619 1038 2522 1244 kein. Von Abenderung der Regierung
1606 1170 2460 1300 nicht; Wohl aber habe der Haubtman
1609 1275 2519 1446 Handt gesagt, die jetzigeRegierung
1608 1385 2520 1511 sege zumlich despotisch, Man solte die Sachen
1615 1471 2507 1598 liederum auf echmahligen fuß, und die
1619 1560 2493 1719 vota auf die gesellschafften bringen.
1625 1706 2507 1876 Ob nicht der Marchand Achr mit ihme
1607 1831 2256 1978 von diesen Sachen geredet?
1620 1974 2516 2152 Tagt nach der Versamblung seyn er
1583 2102 2520 2261 Inquiset zu seinem Bruder gelesen,
1596 2196 2504 2342 ihne zu bährnen, daß er nichts mit diesen
1597 2292 2521 2405 Sachen zu thun habe, maßen sie ihme gar¬
1604 2385 2509 2513 nicht gefallen so zugleich dan habe er ein
1594 2485 2512 2598 gleiches dem Mareband Schs gesagt, der
1594 2566 2536 2703 ihme geantbortet, Er seyn auch daß Sinngl.
1588 2653 2485 2779 sonsten aber habend Sie deßthalber nichts
1601 2738 2154 2908 mit Einander gesprochen.
1631 2910 2288 3059 Albgelesten und bestätiget
1649 3109 2512 3288 Actum d. 29ten Julÿ 1749.
