3024 4032
350 237 488 342 414
578 240 1204 425 Gastiuer Grutig.
519 376 1433 595 das alles aber habe er den Kerber abge¬
487 498 1439 687 emahnt, und auß geschlagen, londker die
499 597 1417 758 Projecten zusehen, noch zum Handtzu¬
492 711 1448 848 zu gehen, und bölle gantz mit darmit¬
501 797 1432 955 zuthun haben; Gabe auch dem Lerber
505 883 1476 1056 Verbiefen, daß er ihn gemacht einen¬
508 984 1373 1124 Erdt zu schworen von solchen Sachen
507 1077 1451 1244 begen. Sinth diester Zeit seyn der
501 1199 1476 1349 Lerber noch mehrere Mahl bey ihme ge¬
498 1296 1407 1428 "besen, habe aber geglaubt, er habe.
513 1375 1460 1536 seine Vermahnung angenommen, maßen
544 1478 1457 1605 ihme nachberts kein Mort mehr da¬¬
514 1578 1441 1739 eson geredet. Er Deponent dann habe
520 1678 1453 1809 aller Ohrten, wo er gesehen, daß der
520 1762 1459 1924 Lirber sich zugezogen, Lederman ver¬
509 1851 1453 2000 mahnet, von seinen Projecten nichts
513 1962 1453 2100 anzuhören, noch sich einzulaßen, seh¬
517 2059 1390 2195 doch ohne daß er deß beyen Von¬
503 2168 1114 2313 diester Materz geredket.
501 2237 1396 2399 Muße beiters nichts zu sagen, und¬
500 2339 1441 2515 habe sonsten niemahls von solchen Sachen
492 2465 746 2576 geredet
583 2499 1354 2672 Abgelesen und bestätiget.
504 2612 1455 2778 Actum den 25t Julÿj. 1719
2500 324 2640 419 415.
1511 330 2652 573 Cv. Bottiib Siklmar, Rud. Meleg
1499 550 2589 701 Relagis: Alles, so ihmne von dieser leydigen
1627 650 2637 800 Sachen bekoußt seye: daß er Mitbochens
1627 752 2619 887 vor dem Außbruch mit Meister Dauman
1614 850 2579 980 dem Brockbeck und Studioso Walfher in
1605 939 2567 1099 Herren von Erlachs Barten im Marzihl,
1608 1038 2545 1173 statzieren gegangen, Alldiebeiten sie
1636 1141 2575 1274 dorten gebesen, seyn Studiosus Rein¬
1618 1232 2569 1361 hardt im Wey gegen Kersatz vorbeyge¬
1605 1334 2517 1453 gangen, da dan der keinhardt und
1622 1426 2550 1575 Walther einander im Vorbeygang ge¬
1609 1522 2563 1655 grußt; Ersterer dan seyn nachberte¬
1606 1610 2538 1746 zu ihnen hinauf gekomen, und habe die
1599 1710 2539 1825 Conversation also geleitet, daß er über
1600 1789 2529 1926 das Policey - Mandat und Theirung
1607 1889 2537 2014 deß Gebächs es geschmählt, Werüber¬
1606 1976 2427 2101 ahin sie indifferente Reden geführt
1608 2064 2577 2191 Endlich und da bald hernach der keinhard
1611 2150 2548 2271 wieder fortgegangen, habe er ihme Depo¬
1618 2229 2551 2370 nent auf die Seithen genommen und ge¬
1611 2327 2542 2473 sagt, er solle zu sein Reinhardt Schlager
1611 2426 2538 2536 dem Mermer gehen, belcher nothwendig¬
1608 2517 2513 2627 mit ihme zurecken habe, solle noch diesen
1614 2594 2563 2708 Abend dorthin geher, welches er Deponent
1606 2684 2548 2823 aber auß geschlagen, mit verdeuten, Er
1612 2777 2191 2898 kenne den Wernier unt¬
1609 2869 2577 2994 Eliß siye alles, bas der Reinhardaparti
1603 2963 2557 3088 mit ihme geredet, und ein mehrers nicht
1582 3050 2557 3188 habe ihme aber vom Stillschbeigen nichts
2313 3150 2590 3267 Versprochen
