3024 4032
329 292 440 428 8.
724 339 1497 567 Nulaus Benie.
488 469 1059 653 Gristen, Marchand
464 614 1369 780 Spittahl Chirurgus Wermer
443 710 1469 873 Hueter Gabeiel, der Marchand.
484 805 1146 966 Knrcht, der Gerber¬
481 904 1472 1083 Herrmann, der SeidenFabriiant.
468 1016 1146 1165 Meyern der Schloßer
470 1116 1606 1322 Reinhanden der Stud. Trebl. sein Ing. Schlage,
442 1210 1247 1362 Gueter, Statt Leutenant
477 1316 1141 1484 Händth Haubtmann.
468 1437 1519 1630 händt deßen Beuder, der Leute.
496 1544 1040 1711 und Er Inquisit.
461 1671 1603 1873 Imn gleiches, bie in der ersten Versambung
463 1840 1592 1961 Weye auch in diester Zleyten Verhandlet
475 1936 1586 2056 boeden; Namblich der Prozect deß
468 2038 1601 2188 Memorials steye abgelesten, aber begen
487 2136 1589 2305 der geringen anzahl der vorhandenen
485 2248 1462 2418 kem Entschluß genomen borden;
465 2328 1604 2509 wohl seyen Projecten gefallen, ration
448 2443 1527 2618 deß Sammel plazes, bann ein
432 2545 1532 2749 esignal Burde gegeben berden;
447 2653 1602 2845 die Einten Bolten sich vor dem Zeug¬
436 2758 1603 2939 hauß versamblen, andere aber anderst,
447 2847 1601 3047 bo; Aber zur Zeit burde noch nicht
456 2947 1611 3176 geschloßen, Wie aber man Alseitig
442 3034 1574 3292 Eydtlich verbunden bare, sich auf¬
457 3167 1607 3385 ein Allfähliges Signal zu Bebaßenn,
451 3300 1535 3499 und Zusamen zu lauffen, so steye¬
415 3368 1595 3610 starck darauf getrungen worden,
1454 3549 1549 3637 im
2807 353 2894 491 d
1950 432 2821 601 Cd cuilaus Bermer.
1793 577 2814 742 Ein Rendenvous zu bestimmen.
2390 698 2483 789 nd
1759 759 2917 937 Im ansehen der Statt bacht habend sie ge¬
1793 859 2881 993 bußt, und der Liente Gueter habe sie
1789 944 2914 1109 deßen noch Versicherer, daß selbige nicht
1797 1040 2891 1207 mit Wey und Bulher Verstehensteye; Übei¬
1784 1146 2880 1317 gend, dann habe, der Bueter ihnen zu Ver¬
1792 1249 2895 1397 stehen gegeben, daß er schon mit den Eint¬
1803 1356 2851 1491 und andern von der Stattbacht geredlet,
1802 1446 2914 1596 und daß solche ohne sonderliche Mühe gäntzlich
1791 1553 2875 1696 auff ihre seithen zu bringen bäre; auch
1779 1634 2892 1797 habe man ihnen vorgegeben, daß allenfahls
1792 1744 2884 1856 Sie von denen Tauren, wan man sie bolte
1792 1841 2869 2007 in die Statt beruhten, Sie deßohrts auch¬
1804 1946 2839 2078 kein Gefahr außstehen, sonder vielmehr
1789 2043 2879 2170 hilff von ihnen sich versprechen sollen; haben
1793 2146 2882 2270 sich unterdeßen Allesambtlich, oder mehr
1796 2223 2818 2382 ren theils mit gebehr, und sonderlich
1811 2327 2574 2465 mit Sach Pistolen verstehen.
1746 2484 2875 2682 Binth, diester Zweisten Versamblung habe
1782 2615 2876 2771 Er beiters deßhalber nichts gehört, oder
1792 2723 2895 2875 abgeredt; in Einer mit Nächstem zuhal¬
1769 2832 2903 2968 stenden Versamblung habe alles übrige, wie
1791 2921 2895 3083 auch die Bestimmung deß Sammelsflases ab¬
1800 3023 2397 3184 geredet werden sollen
1795 3139 2692 3316 Actum, den 4e Julÿ 1749.
