3024 4032
329 253 498 346 400.
556 311 1459 584 Paßteenbet Ziegler dene
572 513 1406 678 Er sich darein Einlaße, und er bolle
557 593 1453 791 gantz und gar nichts darmit zu thun habe,
554 692 1446 868 leder viel noch beiig; Und diesen be¬
553 796 1456 959 scheid habe er ihme umcb so viel mehr ge¬
555 889 1459 1073 geben, als er durch deß Hueterr Discon¬
549 988 1449 1143 "den Wohl habe mercken können, Bohin¬
560 1083 1379 1235 ohngefehrd die Sachen auß wollen;
554 1184 1455 1330 daraufhin, nachdeme Er den Reponent¬
556 1277 1453 1423 noch bevorderst ermahnet, Verschlöegen¬
546 1377 1454 1521 heit zu halten, welches er ihme auch Ver¬
542 1474 1454 1613 sfsochen, sagend, Er habe ihme ja nichts¬
564 1580 1426 1707 Böseß gesagt, seÿn er bieder fortge¬
539 1672 1458 1812 gangen. Dießes habe Er nun seinem
543 1778 1443 1908 Schlocher hinterbracht, so ihme gesagt, w¬
545 1854 1448 2004 habe recht Bescheid gegeben, anbey ihne
543 1970 1430 2090 noch in mehrerem Vermahnt, sich ein¬
539 2060 1382 2189 mahlen gar nicht darein zu mnschen
541 2141 1451 2270 Und ein Taar tag hernach, da sein Schlage
535 2227 1430 2361 der Pfister Geman zu ihme Deponent¬
521 2342 1445 2474 gekommen, habe er selbigen auch Verbahren
526 2424 1444 2547 gnet, im Fallmann mit ihme deßthalter¬
529 2533 1442 2674 reden bunde, daß er sich nicht einlaßen
516 2593 1440 2762 Etbelche Tage hermach, da Er dem Habrul
523 2710 1431 2853 Hunter auf der Waßen angetroffen,
508 2787 1446 2955 habe selbiger ihme damahlen gesagt, Er sipe
515 2878 1434 3020 nun diese Sachen alle zu nichts borden;
504 2968 1438 3129 Worauf er geantwortet: alas freube ze¬
490 3064 1440 3259 zu vermmnen. Darüberhin seyn sebigen
486 3138 1425 3361 Tages, da Eey dem Kupfter im Solgenlich
2489 290 2639 408 409.
1638 377 2606 571 Pastitenbecb Hiegler, dir Junger¬
1650 522 2586 651 eine Versamblung gehalten worden, der
1632 626 2601 759 Licutenant furter am Morgen zu ihme
1634 717 2564 849 gekommen, habe ihme proponirt, nach dem
1638 814 2565 958 NachtEßen in Sulgenbach zu dem Küpster
1643 905 2582 1055 zu gehen, er könne kan morgens sich nach¬
1637 1006 2562 1160 Kauß begeben; darauf er Deponent ge¬
1631 1108 2509 1213 " antlertet, er könne und wolle nicht¬
1631 1198 2557 1333 dorthen, und habe seine Gedamben schon
1631 1295 2531 1425 dem Babriel Fueter gesagt, darüber
1625 1392 2527 1534 der Licurenant, fueter erbiederet: Man
1631 1495 2538 1611 werde denenjenigen eingedenck seyn, so¬
1627 1578 2544 1711 nicht kommen berden, welchemnach er auch
1632 1666 2526 1801 wieder fortgegangen; Sambstags¬
1629 1771 2538 1899 darauf, Als er am Abend nach Hauß ge¬
1617 1862 2518 1987 komen, habe man ihme gesagt: Die¬
1631 1957 2535 2062 beyden Mernier habind ihme mit Vielem
1629 2045 2538 2178 Ernst nachgefragt, habe aber nicht ge¬
1637 2135 2542 2249 laußt, loas ihres Begehren geloefen.
1662 2218 2534 2359 Etwelche Zeit vorher, habe einsten der
1622 2309 2531 2428 Marchand Wermer bey ihme ein gloß
1623 2382 2542 2515 Bier getrumben, Ob welchem er allerhand
1618 2491 2557 2611 hörnige Reden geführt, und auß Anlaß
1625 2582 2538 2704 deß Zolls, so er bezahlen sollen, geschmalet,
1610 2668 2556 2801 Er Deponent habe ihme aber abgebehrt, Auch
1611 2762 2550 2896 habe Er dem Babriel fueter, da selbiger Err
1622 2852 2541 2971 stenmahls, wie obgedacht, mit ihme geredt,
1621 2948 2546 3071 gesagt, Er bidte ihne, er solle dergleichen
1624 3037 2552 3174 Sachen sich müßigen und bleiben laßen.
2246 3141 2468 3269 aliß
