3024 4032
192 326 241 395 1.
320 279 450 406 22.
540 270 1339 502 Lentinand Gueter.
385 431 1491 654 von zwegen Unterredungen, die er mit den
467 582 1485 749 Micheli gehabt, habe er geantwortet; War¬
453 688 1468 846 Er nun in der Daitten Unterredung mit
453 775 914 953 Ihme gesprochen?
327 949 1472 1163 R. Nichts mehrers, als bas er schon albereit hievor
459 1083 640 1212 gesagt.
340 1242 1475 1430 HEy stagt, der Micheli habe schon ehedeßen den
426 1385 1473 1535 Haubtmann Handti gestehen und gebenet; Wan
458 1480 1311 1644 und zu welcher Zeit das gebesten?
366 1637 1462 1816 Iu Raubenburg, in Bährend des Häudses Caili
425 1774 1475 1916 Wuße aber nicht, was sie mit einander discuri
435 1877 1481 2010 der Haubtmann Handzu habe ihme Inquisite
424 1975 1438 2120 gesagt, der Micheli seye ein Parr, und ein
403 2071 946 2192 SStaats Marterer.
291 2239 1471 2436 2Ob ihme der Mibeli nicht etban Blaus, oder
414 2373 1465 2522 sonsten Idees mit getheilt, umb in seinem
411 2490 1226 2618 Vorhaben behülftlich zu steyn?
401 2645 1472 2832 Nein. Er könne es vor Gott bezeugen, daß
262 2729 390 2850 28
400 2768 1459 2937 der Micheli ihme nichts solches gegeben, noch
403 2879 1463 3033 geredet, Auch habe er Inquisit ihme nichts
379 2984 942 3153 solches Abgeforderet:
261 3137 1466 3367 D Obre nicht getrachtet, durch allerhand vndt
381 3306 1433 3461 und Manieres, die Soldaten der Statt¬
2651 193 2757 333 63
1663 267 2522 468 Qieutenant Gucter
1557 435 2719 641 Wacht auf zubiblen, und Auß seine Seithe
1588 570 1948 758 Zubringeri
1481 734 2735 972 E bekanen, daß er mit zweyen, wämblich den
1595 862 2744 1031 Marchthaler und dem Tloch, dason geredet habe,
1596 957 2678 1113 Auch daßer in dem CorpdeGarde von der
1577 1058 2728 1253 Scheurung, bien Auch von andern zum Anbil¬
1606 1184 2342 1337 hin reihenden Sachen geredet.
1601 1346 2618 1524 Wad ei mit dem Marchthaler und dem Rloch
1498 1428 1578 1516 .
1506 1497 1591 1612 7
1600 1492 1889 1637 Geedit
1510 1696 2699 1861 EEr habe ihnen gesagt, die Reißgelter seyen
1615 1779 2727 1934 nicht mehr vorhanden; darauff der Marchtho¬
1601 1891 2697 2041 ler geantwortet: das buße er bohl; der
1610 1971 2745 2126 Hoch aber habe gesagt, Er habe es nicht gebuse;
1610 2089 2688 2228 darauff er ihnen gesagt: Sie sollen das dem
1604 2174 2711 2341 Boeybeibal hinterbringen; Nachbährts habe
1614 2288 2735 2424 der Nach ihnen zur Antbort gebracht, Er habe
1608 2388 2643 2548 es dem Breybeibel Pulfer hinterbracht.
1502 2553 2770 2715 Ho solle frey, und vnnd bekonnen, Was er mit
1611 2705 2604 2854 Abigen Soldaten für Discoursen gehalten
2648 2693 2743 2836 und
1604 2807 2705 2936 Aber ihnen nicht seinen Bröject entdebet, und
1588 2902 2459 3066 Sie auf seine Seithen Gebouen?
1492 3062 2779 3269 Beke bekenne, daß er obigen Wegen, dem March¬
1598 3164 2716 3384 thaler und dem Roch gesagt, Er berde etwas
1593 3314 2756 3491 geben, und viellicht bald, auch den Sochin
2561 3473 2726 3629 E
