3024 4032
394 471 517 568 184.
666 487 1150 700 Datis Jug.
551 634 1480 828 seyen sie alle Fünff von dar hinbey¬
564 746 1477 922 zum Küpfter in Sulgenbach gegangen
574 860 1492 1035 Bleich bey ihrem Ankommen habend sie¬
572 957 1503 1154 den Kupster vor dem Hauß angetroßen
583 1050 1501 1230 der sie in seine Pasrti geführet; Sie¬
571 1166 1495 1337 seyen die Ersten gebesen, so dahor ge¬
566 1263 1493 1409 komen, derobegen jehteilen einer
582 1366 1493 1513 von ihnen vor dem Kauß Schiltbacht¬
559 1468 1493 1602 gestanden, in der Intention, umb die¬
569 1560 1487 1702 Ankommenden zu beisen; Er Inquisit¬
561 1658 1471 1799 selbsten seyn auch eine erthezeit also
563 1746 1477 1894 Schiltbacht gestanden; ohngefehrt um
553 1856 1487 1987 halb Stund hernach seyen alle dageber
557 1952 1466 2089 ssene, Ihrer 13. ander Zahl, daher ger¬
549 2046 1489 2190 kommen, und bie sie nun alle Beysamen
550 2146 1467 2276 in gesagter Zänck; versamlet baren,
538 2231 1447 2358 habe Haubtman Handz erstlich Schuih
554 2311 1461 2444 die er aus seinem Sact gezogen, abgen¬
544 2422 1461 2563 lefen, welche von denen Bürgerlichen
537 2510 1454 2666 Alten Freyheiten gelautet, darnach¬
535 2590 1450 2753 habe gleichfalls der Raubtman Gandt
536 2684 1461 2862 ein aufgesetzten Schriftlicher Ernde
523 2761 1463 2963 gelesen; die eigentlicher Verbalun
530 2870 1448 3055 dießer Erder seyen ihme nicht behlacht
530 2969 1452 3138 in der Bedächtnuß; Sovielersch
520 3055 1447 3252 aber daran trinnere, so habe dusse
495 3143 1446 3391 Erd haubtsächlich zu verschliegen
522 3225 1451 3440 heit verbunden, bir auch nach be
520 3333 1447 3585 nglichkeit sich angelegen siy helh
1521 2173 1575 2304 G
2570 488 2708 560 185.
1719 547 2203 750 Dasis Jug.
1641 676 2684 842 noch andere in den Complot zu dingen
1640 781 2662 932 dan auch absonderlich sich zurächen, an
1631 854 2679 1040 dime, so allenfalls die Sach verrathen¬
1623 991 1829 1127 bucte.
1621 1034 2659 1234 dießen Erdt nun habe der Haubtmann
1605 1181 2620 1353 Gändtzi alle Anbesende, mit auf gen
1617 1260 2569 1438 habenen Gänden, unter Anreftung
1627 1394 2624 1543 Gidtlichen Nahmens, zu schwöhren ge¬
1613 1517 1794 1618 1 macht
1633 1571 2580 1717 Da hierauf ihme Inquisiten der
1609 1671 2622 1807 Veibalia dießes Eydes abgelesen worden,
1611 1758 2617 1914 bieselbige pag. 28. der Procedurent,
1600 1869 2603 1990 "halten, hat er selbige in ihrem völligen
1591 1963 2626 2108 Innhalt, und daß Er darzu geschboren,
1598 2060 1875 2195 bestätiget.
1606 2142 2542 2281 Was nach diesem Beiters in diever¬
1601 2246 2584 2377 Versamblung vorgegangen, und was
1596 2338 2582 2487 er selbsten für Discursen geführet?
1607 2464 2599 2651 Es seyn nachberts davon geredt borken,
1595 2592 2606 2760 wie die Sache ferners vorzunemmen,
1592 2690 2590 2831 und zumahlen nicht erößfnet worden,
1580 2782 2581 2913 Coaspracise man zuthun und zu pron¬
1574 2879 2629 3042 jectieren Vorhabens; Er Inquisit selbste
1587 2971 2593 3110 habe gefragt, was man nun machen,
1588 3060 2592 3241 und die Sach anzugreiffen seyn wolle?
1578 3136 2531 3321 Nichts eigentliches aber seyn darüber
1580 3254 2593 3432 gesagt borden, Man habe sich herauß¬
1585 3368 2586 3518 gelaßen, Man müße gebalthätigkeit¬
2331 3494 2624 3637 Brauchen,
