3024 4032
366 265 473 351 316.
689 207 1277 425 Dhanucl. Gobs.
480 436 1419 663 Von eine Versamblung, bay sie 100
517 568 1420 751 oder nehr seyn berden, habe er nichts gu¬
526 673 1433 876 hert, auch nicht von einer Versamblung
530 770 1408 930 so bey Schiffzeuthen habe sollen gehalten.
532 876 711 992 loerten.
641 949 1419 1108 Von den Ziichen an den Hauß terr
529 1073 1436 1202 biße er nichts, Liste der Conjurirten hale
537 1172 1436 1339 er keine gesehen, aber Bohl gehört eine
536 1268 754 1387 ablesen
635 1362 1430 1505 von einer Versamblung bey dem
534 1462 1432 1588 bleicher Ichs habe Er nichts gehört,
527 1566 1428 1681 Bohl aber, daß, Mitbochens zuvor Ein¬
537 1658 1428 1808 bey dem Kupfter im Folgenbach sege ge¬
524 1746 890 1878 haltz borlen.
500 1919 1433 2061 Von dem Bleicher Ochs habe er nichts ge¬
521 2038 1433 2162 rlaußt biß am hinstag, da er Inquisitihm
527 2129 1436 2254 die Sach geoßfenbahret, und seyen sie beydo¬
531 2220 1437 2353 über ein gekommen, mit der Sach nichts buter
523 2312 1431 2465 als durch eine Supplication Guthun zu haben
636 2492 1359 2630 Abgehefen und bestächtiget
538 2595 1271 2751 Actum 21t July. 1749.
1809 248 2160 442 sacnn
1888 414 2037 500 Mit
1637 439 2536 651 Friederics Kupffer dem Berd¬
1655 602 2538 737 Beib, Atatis 49. Jahr, habe drey
1626 693 2557 856 Kinder, seine Braus aber seyn gestorben,
1591 844 2527 1046 E Aus wonstliche Ermahmagen sein
1635 1011 2550 1131 Verbrechen, so er gegen die hohe ober
1604 1099 2543 1217 keit begangen, indeme er belaußtem
1605 1188 2529 1327 Gettlosen Project ich beygepflichtet, durch
1611 1285 2492 1420 eine freye, ründe und aufrichtige Be¬
1613 1383 2486 1516 kandtnuß an Tag zu legen, und sun¬
1620 1489 2514 1617 gelißen zu entladen, damit, bomöglich,
1609 1561 2523 1705 er dadurch sich noch emnecher gnade zuge¬
1601 1674 2550 1789 trosten habe ed. Sagte er, Seine dißährtige
1614 1767 2336 1893 Bekandtnuß verhalte sich allso¬
1585 1904 2523 2097 or ohngesehrt 3. oer 4. Mlache sige
1622 2047 2523 2135 neutenant Hueter zu ihme gekommen,
1598 2117 2498 2245 und habe ihme gesagt: Es werden etwelche
1592 2215 2520 2354 gute Freund im Solgenbach zusammen komnen,
1604 2310 2517 2440 umb einen Project zumachen, mit Ver¬
1588 2391 2491 2529 deuten, er segen viel Kurger somaßlichig
1604 2505 2493 2628 und man wolleschauben, bie ihnen zu helffen
1593 2584 2475 2711 sige, und er solle auch dahin kommen, da¬
1595 2683 2453 2802 habe ihne Leyder, der Zurbeith getrüben
1601 2771 2508 2898 dorthin zu gehen, Allbo sich Lieutenant
1595 2876 2526 2997 Junteg, Sandtzi, Ruhr Er E. E. insgesamt
1601 2957 2510 3089 ihrer 13. eingefunden: Hier habe Haubt¬
1594 3039 2504 3206 man Händt von den Alten Bürgerlichen
1601 3146 2526 3292 Freyheiten und dem Schiene, Bricft eint¬
2388 3233 2499 3316 und
2522 285 2630 408 31.
