3024 4032
431 318 590 428 264.
791 403 1216 544 Confrontation
928 500 1151 604 Hrtursen
629 540 1501 782 Lientenant Handtzi und Kupfer¬
764 697 1147 820 em Sulgenbach¬
581 776 1518 973 Hierauf, da der Küpfer im Sulgenbach¬
620 866 1506 1056 Bescheiden und erstlich über die in nächst¬
620 976 1517 1150 obstehenden deß Licutl. Handtzis Examen¬
620 1094 1512 1240 enthaltenen Wieder ihne Handke gethanen
604 1163 1516 1347 Depositionen Separatim befragt worden,
605 1264 1509 1442 Hat derselbe sich dahin erläuteret: daß¬
593 1364 1507 1529 Lieutenant Handtzi in dem Stüblin, nach¬
614 1472 1504 1612 der Versamblung, vieler und unter ande,
614 1566 1499 1708 rem das geredet: Mann solle sich Braf und¬
600 1652 1495 1794 Topfer halten, und die Sach beschleunigen;
599 1745 1484 1888 Ob Er aber mit praecisen Worten gesagt:
587 1852 1488 1987 Man solle sich angelegen seÿn laßen, brof¬
587 1929 1490 2080 Leuth anzuberben, das könne Er nicht be¬
563 2059 1483 2183 zeugen, weilen er sich so positive nicht
578 2126 1015 2264 daran errinnere.
566 2312 1482 2474 Über den Anderen Junceten, daß licdl
572 2419 1476 2564 Händtz; damahlen auch gesagt: Mannes¬
557 2522 1465 2665 darzukomme, solle man machen Conte qui¬
541 2618 1460 2749 coute - bie man könne; das seyn wohr,
526 2708 1476 2855 er berde es ihme under Augen gestehen.
483 2879 1453 3051 on Massacriren aber seÿn nicht gerndet¬
522 2968 1453 3147 Borden, und obiger, bas er von Lint. Jund,
521 3076 1460 3271 auf gesagt, seyn dahin zu verstehen. Wer¬
521 3223 1082 3380 man Widerstans finde.
1165 3320 1271 3417 Da
1806 354 2261 595 Cnsmanen
1935 485 2158 620 Glipsen
1698 549 2635 752 Lintant Haudti und Kupfter in
1826 707 2092 847 Holgenbach.
1658 790 2658 935 Denen hierüber beyde gegen Einander ge¬
1689 883 2620 1040 stelt und Confrontirt worden, hat Licut.
1678 988 2633 1153 Sandty über den 1. ten Puncktin declarirt,
1683 1078 2609 1227 Er habe das gar nicht gerecket; Vielleicht
1673 1199 2637 1328 bonund dieße Wort von seinem Bruder¬
1663 1291 2648 1424 geredt worden seÿn; Einmahl er hhabe gantz¬
1658 1390 2646 1517 das Wiederspiehl geredet, und über solche¬
1650 1495 2033 1631 Mort abgelaehret.
1580 1658 2590 1822 Der Kupster zwar bejahnte, daß beyde¬
1646 1774 2569 1904 Brnder Händth, bey einander gestanden,
1649 1881 2614 2005 könne seyn, daß Er sich in der Persohn ge¬
1627 1958 2588 2102 girret hädte; Dennoch aber seyn nit minder
1638 2072 2581 2192 bahr, daß Er Lieutl. Händtl am meisten
1631 2160 2582 2290 paseliert, so daß Er Kupfter darüber ein¬
1636 2258 2597 2396 geredt, sagend: Man solle nicht also reden,
1639 2339 2608 2524 darven könne und werde Er einmahl nicht
1629 2427 1835 2540 abstehen.
1610 2503 2599 2707 Der Händtz hiegegen Bliebe seiner seits auch
1622 2641 2011 2776 auf der Negatio
1608 2732 2526 2986 Alber den 2t Juntten rejiate der ¬
1615 2887 2573 3091 Handtzi auch absolute das geredt zu hoben.
1605 3086 2604 3300 der Kupster dan bchaubtete, daß Er in dem¬
1607 3190 2595 3419 Stublin mit Lieutl und Golschmid funter der¬
2290 3418 2535 3559 gleichen
2597 301 2750 454 265
