3024 4032
246 282 378 403 102.
443 282 1203 515 Haultman Handh
399 488 1420 684 Ob Niemand ab dem Land harin Interes¬
260 482 381 657 Z.
378 595 817 755 sirt geleßen
372 688 1236 903 Sey seinem Wußen gar nicht.
236 736 345 920 B
270 901 374 1009 8.
381 891 1392 1064 Er habe doch stinth burzem offere Reisen
370 998 1373 1147 auf das Land gethan, in laas abstehen
373 1113 1007 1244 dann solche geschehen?
260 1267 1407 1453 R. Ersteye lediger dingen seinen Geschäffen
376 1400 1376 1546 nachgeritten, und könne er mit gutem
358 1496 1385 1658 gebußen Zeugen, daß er deß ohrts mit
361 1596 1376 1746 keinem einzigen Mentschen nur geredet,
358 1702 1361 1830 Viellehniger anzuwerben getrachtet;
327 1793 1385 1920 zum bebeißthum, daß er bein Abstehen
322 1885 1372 2031 gehabt, sich in diß project einzulaßen,
321 1995 1395 2132 kone füglich und Authentisch dienen, Ein
312 2080 1396 2222 Convenant oder Transact, Belchen er mit
320 2174 1389 2335 H. Tischer von Rümbligen sub 12 7bi
318 2289 1391 2426 1748. aufgerichtet, dahin lautens, daß
307 2393 1377 2536 H. Hischer ihme für eine avancirte starbe
328 2481 1355 2654 sum Gelts etwelche Rostbarbeiten und
317 2581 1387 2749 andere Eecten eigenthümblich übergeben
320 2699 1367 2853 mit der Erläutherung, daß er mit ihme
316 2781 1382 2928 in seinen Kösten auf baris reise, und
293 2893 1384 3021 sich ob dem Verkauff derselben behalt ma¬
316 2982 1390 3150 chen solle, Von dieser Zeit an habe er nicht
301 3095 1382 3243 nachgelaßen, von einer Woche zur anderen¬
298 3188 1362 3353 den H. Tischer zu Solliutiren, und zu¬
268 3299 1373 3466 bitten, daß er seine Reiste beschleinigen
1181 3445 1360 3553 solle;
1442 1526 1529 1705 2
2600 195 2744 316 103
1632 281 2415 516 Hauttean Handt
1534 427 2703 670 sollen, Belcheßen er, nebst seinem bedien¬
1553 553 2676 725 ten, boo vonnöchten, Eydtliches Zeugnuß
1549 669 2685 855 abstatten könne; zu dem, so steyen noch
1525 756 2666 932 Briefen von ihme selbsten und vvom H.
1536 874 2654 1042 Benchand nach Garis diser Reiß halber¬
1534 947 2681 1148 gescheiben worden, an H. dekivar, bo¬
1531 1066 2696 1244 von der letstere diese Abreiß von Verbi¬
1552 1169 2615 1342 chenen Montag Acht Tag, der erstere
1554 1265 2641 1468 Aber schon vor einem Monath fixcirt.
1566 1460 2663 1653 Was der Anlaß gewesten, daß sie sich
1568 1615 1990 1758 bekehrt haben.
1581 1741 2669 1907 Mann habe unter einander gestagt, es
1558 1876 2745 2050 lige vonnohten, daß ein Bueger bebehrt steye,
1534 1993 2721 2152 das seye in der ersten Verstamlung geredet
1545 2093 2745 2222 borden, von Wein aber, das könne er prae¬
1551 2201 2736 2352 cise nicht sagen, Alle haben es unter ein¬
1551 2297 2760 2471 ander geredet, ohne daß es von jemandem
1542 2388 2015 2525 geredet worden.
1453 2504 2710 2765 E. Obstersich nach diesem bebehrt haben?
1445 2690 2625 2911 R. Erstege schon vorhero bebehrt gebesten.
1418 2866 1535 3019 d
1568 2880 2688 3135 Ober denn nicht Sahpistolete auf sich
1545 2987 2055 3150 getragen habe.?
1439 3120 1562 3281 .
1534 3120 2713 3385 Ja, aber in keinem andern absehen,
1545 3252 2722 3531 als daßer, Bau er allenfahls angegeif¬
1529 3373 2548 3581 fen burde, sich defendiren könn.
2502 3557 2686 3680 N 2.
