<?xml version="1.0" encoding="UTF-8" standalone="yes"?>
<PcGts xmlns="http://schema.primaresearch.org/PAGE/gts/pagecontent/2013-07-15" xmlns:xsi="http://www.w3.org/2001/XMLSchema-instance" xsi:schemaLocation="http://schema.primaresearch.org/PAGE/gts/pagecontent/2013-07-15 http://schema.primaresearch.org/PAGE/gts/pagecontent/2013-07-15/pagecontent.xsd">
    <Metadata>
        <Creator>prov=University of Rostock/Institute of Mathematics/CITlab|PLANET AI GmbH/Gundram Leifert/gundram.leifert@planet-ai.de:name=Transkribus German Kurrent M2(htr_id=29820)::::v=2.6.7
prov=University of Rostock/Institute of Mathematics/CITlab|PLANET AI GmbH/Tobias Gruening/tobias.gruening@planet-ai.de:name=de.uros.citlab.module.baseline2polygon.B2PSeamMultiOriented:v=2.6.7
prov=University of Rostock/Institute of Mathematics/CITlab|PLANET AI GmbH/Gundram Leifert/gundram.leifert@planet-ai.de:name=Kurrent_1515_ENHG_v3(htr_id=40510)::::v=2.6.7
prov=University of Rostock/Institute of Mathematics/CITlab|PLANET AI GmbH/Tobias Gruening/tobias.gruening@planet-ai.de:name=de.uros.citlab.module.baseline2polygon.B2PSeamMultiOriented:v=2.6.7
prov=University of Rostock/Institute of Mathematics/CITlab|PLANET AI GmbH/Tobias Gruening/tobias.gruening@planet-ai.de:name=/net_tf/LA73_249_0mod360.pb:de.uros.citlab.segmentation.CITlab_LA_ML:v=2.6.7
Transkribus</Creator>
        <Created>2022-05-02T15:17:53.456+02:00</Created>
        <LastChange>2022-09-12T15:25:18.487+02:00</LastChange>
        <TranskribusMetadata docId="1334849" pageId="52363817" pageNr="237" tsid="114645892" status="IN_PROGRESS" userId="9570" imgUrl="https://files.transkribus.eu/Get?id=RSNXKXVRBSBGGDHNWFAOOTBJ&amp;fileType=view" xmlUrl="https://files.transkribus.eu/Get?id=SFSHNIDRYUINZFEIJOIBQAIS" imageId="30688391"/>
    </Metadata>
    <Page imageFilename="IMG_5937.jpg" imageWidth="3024" imageHeight="4032">
        <ReadingOrder>
            <OrderedGroup id="ro_1687513640280" caption="Regions reading order">
                <RegionRefIndexed index="0" regionRef="r1"/>
                <RegionRefIndexed index="1" regionRef="r2"/>
                <RegionRefIndexed index="2" regionRef="r3"/>
            </OrderedGroup>
        </ReadingOrder>
        <TextRegion orientation="0.0" id="r1" custom="readingOrder {index:0;}">
            <Coords points="410,455 410,611 537,611 537,455"/>
            <TextLine id="r1l1" custom="readingOrder {index:0;}">
                <Coords points="403,579 450,570 493,591 513,576 543,569 545,517 534,517 509,493 484,504 450,483 430,493 420,483 407,480"/>
                <Baseline points="410,555 435,558 460,560 486,561 511,561 537,560"/>
                <TextEquiv>
                    <Unicode>168.</Unicode>
                </TextEquiv>
            </TextLine>
            <TextEquiv>
                <Unicode>168.</Unicode>
            </TextEquiv>
        </TextRegion>
        <TextRegion orientation="0.0" id="r2" custom="readingOrder {index:1;}">
            <Coords points="575,575 575,1882 1497,1882 1497,575"/>
            <TextLine id="r2l1" custom="readingOrder {index:0;} person {offset:0; length:14;}">
                <Coords points="625,650 682,626 734,652 825,636 881,687 925,658 1143,655 1405,716 1411,650 1341,641 1154,513 1062,541 1006,501 895,551 773,483 640,489"/>
                <Baseline points="633,626 671,626 709,628 748,629 786,631 824,632 863,633 901,635 939,638 978,639 1016,642 1054,645 1093,650 1131,654 1169,659 1208,663 1246,670 1284,678 1323,685 1361,695 1400,705"/>
                <TextEquiv>
                    <Unicode>Rudolp Maniera</Unicode>
                </TextEquiv>
            </TextLine>
            <TextLine id="r2l2" custom="readingOrder {index:1;}">
                <Coords points="582,770 617,801 735,763 895,788 947,765 1061,823 1163,793 1256,846 1366,825 1495,873 1508,815 1265,711 1024,744 592,668"/>
                <Baseline points="591,740 636,743 681,746 726,749 772,752 817,754 862,756 908,759 953,761 998,764 1044,768 1089,771 1134,775 1179,780 1225,787 1270,795 1315,803 1361,812 1406,825 1451,837 1497,852"/>
                <TextEquiv>
                    <Unicode>gesehen, zu ihme gesagt, es seyn ein¬</Unicode>
                </TextEquiv>
            </TextLine>
            <TextLine id="r2l3" custom="readingOrder {index:2;}">
                <Coords points="573,888 798,852 926,856 988,892 1237,879 1283,919 1349,904 1409,942 1495,911 1387,839 1208,848 1110,791 958,838 853,775 772,818 725,795 628,818 582,777"/>
                <Baseline points="582,848 627,850 672,851 717,852 762,853 807,854 852,855 898,855 943,857 988,858 1033,860 1078,864 1123,867 1168,871 1214,876 1259,884 1304,892 1349,901 1394,911 1439,924 1485,939"/>
                <TextEquiv>
                    <Unicode>großer Karmen zu dern Begen ihrer</Unicode>
                </TextEquiv>
            </TextLine>
            <TextLine id="r2l4" custom="readingOrder {index:3;}">
                <Coords points="571,943 680,977 839,956 898,991 1019,966 1070,998 1351,990 1496,1040 1500,975 1350,905 1185,933 1047,875 681,912 633,874 576,885"/>
                <Baseline points="579,939 624,942 670,945 715,947 761,949 807,951 852,952 898,954 943,954 989,956 1035,959 1080,960 1126,963 1171,967 1217,971 1263,977 1308,982 1354,990 1399,999 1445,1010 1491,1020"/>
                <TextEquiv>
                    <Unicode>Conspiration, der ihme geantwortet,</Unicode>
                </TextEquiv>
            </TextLine>
            <TextLine id="r2l5" custom="readingOrder {index:4;}">
                <Coords points="599,1045 818,1053 910,1098 959,1067 1113,1067 1306,1110 1366,1160 1494,1173 1502,1063 1333,998 1243,1053 1149,1045 1083,997 839,1031 770,986 603,985"/>
                <Baseline points="606,1040 650,1042 694,1046 738,1049 783,1050 827,1052 871,1053 915,1055 960,1056 1004,1058 1048,1059 1092,1062 1137,1065 1181,1067 1225,1072 1269,1077 1314,1084 1358,1090 1402,1099 1446,1110 1491,1122"/>
                <TextEquiv>
                    <Unicode>Er wolle einmahl hierin, umb zu schauben</Unicode>
                </TextEquiv>
            </TextLine>
            <TextLine id="r2l6" custom="readingOrder {index:5;}">
                <Coords points="588,1151 620,1164 702,1152 749,1176 789,1169 800,1179 839,1154 895,1161 896,1103 852,1085 791,1097 733,1069 713,1080 667,1076 647,1062 590,1098"/>
                <Baseline points="596,1140 622,1140 649,1141 675,1142 702,1143 728,1143 755,1145 781,1145 808,1146 834,1146 861,1147 888,1148"/>
                <TextEquiv>
                    <Unicode>lie es gehe.</Unicode>
                </TextEquiv>
            </TextLine>
            <TextLine id="r2l7" custom="readingOrder {index:6;}">
                <Coords points="578,1315 832,1313 1014,1354 1169,1336 1295,1389 1499,1383 1503,1327 1364,1267 1138,1272 974,1221 838,1259 654,1217 584,1234"/>
                <Baseline points="585,1307 630,1310 675,1312 721,1314 766,1317 812,1319 857,1321 903,1323 948,1325 994,1328 1039,1329 1084,1332 1130,1335 1175,1337 1221,1342 1266,1345 1312,1350 1357,1355 1403,1360 1448,1366 1494,1371"/>
                <TextEquiv>
                    <Unicode>Actum in der Oberen Befangene</Unicode>
                </TextEquiv>
            </TextLine>
            <TextLine id="r2l8" custom="readingOrder {index:7;}">
                <Coords points="582,1457 912,1422 1031,1474 1134,1435 1319,1499 1405,1453 1482,1462 1485,1396 1411,1414 1188,1346 1009,1369 841,1331 671,1366 587,1344"/>
                <Baseline points="591,1412 635,1412 679,1412 723,1413 768,1415 812,1415 856,1417 900,1419 945,1421 989,1422 1033,1424 1077,1426 1122,1428 1166,1431 1210,1433 1254,1436 1299,1437 1343,1440 1387,1443 1431,1445 1476,1446"/>
                <TextEquiv>
                    <Unicode>schafft durch Mehghl. RathsHerren</Unicode>
                </TextEquiv>
            </TextLine>
            <TextLine id="r2l9" custom="readingOrder {index:8;} person {offset:0; length:14;}">
                <Coords points="592,1532 783,1565 905,1525 1121,1530 1293,1580 1363,1541 1500,1560 1501,1512 1379,1472 1336,1503 1247,1494 1118,1452 1039,1477 984,1447 937,1480 829,1419 709,1462 593,1449"/>
                <Baseline points="599,1521 643,1521 688,1521 733,1521 778,1521 822,1522 867,1523 912,1523 957,1523 1001,1524 1046,1525 1091,1526 1136,1527 1180,1527 1225,1529 1270,1531 1315,1532 1359,1535 1404,1536 1449,1538 1494,1541"/>
                <TextEquiv>
                    <Unicode>von Brafenried, und Mehlen Herrn¬</Unicode>
                </TextEquiv>
            </TextLine>
            <TextLine id="r2l10" custom="readingOrder {index:9;} person {offset:11; length:7;} person {offset:20; length:11; continued:true;}">
                <Coords points="567,1650 1030,1630 1082,1666 1134,1642 1239,1681 1327,1647 1485,1672 1486,1567 1404,1544 1129,1578 970,1533 893,1568 848,1537 760,1584 659,1559 568,1587"/>
                <Baseline points="575,1629 620,1629 665,1629 710,1629 755,1629 801,1629 846,1629 891,1629 936,1629 981,1629 1027,1629 1072,1629 1117,1630 1162,1631 1207,1631 1253,1632 1298,1634 1343,1634 1388,1637 1433,1638 1479,1640"/>
                <TextEquiv>
                    <Unicode>Ohmgeltner Kombach, Grof Wübel¬</Unicode>
                </TextEquiv>
            </TextLine>
            <TextLine id="r2l11" custom="readingOrder {index:10;} person {offset:0; length:9; continued:true;}">
                <Coords points="572,1771 622,1745 792,1779 952,1736 1092,1805 1217,1755 1480,1761 1480,1671 1454,1666 1343,1657 1231,1698 1181,1655 1127,1683 1030,1631 829,1681 762,1649 573,1652"/>
                <Baseline points="579,1742 623,1742 668,1740 713,1740 757,1740 802,1740 847,1740 891,1740 936,1740 981,1740 1026,1740 1070,1740 1115,1740 1160,1741 1204,1742 1249,1742 1294,1743 1338,1743 1383,1745 1428,1746 1473,1748"/>
                <TextEquiv>
                    <Unicode>Willeding und Brichschreiber Rat¬</Unicode>
                </TextEquiv>
            </TextLine>
            <TextLine id="r2l12" custom="readingOrder {index:11;}">
                <Coords points="572,1923 758,1854 994,1865 1061,1900 1118,1868 1193,1909 1315,1873 1369,1914 1453,1866 1453,1786 1297,1762 1086,1805 965,1743 572,1801"/>
                <Baseline points="579,1857 622,1856 665,1854 709,1854 752,1853 795,1853 839,1854 882,1854 925,1854 969,1854 1012,1856 1055,1856 1099,1856 1142,1856 1185,1856 1229,1856 1272,1856 1315,1854 1359,1853 1402,1851 1446,1848"/>
                <TextEquiv>
                    <Unicode>schet de 16.t Augustz. 1749.</Unicode>
                </TextEquiv>
            </TextLine>
            <TextEquiv>
                <Unicode>Rudolp Maniera
gesehen, zu ihme gesagt, es seyn ein¬
großer Karmen zu dern Begen ihrer
Conspiration, der ihme geantwortet,
Er wolle einmahl hierin, umb zu schauben
lie es gehe.
Actum in der Oberen Befangene
schafft durch Mehghl. RathsHerren
von Brafenried, und Mehlen Herrn¬
Ohmgeltner Kombach, Grof Wübel¬
Willeding und Brichschreiber Rat¬
schet de 16.t Augustz. 1749.</Unicode>
            </TextEquiv>
        </TextRegion>
        <TextRegion orientation="0.0" id="r3" custom="readingOrder {index:2;}">
            <Coords points="1505,628 1505,3510 2651,3510 2651,628"/>
            <TextLine id="r3l1" custom="readingOrder {index:0;}">
                <Coords points="2533,720 2550,729 2574,725 2583,733 2598,732 2618,747 2630,741 2657,744 2659,611 2638,606 2590,615 2584,609 2568,614 2552,630 2535,626"/>
                <Baseline points="2540,677 2567,673 2595,672 2623,673 2651,680"/>
                <TextEquiv>
                    <Unicode>23</Unicode>
                </TextEquiv>
            </TextLine>
            <TextLine id="r3l2" custom="readingOrder {index:1;}">
                <Coords points="1749,784 1800,777 1878,708 1933,741 2037,705 2118,752 2214,717 2270,744 2471,754 2473,694 2218,579 2168,613 2091,600 1981,656 1909,645 1852,591 1753,647"/>
                <Baseline points="1758,723 1793,717 1828,712 1864,707 1899,704 1934,702 1970,701 2005,699 2040,699 2076,701 2111,701 2146,704 2182,705 2217,709 2252,712 2288,716 2323,720 2358,724 2394,728 2429,733 2465,737"/>
                <TextEquiv>
                    <Unicode>Zweytes Eamen.</Unicode>
                </TextEquiv>
            </TextLine>
            <TextLine id="r3l3" custom="readingOrder {index:2;} person {offset:4; length:14;}">
                <Coords points="1651,854 1853,809 1988,855 2069,813 2233,861 2495,851 2564,890 2567,811 2482,762 2303,784 2213,716 2121,753 2076,717 1997,751 1877,713 1789,781 1655,780"/>
                <Baseline points="1659,828 1706,822 1753,817 1800,812 1848,810 1895,809 1942,807 1990,808 2037,810 2084,811 2132,814 2179,817 2226,821 2274,826 2321,831 2368,835 2416,841 2463,846 2510,851 2558,855"/>
                <TextEquiv>
                    <Unicode>Mis Rudolf Meinier, dem</Unicode>
                </TextEquiv>
            </TextLine>
            <TextLine id="r3l4" custom="readingOrder {index:3;}">
                <Coords points="1732,961 1781,930 1991,934 2190,977 2276,961 2318,988 2339,984 2342,882 2222,852 2167,872 2069,813 1988,855 1854,810 1735,848"/>
                <Baseline points="1740,908 1769,906 1799,903 1829,902 1858,900 1888,900 1918,899 1947,899 1977,899 2007,899 2037,900 2066,900 2096,902 2126,903 2155,905 2185,907 2215,910 2244,912 2274,914 2304,917 2334,920"/>
                <TextEquiv>
                    <Unicode>Spittesl, Chirurgo¬</Unicode>
                </TextEquiv>
            </TextLine>
            <TextLine id="r3l5" custom="readingOrder {index:4;}">
                <Coords points="1639,1130 2004,1108 2250,1129 2294,1161 2477,1115 2563,1151 2598,1137 2600,1080 2547,1053 2468,1105 2226,1014 2107,1056 2005,1005 1947,1031 1790,956 1725,993 1643,981"/>
                <Baseline points="1646,1116 1693,1110 1740,1107 1787,1104 1835,1100 1882,1100 1929,1098 1976,1098 2024,1098 2071,1100 2118,1101 2165,1103 2213,1106 2260,1109 2307,1112 2354,1115 2402,1119 2449,1122 2496,1126 2543,1130 2591,1134"/>
                <TextEquiv>
                    <Unicode>Wegen der Verschiedenheit, so sich in der¬</Unicode>
                </TextEquiv>
            </TextLine>
            <TextLine id="r3l6" custom="readingOrder {index:5;}">
                <Coords points="1627,1241 1820,1207 2047,1254 2163,1211 2566,1237 2607,1223 2609,1143 2332,1130 2267,1167 2199,1128 2003,1116 1929,1151 1883,1127 1629,1153"/>
                <Baseline points="1635,1209 1683,1206 1731,1202 1779,1199 1828,1197 1876,1196 1924,1194 1973,1194 2021,1194 2069,1196 2118,1197 2166,1198 2214,1200 2262,1203 2311,1206 2359,1208 2407,1211 2456,1214 2504,1217 2552,1220 2601,1223"/>
                <TextEquiv>
                    <Unicode>Reposition H Einzeicher Steckd und </Unicode>
                </TextEquiv>
            </TextLine>
            <TextLine id="r3l7" custom="readingOrder {index:6;}">
                <Coords points="1647,1310 1903,1294 2026,1322 2095,1290 2229,1354 2584,1294 2584,1261 2412,1220 2265,1252 2157,1213 2046,1256 1812,1207 1733,1256 1696,1228 1648,1247"/>
                <Baseline points="1653,1301 1699,1295 1745,1291 1791,1287 1837,1284 1884,1284 1930,1283 1976,1283 2022,1283 2068,1284 2115,1286 2161,1287 2207,1290 2253,1292 2299,1293 2346,1296 2392,1298 2438,1299 2484,1301 2530,1301 2577,1301"/>
                <TextEquiv>
                    <Unicode>dem Examine deß Chirurgi Vermers</Unicode>
                </TextEquiv>
            </TextLine>
            <TextLine id="r3l8" custom="readingOrder {index:7;}">
                <Coords points="1643,1420 1750,1397 1812,1421 1853,1385 2160,1425 2596,1408 2598,1306 2523,1324 2465,1296 2219,1361 2111,1309 1904,1310 1851,1345 1784,1310 1722,1362 1644,1360"/>
                <Baseline points="1650,1391 1699,1389 1748,1387 1798,1386 1847,1385 1897,1385 1946,1386 1995,1386 2045,1388 2094,1388 2144,1390 2193,1392 2243,1394 2292,1396 2341,1398 2391,1400 2440,1401 2490,1404 2539,1406 2589,1407"/>
                <TextEquiv>
                    <Unicode>ergeben, burden Selbige Begele geren¬</Unicode>
                </TextEquiv>
            </TextLine>
            <TextLine id="r3l9" custom="readingOrder {index:8;}">
                <Coords points="1636,1539 1805,1487 1909,1525 1970,1488 2172,1535 2237,1496 2312,1535 2389,1494 2536,1520 2575,1505 2578,1402 2394,1444 2192,1404 2010,1407 1950,1444 1840,1410 1722,1458 1639,1425"/>
                <Baseline points="1644,1482 1690,1482 1736,1481 1782,1481 1828,1482 1875,1482 1921,1482 1967,1484 2013,1485 2059,1487 2106,1488 2152,1490 2198,1491 2244,1493 2290,1494 2337,1496 2383,1497 2429,1500 2475,1501 2521,1502 2568,1503"/>
                <TextEquiv>
                    <Unicode>Einander gestellt, und folgender Marden</Unicode>
                </TextEquiv>
            </TextLine>
            <TextLine id="r3l10" custom="readingOrder {index:9;}">
                <Coords points="1644,1595 1690,1582 1743,1602 1784,1588 1809,1597 1842,1588 1856,1600 1918,1582 1950,1588 1949,1516 1924,1527 1893,1514 1820,1511 1748,1532 1677,1493 1643,1510"/>
                <Baseline points="1650,1581 1676,1578 1703,1577 1729,1575 1756,1574 1783,1574 1809,1574 1836,1574 1863,1575 1889,1575 1916,1575 1943,1574"/>
                <TextEquiv>
                    <Unicode>Confrontirt.</Unicode>
                </TextEquiv>
            </TextLine>
            <TextLine id="r3l11" custom="readingOrder {index:10;} person {offset:18; length:5;}">
                <Coords points="1628,1690 1742,1679 1823,1735 1892,1679 1965,1718 2173,1686 2589,1703 2591,1571 2316,1632 2161,1586 1997,1620 1866,1594 1828,1625 1721,1580 1630,1595"/>
                <Baseline points="1635,1674 1682,1674 1729,1674 1777,1674 1824,1674 1872,1676 1919,1676 1966,1677 2014,1679 2061,1680 2109,1682 2156,1683 2203,1685 2251,1686 2298,1686 2346,1688 2393,1688 2440,1688 2488,1686 2535,1686 2583,1685"/>
                <TextEquiv>
                    <Unicode>Da den Erstlich H Stecb seine Sub 4 uld</Unicode>
                </TextEquiv>
            </TextLine>
            <TextLine id="r3l12" custom="readingOrder {index:11;}">
                <Coords points="1638,1771 1688,1800 1945,1768 2507,1794 2553,1780 2554,1691 2348,1723 2270,1694 2176,1746 1989,1699 1856,1747 1722,1700 1638,1732"/>
                <Baseline points="1644,1761 1689,1761 1734,1761 1779,1760 1824,1760 1869,1761 1914,1761 1960,1761 2005,1763 2050,1764 2095,1764 2140,1766 2185,1766 2230,1767 2276,1767 2321,1769 2366,1769 2411,1769 2456,1770 2501,1769 2547,1769"/>
                <TextEquiv>
                    <Unicode>jetzann Seposition abgelesen, und don</Unicode>
                </TextEquiv>
            </TextLine>
            <TextLine id="r3l13" custom="readingOrder {index:12;}">
                <Coords points="1630,1881 1744,1856 2067,1922 2126,1880 2400,1920 2447,1882 2559,1880 2521,1803 2414,1785 2194,1788 2158,1815 2043,1781 1986,1812 1632,1804"/>
                <Baseline points="1638,1851 1683,1851 1729,1852 1775,1853 1821,1853 1866,1854 1912,1856 1958,1856 2004,1857 2049,1859 2095,1859 2141,1860 2187,1861 2232,1862 2278,1863 2324,1863 2370,1863 2415,1865 2461,1865 2507,1865 2553,1863"/>
                <TextEquiv>
                    <Unicode>ihme nochmahlen durch aus bestättige</Unicode>
                </TextEquiv>
            </TextLine>
            <TextLine id="r3l14" custom="readingOrder {index:13;}">
                <Coords points="1619,1953 1655,1967 1680,1955 1689,1962 1736,1957 1744,1963 1752,1955 1788,1954 1816,1970 1836,1959 1837,1891 1764,1884 1744,1903 1720,1886 1700,1897 1676,1890 1655,1871 1620,1882"/>
                <Baseline points="1626,1949 1651,1950 1677,1949 1702,1949 1728,1949 1753,1949 1779,1950 1804,1951 1830,1955"/>
                <TextEquiv>
                    <Unicode>worden.</Unicode>
                </TextEquiv>
            </TextLine>
            <TextLine id="r3l15" custom="readingOrder {index:14;} person {offset:18; length:8;}">
                <Coords points="1643,2089 1695,2050 1824,2088 1887,2050 2180,2077 2453,2059 2453,1986 2373,1968 2327,1994 2253,1943 2205,1968 1948,1970 1879,1944 1818,1971 1643,1968"/>
                <Baseline points="1650,2048 1689,2049 1729,2049 1769,2049 1809,2049 1849,2049 1889,2048 1928,2048 1968,2048 2008,2048 2048,2048 2088,2046 2128,2046 2168,2046 2207,2046 2247,2046 2287,2046 2327,2048 2367,2048 2407,2048 2447,2049"/>
                <TextEquiv>
                    <Unicode>H. aauf burde der Werricer</Unicode>
                </TextEquiv>
            </TextLine>
            <TextLine id="r3l16" custom="readingOrder {index:15;}">
                <Coords points="1499,2174 1816,2138 2577,2138 2576,2104 2448,2063 2112,2071 2053,2111 1935,2064 1817,2093 1667,2041 1625,2065 1572,2027 1498,2056"/>
                <Baseline points="1505,2130 1558,2132 1611,2133 1664,2135 1718,2135 1771,2135 1824,2135 1877,2135 1931,2133 1984,2133 2037,2132 2090,2131 2144,2130 2197,2129 2250,2129 2303,2127 2357,2127 2410,2126 2463,2126 2516,2126 2570,2127"/>
                <TextEquiv>
                    <Unicode>befragt. Er habe vorigen Mahls nicht gestehen</Unicode>
                </TextEquiv>
            </TextLine>
            <TextLine id="r3l17" custom="readingOrder {index:16;}">
                <Coords points="1610,2226 1785,2261 1879,2231 2228,2261 2359,2209 2510,2235 2575,2209 2574,2130 2394,2178 2347,2148 2093,2147 1989,2185 1860,2140 1751,2175 1609,2159"/>
                <Baseline points="1617,2214 1664,2217 1712,2220 1759,2222 1807,2223 1854,2223 1902,2223 1949,2223 1997,2222 2044,2221 2092,2219 2140,2218 2187,2217 2235,2215 2282,2214 2330,2213 2377,2211 2425,2211 2472,2211 2520,2213 2568,2213"/>
                <TextEquiv>
                    <Unicode>collen, daß er gesucht, den Hrn Steck an¬</Unicode>
                </TextEquiv>
            </TextLine>
            <TextLine id="r3l18" custom="readingOrder {index:17;}">
                <Coords points="1607,2336 2006,2312 2123,2364 2358,2300 2560,2354 2558,2209 2443,2256 2315,2223 2156,2278 2095,2244 1995,2274 1605,2234"/>
                <Baseline points="1613,2301 1662,2304 1711,2309 1761,2310 1810,2312 1860,2312 1909,2312 1958,2312 2008,2310 2057,2309 2107,2307 2156,2304 2206,2303 2255,2301 2304,2300 2354,2298 2403,2297 2453,2297 2502,2298 2552,2300"/>
                <TextEquiv>
                    <Unicode>zulerben, ob er nun noch dato darauff¬</Unicode>
                </TextEquiv>
            </TextLine>
            <TextLine id="r3l19" custom="readingOrder {index:18;}">
                <Coords points="1610,2406 1621,2404 1647,2421 1672,2417 1690,2402 1705,2411 1737,2404 1756,2414 1782,2406 1807,2421 1830,2415 1832,2339 1820,2334 1768,2341 1746,2333 1716,2348 1682,2320 1659,2325 1650,2317 1612,2333"/>
                <Baseline points="1617,2393 1642,2393 1668,2393 1694,2393 1720,2394 1746,2395 1772,2397 1798,2398 1824,2399"/>
                <TextEquiv>
                    <Unicode>Beharre?</Unicode>
                </TextEquiv>
            </TextLine>
            <TextLine id="r3l20" custom="readingOrder {index:19;}">
                <Coords points="1536,2539 1866,2498 2580,2491 2579,2412 2433,2440 2351,2397 2008,2405 1917,2451 1841,2409 1597,2398 1535,2428"/>
                <Baseline points="1542,2480 1593,2483 1645,2485 1696,2487 1748,2487 1800,2487 1851,2487 1903,2487 1954,2486 2006,2486 2058,2484 2109,2483 2161,2481 2212,2480 2264,2478 2316,2478 2367,2477 2419,2477 2470,2477 2522,2478 2574,2480"/>
                <TextEquiv>
                    <Unicode>2r. In, Er beharre Vest darauf, daß er nichte</Unicode>
                </TextEquiv>
            </TextLine>
            <TextLine id="r3l21" custom="readingOrder {index:20;}">
                <Coords points="1592,2631 1724,2584 1874,2630 1970,2576 2520,2579 2556,2571 2554,2493 2505,2482 2407,2533 2326,2489 2289,2516 1850,2500 1590,2539"/>
                <Baseline points="1598,2573 1645,2576 1693,2577 1740,2577 1788,2577 1835,2577 1883,2576 1930,2574 1978,2573 2025,2570 2073,2568 2121,2565 2168,2563 2216,2561 2263,2559 2311,2558 2358,2556 2406,2556 2453,2558 2501,2559 2549,2561"/>
                <TextEquiv>
                    <Unicode>gesucht, den H. Steck anzulerben, sonder,</Unicode>
                </TextEquiv>
            </TextLine>
            <TextLine id="r3l22" custom="readingOrder {index:21;} person {offset:7; length:10;} person {offset:23; length:7;} place {offset:34; length:10;}">
                <Coords points="1602,2674 1978,2699 2242,2654 2411,2684 2460,2646 2522,2685 2571,2668 2570,2575 2367,2600 2175,2575 1916,2638 1728,2590 1602,2628"/>
                <Baseline points="1608,2652 1655,2655 1703,2659 1751,2661 1799,2661 1847,2663 1894,2661 1942,2661 1990,2660 2038,2658 2086,2657 2133,2655 2181,2653 2229,2651 2277,2649 2325,2649 2372,2648 2420,2648 2468,2648 2516,2649 2564,2651"/>
                <TextEquiv>
                    <Unicode>in der Perouasion, der Kupfter im Sulgenbach</Unicode>
                </TextEquiv>
            </TextLine>
            <TextLine id="r3l23" custom="readingOrder {index:22;}">
                <Coords points="1586,2787 1660,2768 1878,2808 2008,2758 2153,2822 2264,2746 2552,2783 2555,2674 2482,2654 2401,2693 2282,2662 2037,2722 1922,2674 1833,2709 1719,2681 1584,2709"/>
                <Baseline points="1592,2750 1639,2753 1687,2756 1735,2757 1783,2759 1831,2759 1879,2759 1926,2757 1974,2756 2022,2754 2070,2753 2118,2751 2166,2748 2214,2746 2261,2744 2309,2741 2357,2741 2405,2739 2453,2738 2501,2738 2549,2738"/>
                <TextEquiv>
                    <Unicode>habe daß ohrts schon mit H. Steckgesthrochen,</Unicode>
                </TextEquiv>
            </TextLine>
            <TextLine id="r3l24" custom="readingOrder {index:23;}">
                <Coords points="1582,2862 1675,2856 1722,2893 1805,2864 2005,2884 2034,2856 2278,2882 2587,2839 2586,2780 2219,2779 2153,2822 1976,2778 1885,2812 1581,2783"/>
                <Baseline points="1589,2844 1638,2849 1688,2850 1737,2853 1787,2853 1836,2853 1886,2853 1935,2852 1985,2850 2034,2849 2084,2847 2134,2844 2183,2843 2233,2841 2282,2841 2332,2840 2381,2840 2431,2840 2480,2841 2530,2844 2580,2847"/>
                <TextEquiv>
                    <Unicode>habe er ihme davon gereet, bie er solches hier</Unicode>
                </TextEquiv>
            </TextLine>
            <TextLine id="r3l25" custom="readingOrder {index:24;}">
                <Coords points="1598,2944 1741,2994 1986,2948 2028,2983 2122,2981 2246,2933 2532,2926 2531,2873 2308,2855 2261,2891 2180,2867 2014,2898 1978,2866 1722,2893 1674,2859 1597,2901"/>
                <Baseline points="1604,2927 1650,2931 1696,2936 1742,2939 1788,2941 1834,2942 1880,2942 1926,2940 1972,2939 2018,2937 2065,2935 2111,2933 2157,2931 2203,2928 2249,2925 2295,2924 2341,2922 2387,2921 2433,2919 2479,2919 2526,2921"/>
                <TextEquiv>
                    <Unicode>Ver außgesagt, Er negiire aber heiter,</Unicode>
                </TextEquiv>
            </TextLine>
            <TextLine id="r3l26" custom="readingOrder {index:25;}">
                <Coords points="1610,3046 1794,3039 1895,3078 2039,3036 2131,3079 2210,3028 2430,3061 2572,3011 2570,2944 2396,2979 2298,2947 2253,2981 2209,2958 2034,2983 1983,2954 1859,3002 1776,2972 1745,2996 1706,2961 1608,2973"/>
                <Baseline points="1616,3020 1663,3025 1710,3030 1758,3034 1805,3035 1853,3036 1900,3036 1948,3035 1995,3032 2043,3029 2090,3027 2137,3023 2185,3020 2232,3017 2280,3015 2327,3012 2375,3011 2422,3009 2470,3009 2517,3011 2565,3012"/>
                <TextEquiv>
                    <Unicode>unter Augen H. Stecks, daß er ihne geheißen</Unicode>
                </TextEquiv>
            </TextLine>
            <TextLine id="r3l27" custom="readingOrder {index:26;}">
                <Coords points="1601,3115 1663,3104 1700,3137 1785,3129 1889,3159 1948,3127 2009,3149 2116,3117 2152,3128 2152,3073 2130,3081 2038,3036 2002,3060 1980,3048 1872,3080 1787,3048 1701,3084 1601,3084"/>
                <Baseline points="1608,3107 1634,3110 1661,3114 1688,3118 1715,3120 1742,3121 1769,3123 1795,3123 1822,3125 1849,3125 1876,3125 1903,3123 1930,3123 1957,3122 1983,3120 2010,3119 2037,3118 2064,3116 2091,3115 2118,3113 2145,3111"/>
                <TextEquiv>
                    <Unicode>in die Stuben zukomen.</Unicode>
                </TextEquiv>
            </TextLine>
            <TextLine id="r3l28" custom="readingOrder {index:27;} person {offset:3; length:5;}">
                <Coords points="1584,3246 1740,3218 2141,3252 2444,3193 2558,3207 2571,3123 2310,3122 2244,3156 1990,3135 1911,3168 1656,3103 1582,3118"/>
                <Baseline points="1590,3201 1638,3207 1687,3209 1736,3212 1785,3213 1833,3215 1882,3215 1931,3214 1980,3213 2028,3212 2077,3210 2126,3209 2175,3207 2223,3205 2272,3203 2321,3201 2370,3199 2418,3198 2467,3196 2516,3195 2565,3195"/>
                <TextEquiv>
                    <Unicode>H. Steck dan dersetzte: Er mußte es über¬</Unicode>
                </TextEquiv>
            </TextLine>
            <TextLine id="r3l29" custom="readingOrder {index:28;}">
                <Coords points="1604,3319 2517,3307 2556,3300 2555,3219 1967,3268 1886,3229 1836,3256 1689,3222 1602,3241"/>
                <Baseline points="1610,3291 1657,3296 1704,3300 1751,3303 1798,3306 1845,3306 1892,3306 1939,3306 1986,3304 2033,3302 2080,3300 2127,3298 2174,3295 2221,3294 2268,3291 2315,3290 2362,3288 2409,3287 2456,3287 2503,3288 2550,3290"/>
                <TextEquiv>
                    <Unicode>hört haben, dan einmahl duncke ihne, Er</Unicode>
                </TextEquiv>
            </TextLine>
            <TextLine id="r3l30" custom="readingOrder {index:29;}">
                <Coords points="1578,3403 1725,3394 1794,3428 1956,3394 2217,3437 2313,3379 2576,3363 2575,3323 2423,3299 2119,3306 1951,3350 1576,3323"/>
                <Baseline points="1583,3369 1632,3375 1681,3380 1731,3385 1780,3387 1829,3389 1879,3390 1928,3389 1977,3389 2027,3387 2076,3384 2125,3382 2175,3378 2224,3376 2273,3373 2323,3369 2372,3367 2421,3365 2471,3363 2520,3362 2570,3362"/>
                <TextEquiv>
                    <Unicode>habe ihme proponiert, zu sich in seine teben</Unicode>
                </TextEquiv>
            </TextLine>
            <TextLine id="r3l31" custom="readingOrder {index:30;}">
                <Coords points="2276,3502 2292,3501 2358,3550 2392,3541 2410,3552 2434,3534 2448,3543 2483,3520 2526,3511 2552,3525 2555,3436 2512,3424 2464,3390 2373,3427 2350,3408 2300,3423 2279,3418"/>
                <Baseline points="2283,3474 2309,3473 2335,3473 2362,3471 2388,3471 2415,3471 2441,3471 2467,3473 2494,3476 2520,3481 2547,3488"/>
                <TextEquiv>
                    <Unicode>sirnu</Unicode>
                </TextEquiv>
            </TextLine>
            <TextEquiv>
                <Unicode>23
Zweytes Eamen.
Mis Rudolf Meinier, dem
Spittesl, Chirurgo¬
Wegen der Verschiedenheit, so sich in der¬
Reposition H Einzeicher Steckd und 
dem Examine deß Chirurgi Vermers
ergeben, burden Selbige Begele geren¬
Einander gestellt, und folgender Marden
Confrontirt.
Da den Erstlich H Stecb seine Sub 4 uld
jetzann Seposition abgelesen, und don
ihme nochmahlen durch aus bestättige
worden.
H. aauf burde der Werricer
befragt. Er habe vorigen Mahls nicht gestehen
collen, daß er gesucht, den Hrn Steck an¬
zulerben, ob er nun noch dato darauff¬
Beharre?
2r. In, Er beharre Vest darauf, daß er nichte
gesucht, den H. Steck anzulerben, sonder,
in der Perouasion, der Kupfter im Sulgenbach
habe daß ohrts schon mit H. Steckgesthrochen,
habe er ihme davon gereet, bie er solches hier
Ver außgesagt, Er negiire aber heiter,
unter Augen H. Stecks, daß er ihne geheißen
in die Stuben zukomen.
H. Steck dan dersetzte: Er mußte es über¬
hört haben, dan einmahl duncke ihne, Er
habe ihme proponiert, zu sich in seine teben
sirnu</Unicode>
            </TextEquiv>
        </TextRegion>
    </Page>
</PcGts>
