3024 4032
463 285 584 404 272.
501 1233 591 1377 2
488 1418 586 1589 2.
770 322 1359 561 Damil Ructr.
640 522 1537 798 Sogenl i en e seh en aete
652 654 1529 871 eine Versamblung an dem Gerten seyn,
636 746 1528 970 Er solle auch hinkommen, welches zuthun, er¬
643 859 1535 1065 in die Hand versprechen, es seyn aber schlag
624 934 1513 1161 Vedter eingefallen, und die Versamblung¬
621 1064 1146 1193 habe sich nicht gehalten.
642 1251 1419 1447 Ob Er dann darein gegangen Bäre?
630 1443 1516 1613 kein. Wie Er dann auch schon declarit, daß
612 1546 1512 1691 Er nichts darmit zu thun haben wolle, habe in¬
604 1629 1514 1778 Sinn gehabt, unter dem Vorlaand seine Jase¬
613 1719 1456 1869 Schleither nach Besancon zu bepleiten,
598 1828 1496 1966 und von da in Engelland zu reißen, damit¬
605 1935 1489 2069 man ihne mit diesen Sachen nicht mehr
578 2043 1493 2177 Plage; Auch habe Er zu dem End von 7tr¬
573 2126 1454 2267 Oberst von Wodtenlögl. für 2000. Thl¬
570 2225 1306 2354 Magelbriefen zu kauffen begehrt.
575 2327 1467 2474 Vor ohngefehrt 3. Wochen habe der Licutl¬
545 2431 1463 2553 Kunter ihme gefragt, bii sie es mit ihm
541 2501 1472 2641 haben? Darauf er ihme geantbertet. Er¬
538 2615 1466 2736 liße Wohl, wie er es habe, Er wolle richts¬
544 2715 1460 2832 damit zu thun haben; Nachdeme Er seinen¬
513 2796 1480 2935 Bruder Gabriel von dem Trauen geredt habe¬
507 2909 1466 3055 Er ihme vor denon Sachen nichts mehr erösfent,
496 2994 1449 3177 und ihme von allei, Äußert von Wieder Aese¬
482 3085 1454 3294 erichtung der Bürgerlichen Boeyheiten, vo¬
496 3197 1439 3373 den Mitter aber, so man dazu gebrauchen belise
481 3296 1428 3507 gar nichts geredet, Er habe aber, bie¬
1322 3364 1433 3490 dch
1598 1171 1683 1300 Gi
1597 1422 1660 1546 2.
2631 360 2762 487 273.
1798 373 2384 607 Damis Pucter
1722 578 2694 782 oben gemeldt, abgemahnet, und nichts damit
1720 720 2653 876 Suthun haben bollen: Diefer Sochen Halter
1698 815 2645 964 habe er äußert seinem Gruder und dem a
1696 909 2658 1109 Lientl. Punter sonst mit Nieman dem gerect.
1708 1113 2634 1260 Ob Er nicht auch mit dem Kupfer im Solgen¬
1696 1232 1987 1364 boch geredt?
1693 1413 2589 1554 Mit dem Kupster im Sulgenbach habe er,
1689 1511 2618 1643 äußert einmahl in seinem Comptoir, in Bey¬
1664 1606 2583 1731 seyn seiner Gruder Gabriels Schbäher, da
1661 1699 2631 1832 sie eine Bouteille mit einander getrumben
1680 1799 2602 1930 nochmahlen geredet, und damahlen seyn von
1658 1885 2626 2024 diesem Sachen keine Meldung gethan worden.
1662 1973 2588 2120 Seinem Bruder Babriel habe er grad nach¬
1649 2062 2518 2212 dem Fraum eine Schrifftliche Abmahnung
1648 2172 2576 2295 gegeben, welche er auch dem Licatl. Gueter
1645 2260 2570 2399 communicirt; Dieser habe darauf nichts
1648 2352 2592 2488 anders geantwortet, Als es habe ihme gran¬
1632 2452 2583 2620 Pet. Womit er geEndet und bezeuget, daß
1642 2545 2293 2691 ihm nichts mihr betant seÿn.
1684 2732 2400 2891 Abgelesen und bestädtiget
1607 2848 2483 3120 an112 2. 729
