3024 4032
356 488 493 567 174.
588 479 1388 722 RudoldWanie
545 637 1473 853 Zahl ihrer 10. der Erd abgelesen und in¬
548 741 985 850 stimirt worden.
549 830 1467 1010 Dler Wereier aber beharrete seiner
555 938 1480 1113 Seiths, daß er nicht eher als umb halter¬
544 1046 1469 1205 1. Uhr dorthin gekommen, und daßsob¬
556 1160 1480 1322 "wohlen ihme der Eyd abgelesen, sellige
549 1249 1455 1405 ihme dennoch, so viel er sich erinnere,
557 1354 1466 1501 nicht zu schlöhren gemacht worden.
322 1521 548 1638 Confionti
560 1484 1466 1668 Marchand Gristen deponita¬
392 1618 498 1690 mit
553 1624 1474 1785 unter Augen deß Chiuug; Vereng
306 1672 537 1752 Marchan.
315 1738 528 1865 Cheiste
563 1730 1450 1879 Er könte allen falls beweißen, daß
540 1833 1453 1975 noch vor 3. Uhren aus der Versamb¬
538 1934 1446 2093 olung wieder nach Kauß gegangen
547 2032 1452 2161 und er habe einmahl den Vernier¬
531 2128 1452 2264 in Obiger Versamblung gesehen. Er
532 2223 1458 2359 liße gar bohl, daß er Vermer der
509 2322 1453 2459 Allerlezte in die Versamblung gektonn
514 2400 1451 2543 Aber als Er Christen darauß bides¬
525 2512 1444 2663 fortgegangen, seyn der Cherurgus¬
522 2591 1453 2740 Wermer noch dorten geblieben, daß
523 2667 1447 2826 er aber den Wermer gesehen den Erd¬
498 2765 1447 2928 schwöhren, oder daß selbiger ihmeat
513 2845 1444 3033 lesten borden, das könte er nicht
487 2966 1393 3125 sagen, und seÿn solcher Bey seiner
492 3063 1438 3249 Wißen in seiner Gegenbart nicht gu
479 3233 745 3367 schehen.
575 3342 1387 3525 Mernier: Auß dießer de¬
260 3388 562 3534 Instirtan
1090 3412 1392 3591 Muctund
2558 467 2702 567 175.
1688 502 2413 719 Rudolf Meiier a.
1619 621 2680 819 Maichands Gristen Anßaag erhälle, und
1614 724 2662 930 müße er klar sehen, daß er noch vor 3.
1612 807 2702 1024 lhem, und nicht, bie er vorgebe, erst gegen
1608 924 2645 1132 1. Uhren, in die Versamlung gekomen?
1554 1144 2632 1336 R. Er habe schon hieoben gesagt, Er wolle sich¬
1602 1254 2688 1399 auf die Außaagen der übrigen Persohne
1593 1352 2631 1499 Referieren, Jedoch habe er geglaubt
1602 1454 2638 1608 und glaube noch anjezo, daß er erst¬
1588 1562 2497 1720 gegen 4. Uhren dorthin gekommen.
1495 1697 2637 1876 denent Marchand Oiss erhielte gleichfalls
1504 1851 1534 1932 u
1594 1839 2614 1983 dem Inquisit unter Augen: Er Depo¬¬
1479 1901 1578 1982 Maich.
1602 1926 2640 2074 nent seyn mit dem H. Herrmann der¬
1496 1973 1559 2045 83.
1586 2020 2661 2168 Erste aus der Versamblung fortgegangen
1582 2135 2615 2253 Ohngefehrd umb 3. Uhren, und seyn er¬
1577 2228 2618 2360 Wernier eine Weile schon da gelesen,
1573 2320 2577 2453 Als Er Deponent von dorten Bieder¬
1587 2406 2631 2571 Beyggegangen. Ratione deß Eyder
1579 2517 2591 2660 dann, habe er geglaubt, der Wermer¬
1573 2614 2656 2747 habe selbigen zugleich mit denen Übrigen
1572 2696 2623 2856 geschwohren; doch könne er sich nicht¬
1567 2794 2631 2953 positive Erinneren, Ob er Inquisit¬
1591 2875 2618 3057 damahlen, als sie den Eyd geschlohren,
1565 2977 2623 3166 schon zugegen gelesen, oder nicht, Er¬
1565 3074 2658 3265 glaube in der that, der Mermer seyn der
1581 3137 2149 3298 Letzte dahar gekomen.
1629 3254 2615 3453 Wermer Antwortete über diese ein
1577 3347 2641 3581 gleicher, wie über H Christens Deposen
1574 3440 1744 3537 top.
2229 3590 2530 3722 Hirauf
