3024 4032
367 496 491 588 126.
418 499 1470 772 so. A kannel Ziegler, der Gen
627 663 1417 829 estetenbeik an der Kreutzgäß¬
346 833 574 981 Dicharis
645 798 1462 1022 Die gantze Bebantschafft, sons von
556 957 1454 1107 diesen Sachen habe, bestehe darmein¬
581 1048 1464 1207 daß ohngefehrt 8. tag, ehe und bevor¬
551 1151 1472 1312 die Sach auß komen, lein er von der¬
543 1267 1466 1413 Schutzen Matt Bieder nach Hauß ge¬
542 1377 1470 1518 gangen, ihme der Herber Ruhn gesagt¬
539 1460 1417 1614 habe, es seyen etwelche Bürger, so
542 1562 1462 1689 Muhhs r1 einen Vortrag übergeben.
547 1655 1415 1781 Bolen, mit befragen, ob er auch
538 1745 1455 1895 "zutrecken und mithalten bolle?
563 1834 1448 1973 darauf er ihme aber geantwortet:
522 1928 1446 2076 Messen deß Handberckr, Directori¬
515 2033 1406 2143 haben ihne, seiner Handlerdes be¬
525 2127 1434 2265 schlarken halber an Megsh die Rath
527 2222 1452 2355 und Bürger geliesen, darbey es
510 2276 1460 2467 Verbleiben und also nicht eintretten.
511 2419 1427 2558 wolle. Darüber hin der Kuhn ihmen die
496 2500 1447 2654 Hand gestreikt, und ihme gesagt, Posbe
506 2602 1454 2756 er doch Nieman dem davon sagen, bal
499 2684 1434 2848 aches er ihme Verstrochen, und d zun
508 2781 1447 2933 darauf gegeben, Weiters aber haben
496 2906 972 3036 Ihme nichts gesagt.
493 2976 1416 3155 Etlan gbeÿ Tage hernach seÿeer
498 3001 1447 3228 mit dem Goldschnus Christen sonse
476 3122 1432 3312 ihren Weiberen auf dem Kirchof gube
481 3190 1439 3435 isen, da ihme selbiger auch von denen
468 3317 1418 3523 Handberiben geredet, daß nämlich
1243 3409 1421 3562 sbigu
1500 2138 1624 2256 Notert
1554 2648 1615 2795 d
2530 600 2667 715 407
1719 589 2507 784 Pnannel Zuegler.
1693 745 2655 895 diltige nach und nach verstämplet ber¬
1675 845 2639 1020 den; von Anderin aber seÿn da gar¬
1669 939 2281 1064 nichts geredet worden.
1779 1019 2624 1223 Meiters habe Numand von dieser
1651 1139 2619 1278 Sachen etwas mit ihme gereiket, noch
1645 1222 2626 1363 sonsten gantz und gar nichts vernommen.
1735 1321 2595 1470 Mit dem Qlaniel Bueter seÿn er
1654 1412 2602 1588 als einem Verlandten, gan Familiar
1645 1511 2611 1643 umbgegangen, Sie habins aber niemalle
1643 1599 2563 1738 von dergleichen Sachen geredet, und
1622 1687 2594 1852 hätte er nicht muthmaßen können, daß
1633 1791 2575 1931 er mit solchen Sachen umbgehe, Und aug
1631 1884 2553 2001 habe deßen Bruder der Bebriel Kunker
1630 1975 2561 2106 gleichfalls niemahlen mit ihme davon
1646 2063 1870 2177 geredet.
1669 2161 2547 2288 Es seyn doch nicht zu glauben, daß er
1633 2239 2560 2375 nicht ein mehrers von diesen Sachen ge¬
1624 2326 2562 2454 loußt, maßen er jaselbsten gesagt, daß
1618 2424 2553 2565 er aus Gebüßens-Trieb sich selbsten, als
1620 2513 2548 2653 darinnen implicirt, bey Mechgspre
1601 2596 2215 2719 Geimblicher angegeben?
1622 2698 2523 2831 Ja, las habe er darum gesagt, Beiken¬
1617 2784 2575 2921 Man, begereder, Glouschen ihme und kenen
1607 2855 2554 2992 Buter oblaaltenden genauben Verbandt,
1605 2948 2573 3093 schafft, hädte muthmaßen können, daß
1613 3044 2565 3185 er auch in dem Complot seÿn, alerobegen
1603 3139 2500 3269 er auch alsobald bey seiner Angebung,
1602 3216 2412 3360 das gleiche, loas anjetzo, gesagt.
1660 3315 2538 3453 Muße also nichts beiters hierüber¬
1612 3429 2547 3540 Abgelaßen und bestätiget, zugleich deß acesto
1607 3506 2371 3603 unter dem gebohnten gelübdt erlaßen
1625 3568 2245 3662 Actb: d. 26. Juli. 1749.
