3024 4032
498 329 649 432 284.
878 401 1207 552 Kamen
928 536 1074 641 Mit
831 594 892 675 s
670 596 729 672 §
702 603 1507 829 Grihten Mehren von Sannen,
662 723 1550 949 17. Jahr Alt, diener bey Hhrn Michei¬
667 828 876 930 du Crest.
701 990 1514 1195 hn den dißmahligen unglücklichen
578 1076 1478 1276 Gurgeren biße haton keinem, der
618 1206 1520 1369 zu dem Micheli gekommen, als der
617 1296 1535 1479 Licuth. Furter, und das, seiner Wißens¬
629 1407 1438 1544 2. over 3. mahl, seyn aber mehmahlen
630 1498 1453 1662 länger als etban eine halbe Stund bey
618 1587 1486 1735 Ihme in der Steben gelesen, biße aber¬
616 1692 1401 1828 nicht, was Sie mit einander geredt,
596 1774 1498 1940 Maßen Er Jederheit, bau Besellschafft
595 1873 1480 2013 bey seinem Herren gewesen, aus der¬
591 1964 1490 2106 Stuben gegangen; Es seyn etwan ein¬
593 2060 1489 2211 Thalb Jahr, daß Licutl. Pueter das Erste,
578 2168 1452 2302 und ntla ein Monath, daß Er das letste¬
564 2247 1481 2380 Mahl. bey Ihme gebesen; Gabrich futer
547 2355 1477 2481 seye einmahl zu seinem Herren gekomen,
563 2461 1465 2582 der ihme Fueter geliße Glöser über¬
543 2541 1464 2685 geben habe, nach Gastel zuschicken, belcho¬
533 2649 1477 2776 Er auch geholffen einpocten, und nach dem sie¬
537 2743 1431 2891 eingepackt gewesen, seyn Gabriel finter¬
518 2838 1212 2982 lider nach Hauß gegangen
497 3004 1436 3169 Sinth etbas Zeith daher habe sein Herr Tost
500 3096 1405 3281 alle Sonntag bey dem Storchen mit Hr
478 3239 1425 3378 Clere, etliche mahl auch anderen Herrn, als¬
461 3324 1439 3487 Herr Berteand, mit ihme gestisen, aber
2640 339 2757 454 295.
1793 354 2456 579 Gristen Mehren.
1715 540 2699 783 Von den dißmahligen verdächtigen Zurge¬
1729 721 2060 848 emn Rumand.
1726 803 2594 953 Äußert dem Hauß habe sein Herr
1712 893 2396 1045 diemahls zu Nacht geschieften.
1670 1042 2564 1241 Brifen ober Billets habe er ihme,
1699 1200 2631 1351 außert auf die Post, und den etban in
1692 1314 2614 1433 vorneme Häußer wegen Bermomelres
1684 1411 2055 1530 keine getragen.
1614 1580 2598 1733 Von Gÿrurgo Wereier luße Er nit¬
1657 1682 2584 1830 daß Er bey seinem Herren in der Stuben
1661 1782 2619 1923 gelefen, wohl. seyn er mit Brauben¬
1648 1884 2593 2017 Zimmer in den hinteren Hooff gekommen,
1652 1969 2585 2119 den er deß Micteli Runelin gezeiget,
1645 2065 2559 2198 und mit Jungfr. Wild seyn der Mermier
1652 2173 2593 2312 einmahl in deß Micheli Steben gewesen,
1642 2252 2507 2408 umb die Bermometer Gläser zu sehen
1629 2344 2618 2536 Weiters seyn ihme gar nichts hieten Betant
1622 2502 2288 2672 Abgelesten und bestähtiget
1619 2669 2450 2936 Laun. 122. Jl. 1729.
