3024 4032
451 1547 482 1637 c
453 1346 520 1542 9
451 561 497 631 1
737 443 1555 701 Pilais Annn.
520 525 640 653 24
534 589 1570 841 Heckehabe gesagt, die Secret und Projecten
620 699 1574 907 segen nnd denen bekandt gebesten, so am Stein
619 818 1370 1003 Knder gsin, Wer selbige seyen
534 977 1591 1199 Antb. Haubtman Händzi Wyß, Leutl. Gueter
619 1079 1575 1277 gabriel Zueter, dieste steyen er haubtsäch¬
611 1240 908 1384 lich gebesten.
627 1365 1586 1541 Wolche die ersten gebesen, so diesen Complo¬
513 1431 598 1567 Ge.
627 1498 966 1661 angestiftget. 3.
532 1610 1549 1801 Acbester saultinan Hauhe habe ihne gesagt,
614 1760 1548 1895 der H. Lerber, Babrich Hueter, Lieute.
612 1857 1546 2000 Gutter, beyde, damil Gueter, der Gold¬
621 1951 1579 2087 schund und der Marihand der Muheli, du
627 2055 1576 2182 liest, Er Haustman Handzi selbsten, H.
608 2138 1567 2287 Küpfter im Sulgenbach, und der Kupfter¬
600 2248 1500 2402 schund Itth steyen, die ersten gebesten.
516 2422 1580 2570 Fr. Oball, diejenige, welche auf der Liste auff¬
623 2535 1552 2664 gezeichutstehen, und sich in dem Complot.
609 2624 1587 2778 cengugirt, vorhabent geboeßen, den Zwersten
598 2716 1589 2892 End zu Crecution, deß Prozects zu schlöoren?
514 2837 605 2958 Antb.
619 2868 1552 3046 Einmahl seye er allso berichtet borden.
602 2991 1585 3198 Nach diesem ist obiger Deliquent bider
603 3104 1304 3261 ansein Orth geführt worden.
586 3214 1463 3464 Actum den 7t July 1749.
2719 342 2865 470 25/
1736 422 2506 613 Drittes Eramen
1965 570 2156 684 Mit
1692 582 2735 830 Ruleus Bernier Marhand.
1984 769 2178 905 uech
1706 821 2778 1039 Nächstver Wohlgedachte Mehnbahfl die
1722 966 2465 1129 Praminaloren gehalten.
1595 1098 2816 1324 Hr. Wie langes seye, daß er mit saubtmann¬
1698 1230 2792 1423 Kupster geredet, und sich mit ihme, dieser
1721 1355 2475 1511 Sachen halben, besprochen habe
1673 1387 1726 1513 2
1744 1487 2864 1687 Esteye bald ein Monath, daß, als er sich in
1597 1578 1709 1698 antb
1726 1639 2900 1799 deß Küpsters Laden befunden, und ihne geho¬
1733 1732 2871 1891 ret, über die Regierung schmählen, indeme
1741 1820 2906 2014 er gestagt, man solte unter der Bürgerschafft
1710 1941 2897 2072 Vrachten den Sachen zu helffen, und die Bur¬
1719 2045 2875 2185 gerlichen Heeyheiten löider auffzurichten,
1738 2140 2834 2282 mit fehrnerem Verdeuten, Er Bolle sein
1725 2233 2896 2370 graub haubt auch noch daransteeken, und
1733 2331 2945 2495 er habe Puffer und Kuglen, daren er auch
1733 2437 2954 2608 in einer Guttern gezeiget. Worauß er In¬
1709 2530 2937 2716 quisit ihme gesagt, bau er so gestinmet seyn,
1713 2653 2896 2807 so Solle er ihme Schrifften beisten, die er
1712 2738 2893 2940 habe, die Alten Breyheiten betroffend.
1692 2923 2928 3174 Bloß ein panr Tag vor, dem Außbeuch habe
1720 3073 2962 3286 der haubtman Küpfter ihme gesagt, der
1705 3138 2944 3413 Küpfter von Wehrlausfen habe ihme die Sach
1730 3270 2942 3511 wöfnet, den er auch das geheimmuß
1700 3351 2833 3643 Versprechenn, Er Hafbbman Küpffer
2646 3620 2908 3762 habe
