<?xml version="1.0" encoding="UTF-8" standalone="yes"?>
<PcGts xmlns="http://schema.primaresearch.org/PAGE/gts/pagecontent/2013-07-15" xmlns:xsi="http://www.w3.org/2001/XMLSchema-instance" xsi:schemaLocation="http://schema.primaresearch.org/PAGE/gts/pagecontent/2013-07-15 http://schema.primaresearch.org/PAGE/gts/pagecontent/2013-07-15/pagecontent.xsd">
    <Metadata>
        <Creator>prov=University of Rostock/Institute of Mathematics/CITlab|PLANET AI GmbH/Gundram Leifert/gundram.leifert@planet-ai.de:name=Transkribus German Kurrent M2(htr_id=29820)::::v=2.6.7
prov=University of Rostock/Institute of Mathematics/CITlab|PLANET AI GmbH/Tobias Gruening/tobias.gruening@planet-ai.de:name=de.uros.citlab.module.baseline2polygon.B2PSeamMultiOriented:v=2.6.7
prov=University of Rostock/Institute of Mathematics/CITlab|PLANET AI GmbH/Gundram Leifert/gundram.leifert@planet-ai.de:name=Kurrent_1515_ENHG_v3(htr_id=40510)::::v=2.6.7
prov=University of Rostock/Institute of Mathematics/CITlab|PLANET AI GmbH/Tobias Gruening/tobias.gruening@planet-ai.de:name=de.uros.citlab.module.baseline2polygon.B2PSeamMultiOriented:v=2.6.7
prov=University of Rostock/Institute of Mathematics/CITlab|PLANET AI GmbH/Tobias Gruening/tobias.gruening@planet-ai.de:name=/net_tf/LA73_249_0mod360.pb:de.uros.citlab.segmentation.CITlab_LA_ML:v=2.6.7
Transkribus</Creator>
        <Created>2022-05-02T15:17:52.616+02:00</Created>
        <LastChange>2022-09-12T15:24:00.995+02:00</LastChange>
        <TranskribusMetadata docId="1334849" pageId="52363539" pageNr="191" tsid="114645556" status="IN_PROGRESS" userId="9570" imgUrl="https://files.transkribus.eu/Get?id=SFUNEQSTTWSGGEWKTNTDARAK&amp;fileType=view" xmlUrl="https://files.transkribus.eu/Get?id=ILLQLIKTNHCQQTAVQAPWPBCT" imageId="30687946"/>
    </Metadata>
    <Page imageFilename="IMG_5891.jpg" imageWidth="3024" imageHeight="4032">
        <ReadingOrder>
            <OrderedGroup id="ro_1687513638773" caption="Regions reading order">
                <RegionRefIndexed index="0" regionRef="r1"/>
                <RegionRefIndexed index="1" regionRef="r2"/>
                <RegionRefIndexed index="2" regionRef="r3"/>
                <RegionRefIndexed index="3" regionRef="r4"/>
            </OrderedGroup>
        </ReadingOrder>
        <TextRegion orientation="0.0" id="r1" custom="readingOrder {index:0;}">
            <Coords points="356,203 356,356 489,356 489,203"/>
            <TextLine id="r1l1" custom="readingOrder {index:0;}">
                <Coords points="351,320 375,317 389,325 446,312 466,321 496,307 494,236 438,257 416,255 393,241 366,264 349,262"/>
                <Baseline points="356,305 382,306 409,305 435,304 462,303 489,303"/>
                <TextEquiv>
                    <Unicode>376.</Unicode>
                </TextEquiv>
            </TextLine>
            <TextEquiv>
                <Unicode>376.</Unicode>
            </TextEquiv>
        </TextRegion>
        <TextRegion orientation="0.0" id="r2" custom="readingOrder {index:1;}">
            <Coords points="540,341 540,2072 1446,2072 1446,341"/>
            <TextLine id="r2l1" custom="readingOrder {index:0;}">
                <Coords points="738,386 765,404 952,395 1076,416 1134,460 1201,429 1311,461 1321,349 1291,353 1143,273 945,336 811,267 749,270"/>
                <Baseline points="744,381 772,384 800,386 828,386 856,388 884,390 912,392 941,393 969,394 997,396 1025,399 1053,402 1081,404 1109,407 1138,410 1166,414 1194,417 1222,422 1250,427 1278,433 1307,440"/>
                <TextEquiv>
                    <Unicode>Vattler Wiegsamm.</Unicode>
                </TextEquiv>
            </TextLine>
            <TextLine id="r2l2" custom="readingOrder {index:1;} person {offset:4; length:14;}">
                <Coords points="548,452 648,497 781,474 865,505 1087,508 1145,547 1264,527 1423,587 1430,532 1202,430 1116,475 945,406 654,423 560,353"/>
                <Baseline points="554,450 597,453 640,457 683,459 727,462 770,465 813,468 856,472 900,475 943,478 986,483 1029,487 1073,493 1116,500 1159,506 1202,513 1246,522 1289,533 1332,543 1375,555 1419,569"/>
                <TextEquiv>
                    <Unicode>der Gabries Kunter mit Ihei ge¬</Unicode>
                </TextEquiv>
            </TextLine>
            <TextLine id="r2l3" custom="readingOrder {index:2;}">
                <Coords points="558,564 728,560 811,600 873,578 931,613 1076,597 1261,645 1327,627 1414,673 1422,587 1340,590 1265,528 1136,565 1086,523 931,524 761,476 562,524"/>
                <Baseline points="564,558 606,558 648,558 690,560 733,560 775,561 817,562 860,564 902,566 944,568 987,572 1029,575 1071,579 1113,584 1156,591 1198,598 1240,606 1283,615 1325,625 1367,637 1410,650"/>
                <TextEquiv>
                    <Unicode>redet? Und Als Er mit Iageant¬</Unicode>
                </TextEquiv>
            </TextLine>
            <TextLine id="r2l4" custom="readingOrder {index:3;}">
                <Coords points="545,660 721,657 754,688 916,709 1061,688 1171,741 1422,765 1429,691 1241,625 965,625 731,561 656,614 554,580"/>
                <Baseline points="551,660 594,656 637,654 681,653 724,651 767,651 811,653 854,654 897,657 941,660 984,666 1027,671 1071,676 1114,683 1157,690 1201,698 1244,707 1287,716 1331,726 1374,737 1418,749"/>
                <TextEquiv>
                    <Unicode>bortet, habe er gesagt, Er seyn schon</Unicode>
                </TextEquiv>
            </TextLine>
            <TextLine id="r2l5" custom="readingOrder {index:4;}">
                <Coords points="539,807 680,760 711,792 820,807 1091,781 1154,832 1409,829 1413,772 1193,758 1061,687 904,708 664,681 578,706 548,682"/>
                <Baseline points="549,759 591,758 634,758 677,758 720,758 762,758 805,758 848,759 891,761 933,762 976,765 1019,767 1062,771 1104,775 1147,779 1190,785 1233,791 1275,798 1318,805 1361,814 1404,824"/>
                <TextEquiv>
                    <Unicode>Guth und seÿe beiters gegangen.</Unicode>
                </TextEquiv>
            </TextLine>
            <TextLine id="r2l6" custom="readingOrder {index:5;}">
                <Coords points="629,879 706,912 782,875 862,911 978,912 1032,877 1069,906 1223,888 1420,951 1425,861 1154,832 1089,786 1014,837 942,799 827,833 779,790 728,809 637,766"/>
                <Baseline points="636,863 675,864 714,866 753,866 792,866 831,867 870,867 909,868 948,869 987,870 1026,872 1065,874 1104,876 1143,879 1182,883 1221,888 1260,895 1299,901 1338,909 1377,919 1416,929"/>
                <TextEquiv>
                    <Unicode>Sonsten habe er deßhalber mit¬</Unicode>
                </TextEquiv>
            </TextLine>
            <TextLine id="r2l7" custom="readingOrder {index:6;}">
                <Coords points="552,989 807,992 857,1021 1148,987 1241,1031 1431,1035 1433,976 1378,940 1186,888 889,935 777,875 693,917 630,887 555,911"/>
                <Baseline points="558,969 601,972 644,974 688,975 731,975 774,975 818,977 861,977 904,977 948,977 991,977 1034,977 1078,979 1121,981 1164,983 1208,987 1251,992 1294,997 1338,1005 1381,1013 1425,1023"/>
                <TextEquiv>
                    <Unicode>keiner Seele geredt, und loußte</Unicode>
                </TextEquiv>
            </TextLine>
            <TextLine id="r2l8" custom="readingOrder {index:7;}">
                <Coords points="564,1076 645,1074 716,1113 799,1074 862,1100 1441,1116 1301,1030 1163,1009 1022,1041 961,1004 888,1041 807,993 756,1036 693,986 567,1012"/>
                <Baseline points="570,1062 613,1065 656,1068 699,1070 742,1071 786,1073 829,1074 872,1074 915,1075 958,1076 1002,1077 1045,1079 1088,1080 1131,1082 1174,1086 1218,1090 1261,1095 1304,1102 1347,1110 1390,1118 1434,1130"/>
                <TextEquiv>
                    <Unicode>beiters hierüber nichts zu sagen.</Unicode>
                </TextEquiv>
            </TextLine>
            <TextLine id="r2l9" custom="readingOrder {index:8;}">
                <Coords points="569,1178 806,1191 870,1165 1047,1230 1132,1192 1397,1235 1442,1229 1447,1149 1348,1166 1221,1095 930,1147 876,1091 675,1122 617,1072 575,1077"/>
                <Baseline points="576,1155 619,1158 662,1159 705,1161 748,1163 791,1164 834,1166 877,1167 920,1169 963,1170 1006,1172 1049,1175 1092,1176 1135,1179 1178,1183 1221,1187 1264,1191 1307,1195 1350,1201 1393,1207 1437,1214"/>
                <TextEquiv>
                    <Unicode>Vten Abänderung deß Regiments¬</Unicode>
                </TextEquiv>
            </TextLine>
            <TextLine id="r2l10" custom="readingOrder {index:9;}">
                <Coords points="550,1288 1035,1277 1422,1331 1443,1241 1326,1253 1255,1195 1090,1247 904,1180 761,1236 651,1201 553,1226"/>
                <Baseline points="558,1259 601,1260 645,1262 689,1263 733,1265 777,1266 820,1266 864,1268 908,1268 952,1269 996,1270 1039,1272 1083,1274 1127,1275 1171,1278 1215,1282 1258,1286 1302,1291 1346,1296 1390,1303 1434,1311"/>
                <TextEquiv>
                    <Unicode>habe er nicht das geringste gehört,</Unicode>
                </TextEquiv>
            </TextLine>
            <TextLine id="r2l11" custom="readingOrder {index:10;}">
                <Coords points="1178,1356 1184,1356 1191,1352 1195,1355 1208,1346 1212,1349 1220,1348 1228,1352 1235,1352 1235,1309 1222,1306 1202,1291 1193,1292 1186,1298 1178,1297"/>
                <Baseline points="1184,1341 1229,1341"/>
                <TextEquiv>
                    <Unicode>9</Unicode>
                </TextEquiv>
            </TextLine>
            <TextLine id="r2l12" custom="readingOrder {index:11;} person {offset:14; length:7;}">
                <Coords points="558,1418 876,1373 1017,1413 1273,1390 1422,1425 1452,1418 1454,1373 1310,1314 1204,1359 1056,1294 648,1318 564,1276"/>
                <Baseline points="566,1365 610,1367 654,1367 698,1368 742,1368 786,1369 830,1370 874,1370 918,1371 962,1373 1006,1373 1050,1374 1094,1376 1138,1379 1182,1382 1226,1385 1270,1387 1314,1392 1358,1397 1402,1401 1446,1409"/>
                <TextEquiv>
                    <Unicode>Bohl habe der Fabriel 3ueter ihme¬</Unicode>
                </TextEquiv>
            </TextLine>
            <TextLine id="r2l13" custom="readingOrder {index:12;}">
                <Coords points="552,1494 678,1518 753,1479 913,1469 1035,1529 1180,1486 1433,1511 1434,1471 1274,1391 1024,1413 755,1380 679,1423 554,1425"/>
                <Baseline points="558,1464 601,1466 645,1466 688,1467 732,1467 775,1467 819,1469 862,1469 906,1470 949,1470 993,1472 1036,1473 1080,1474 1123,1476 1167,1478 1210,1479 1254,1482 1297,1484 1341,1487 1384,1490 1428,1493"/>
                <TextEquiv>
                    <Unicode>gesagt: Mon das Project begen</Unicode>
                </TextEquiv>
            </TextLine>
            <TextLine id="r2l14" custom="readingOrder {index:13;}">
                <Coords points="551,1590 633,1604 701,1570 814,1568 897,1621 992,1574 1120,1618 1182,1586 1332,1580 1316,1502 1217,1529 1114,1499 1030,1532 933,1507 887,1542 785,1479 669,1521 608,1492 553,1508"/>
                <Baseline points="558,1563 596,1563 634,1565 673,1565 711,1565 750,1566 788,1567 826,1568 865,1569 903,1569 942,1571 980,1571 1018,1572 1057,1574 1095,1574 1134,1575 1172,1577 1210,1577 1249,1578 1287,1579 1326,1580"/>
                <TextEquiv>
                    <Unicode>denen Bürgerlichen Freyheiten</Unicode>
                </TextEquiv>
            </TextLine>
            <TextLine id="r2l15" custom="readingOrder {index:14;}">
                <Coords points="557,1688 601,1675 671,1712 794,1671 864,1723 1009,1672 1063,1701 1127,1676 1428,1693 1429,1638 1339,1606 1233,1630 1196,1600 1129,1640 1090,1603 995,1637 938,1597 890,1621 854,1585 809,1620 745,1592 647,1622 559,1594"/>
                <Baseline points="564,1656 606,1658 649,1659 692,1661 735,1662 778,1664 821,1665 864,1665 907,1667 950,1668 993,1668 1035,1668 1078,1670 1121,1670 1164,1671 1207,1671 1250,1673 1293,1673 1336,1673 1379,1674 1422,1676"/>
                <TextEquiv>
                    <Unicode>Berde fertig seÿn, berde Man ihme</Unicode>
                </TextEquiv>
            </TextLine>
            <TextLine id="r2l16" custom="readingOrder {index:15;}">
                <Coords points="546,1782 658,1811 775,1791 871,1828 1018,1771 1113,1819 1153,1810 1155,1727 858,1722 794,1671 704,1713 547,1693"/>
                <Baseline points="552,1761 581,1760 611,1760 641,1760 671,1760 701,1761 730,1761 760,1761 790,1761 820,1763 850,1763 879,1764 909,1764 939,1764 969,1766 999,1766 1028,1766 1058,1767 1088,1767 1118,1767 1148,1767"/>
                <TextEquiv>
                    <Unicode>solches Communicieren.</Unicode>
                </TextEquiv>
            </TextLine>
            <TextLine id="r2l17" custom="readingOrder {index:16;}">
                <Coords points="602,1952 649,1947 741,1997 900,1945 987,1968 1063,1947 1116,1974 1199,1946 1247,1970 1342,1941 1413,1954 1412,1880 1310,1860 1189,1889 1102,1853 602,1860"/>
                <Baseline points="608,1938 650,1938 692,1940 734,1940 776,1940 818,1940 860,1940 902,1940 944,1940 986,1940 1028,1938 1070,1938 1112,1938 1154,1937 1196,1937 1238,1937 1280,1937 1322,1938 1364,1938 1407,1940"/>
                <TextEquiv>
                    <Unicode>Abgelesten und Confirmirt</Unicode>
                </TextEquiv>
            </TextLine>
            <TextLine id="r2l18" custom="readingOrder {index:17;}">
                <Coords points="535,2093 615,2061 809,2114 851,2077 980,2060 1084,2108 1167,2073 1209,2104 1413,2106 1412,1978 1157,1959 1068,2002 1018,1963 959,1995 881,1970 761,2008 534,1951"/>
                <Baseline points="540,2051 583,2051 626,2051 670,2051 713,2051 756,2050 800,2049 843,2049 886,2049 930,2048 973,2048 1016,2048 1060,2046 1103,2046 1146,2046 1190,2046 1233,2045 1276,2045 1320,2045 1363,2045 1407,2046"/>
                <TextEquiv>
                    <Unicode>Actum d. 24 ten Julÿ. 1749.</Unicode>
                </TextEquiv>
            </TextLine>
            <TextEquiv>
                <Unicode>Vattler Wiegsamm.
der Gabries Kunter mit Ihei ge¬
redet? Und Als Er mit Iageant¬
bortet, habe er gesagt, Er seyn schon
Guth und seÿe beiters gegangen.
Sonsten habe er deßhalber mit¬
keiner Seele geredt, und loußte
beiters hierüber nichts zu sagen.
Vten Abänderung deß Regiments¬
habe er nicht das geringste gehört,
9
Bohl habe der Fabriel 3ueter ihme¬
gesagt: Mon das Project begen
denen Bürgerlichen Freyheiten
Berde fertig seÿn, berde Man ihme
solches Communicieren.
Abgelesten und Confirmirt
Actum d. 24 ten Julÿ. 1749.</Unicode>
            </TextEquiv>
        </TextRegion>
        <TextRegion orientation="0.0" id="r3" custom="readingOrder {index:2;}">
            <Coords points="1509,376 1509,733 1650,733 1650,376"/>
            <TextLine id="r3l1" custom="readingOrder {index:0;}">
                <Coords points="1557,513 1563,513 1568,506 1573,507 1578,500 1612,481 1633,485 1622,373 1606,372 1602,376 1594,373 1569,401 1547,410"/>
                <Baseline points="1559,473 1592,470 1625,467"/>
                <TextEquiv>
                    <Unicode></Unicode>
                </TextEquiv>
            </TextLine>
            <TextLine id="r3l2" custom="readingOrder {index:1;}">
                <Coords points="1512,722 1534,709 1539,712 1552,697 1560,699 1580,677 1597,679 1629,665 1635,656 1649,661 1658,655 1637,577 1600,594 1580,585 1559,585 1540,596 1528,617 1511,620 1489,638"/>
                <Baseline points="1509,687 1537,677 1565,669 1593,661 1621,655 1650,648"/>
                <TextEquiv>
                    <Unicode>Gecauit.</Unicode>
                </TextEquiv>
            </TextLine>
            <TextEquiv>
                <Unicode>
Gecauit.</Unicode>
            </TextEquiv>
        </TextRegion>
        <TextRegion orientation="0.0" id="r4" custom="readingOrder {index:3;}">
            <Coords points="1596,331 1596,3357 2624,3357 2624,331"/>
            <TextLine id="r4l1" custom="readingOrder {index:0;}">
                <Coords points="2517,400 2526,398 2538,403 2543,399 2548,403 2566,390 2607,390 2616,381 2630,380 2629,311 2615,313 2608,320 2602,318 2595,325 2580,316 2560,321 2525,350 2516,350"/>
                <Baseline points="2523,375 2548,378 2573,378 2598,377 2624,374"/>
                <TextEquiv>
                    <Unicode>377/.</Unicode>
                </TextEquiv>
            </TextLine>
            <TextLine id="r4l2" custom="readingOrder {index:1;} person {offset:0; length:18;}">
                <Coords points="1672,494 1892,426 1942,466 2118,449 2162,484 2231,455 2386,503 2627,493 2629,415 2579,391 2449,406 2354,367 2274,386 2208,348 2087,365 1926,331 1824,380 1676,359"/>
                <Baseline points="1679,453 1726,449 1773,446 1820,443 1867,441 1914,440 1961,440 2009,441 2056,443 2103,446 2150,447 2197,450 2244,453 2291,457 2339,460 2386,463 2433,466 2480,468 2527,470 2574,471 2622,471"/>
                <TextEquiv>
                    <Unicode>Johann Jacob Holtz, der Marchand</Unicode>
                </TextEquiv>
            </TextLine>
            <TextLine id="r4l3" custom="readingOrder {index:2;} person {offset:4; length:16;}">
                <Coords points="1694,650 1894,643 1985,671 2191,645 2334,705 2393,671 2470,696 2582,681 2584,637 2510,599 2349,596 2303,565 2253,587 2152,548 2001,548 1916,582 1699,539"/>
                <Baseline points="1700,639 1743,636 1787,633 1831,632 1875,630 1919,630 1962,630 2006,632 2050,633 2094,636 2138,638 2181,642 2225,645 2269,649 2313,653 2357,656 2400,658 2444,663 2488,665 2532,668 2576,671"/>
                <TextEquiv>
                    <Unicode>der Marchand Wernier, bey belchem</Unicode>
                </TextEquiv>
            </TextLine>
            <TextLine id="r4l4" custom="readingOrder {index:3;}">
                <Coords points="1643,779 2102,745 2145,779 2250,763 2380,800 2497,773 2579,805 2583,703 2513,686 2416,726 2169,664 2047,698 1883,649 1736,687 1648,671"/>
                <Baseline points="1650,750 1696,744 1742,741 1788,738 1834,737 1881,737 1927,737 1973,738 2019,740 2065,741 2112,745 2158,748 2204,752 2250,756 2296,759 2343,762 2389,767 2435,770 2481,773 2527,777 2574,780"/>
                <TextEquiv>
                    <Unicode>Er 4. Jahr lang als Lehr Knab gestanden,</Unicode>
                </TextEquiv>
            </TextLine>
            <TextLine id="r4l5" custom="readingOrder {index:4;}">
                <Coords points="1646,848 1732,872 1859,838 2079,846 2448,894 2570,881 2573,827 2461,781 2366,822 2299,775 2204,801 2158,773 2035,789 1802,756 1648,789"/>
                <Baseline points="1652,840 1697,836 1743,834 1788,833 1834,831 1880,831 1925,833 1971,833 2017,836 2062,838 2108,841 2154,843 2199,847 2245,849 2291,853 2336,857 2382,860 2428,862 2473,866 2519,867 2565,869"/>
                <TextEquiv>
                    <Unicode>und sinther begen Handlungs Sachen</Unicode>
                </TextEquiv>
            </TextLine>
            <TextLine id="r4l6" custom="readingOrder {index:5;}">
                <Coords points="1636,957 1853,972 2007,943 2230,992 2524,974 2582,997 2585,927 2343,871 2251,911 2098,853 1765,895 1641,852"/>
                <Baseline points="1643,945 1689,941 1736,937 1783,935 1829,934 1876,933 1923,933 1969,935 2016,936 2063,939 2110,942 2156,945 2203,948 2250,951 2296,955 2343,959 2390,962 2436,965 2483,968 2530,971 2577,972"/>
                <TextEquiv>
                    <Unicode>veiel mit ihme zu thun gehabt, seyn um¬</Unicode>
                </TextEquiv>
            </TextLine>
            <TextLine id="r4l7" custom="readingOrder {index:6;}">
                <Coords points="1649,1049 1839,1040 1876,1064 1968,1035 2053,1073 2334,1066 2383,1105 2558,1074 2562,988 2375,1017 2285,983 2165,1006 2076,952 1900,1008 1823,971 1652,974"/>
                <Baseline points="1655,1038 1699,1035 1744,1032 1789,1031 1834,1031 1879,1031 1924,1031 1969,1033 2014,1035 2059,1037 2104,1040 2148,1043 2193,1047 2238,1049 2283,1053 2328,1055 2373,1058 2418,1061 2463,1062 2508,1064 2553,1064"/>
                <TextEquiv>
                    <Unicode>verleichenen Meyen einsten nach dem</Unicode>
                </TextEquiv>
            </TextLine>
            <TextLine id="r4l8" custom="readingOrder {index:7;}">
                <Coords points="1623,1143 1774,1171 1982,1131 2013,1159 2074,1136 2537,1173 2540,1086 2460,1132 2340,1069 2159,1101 2122,1066 2014,1078 1957,1035 1869,1074 1827,1052 1625,1074"/>
                <Baseline points="1629,1124 1674,1122 1719,1121 1764,1121 1809,1121 1854,1121 1899,1122 1945,1124 1990,1125 2035,1127 2080,1130 2125,1133 2170,1136 2215,1137 2261,1140 2306,1143 2351,1146 2396,1148 2441,1151 2486,1152 2532,1155"/>
                <TextEquiv>
                    <Unicode>NachtEßen zu ihme gekommen, und</Unicode>
                </TextEquiv>
            </TextLine>
            <TextLine id="r4l9" custom="readingOrder {index:8;}">
                <Coords points="1620,1258 1824,1235 1962,1268 2050,1241 2487,1269 2563,1254 2566,1139 2483,1191 2412,1168 2262,1217 2095,1140 1932,1153 1867,1199 1622,1177"/>
                <Baseline points="1626,1235 1672,1232 1719,1230 1765,1229 1812,1229 1859,1229 1905,1229 1952,1230 1998,1231 2045,1233 2092,1233 2138,1236 2185,1238 2231,1239 2278,1241 2325,1244 2371,1244 2418,1245 2464,1247 2511,1248 2558,1248"/>
                <TextEquiv>
                    <Unicode>proponiert zu statzieren, Ob belchee</Unicode>
                </TextEquiv>
            </TextLine>
            <TextLine id="r4l10" custom="readingOrder {index:9;}">
                <Coords points="1625,1361 1687,1326 1998,1364 2144,1336 2234,1369 2278,1344 2456,1356 2458,1277 2200,1244 2146,1272 2008,1247 1832,1291 1760,1241 1627,1267"/>
                <Baseline points="1631,1326 1674,1322 1717,1319 1760,1317 1803,1317 1846,1316 1889,1316 1932,1317 1975,1318 2018,1319 2062,1322 2105,1323 2148,1326 2191,1328 2234,1330 2277,1332 2320,1334 2363,1335 2406,1337 2450,1338"/>
                <TextEquiv>
                    <Unicode>Er dan ihme erstlich geklagt, bei</Unicode>
                </TextEquiv>
            </TextLine>
            <TextLine id="r4l11" custom="readingOrder {index:10;}">
                <Coords points="1620,1431 1682,1453 1792,1419 2013,1430 2075,1458 2140,1429 2333,1426 2505,1452 2517,1379 2379,1381 2303,1346 2233,1370 2143,1337 2010,1388 1945,1345 1804,1382 1692,1326 1621,1361"/>
                <Baseline points="1626,1418 1670,1415 1714,1414 1758,1413 1802,1413 1847,1412 1891,1413 1935,1413 1979,1415 2023,1416 2068,1418 2112,1419 2156,1421 2200,1422 2244,1424 2289,1426 2333,1427 2377,1428 2421,1430 2465,1430 2510,1431"/>
                <TextEquiv>
                    <Unicode>Man ihme begen Beder Maar, einen</Unicode>
                </TextEquiv>
            </TextLine>
            <TextLine id="r4l12" custom="readingOrder {index:11;}">
                <Coords points="1620,1536 2304,1523 2448,1564 2565,1531 2566,1479 2479,1440 2418,1464 2389,1436 2352,1466 2242,1430 2056,1464 1893,1425 1794,1460 1726,1432 1621,1454"/>
                <Baseline points="1626,1514 1672,1512 1719,1510 1765,1509 1812,1508 1859,1508 1905,1508 1952,1509 1999,1509 2045,1511 2092,1512 2139,1514 2185,1516 2232,1517 2279,1519 2325,1521 2372,1523 2419,1524 2465,1526 2512,1526 2559,1527"/>
                <TextEquiv>
                    <Unicode>sostorchken Zoll geforderet, von dießen</Unicode>
                </TextEquiv>
            </TextLine>
            <TextLine id="r4l13" custom="readingOrder {index:12;}">
                <Coords points="1614,1640 1814,1596 1893,1619 2022,1601 2091,1646 2162,1615 2305,1649 2379,1626 2412,1660 2499,1639 2500,1603 2441,1566 2311,1530 2130,1535 2067,1567 1941,1515 1808,1563 1670,1535 1617,1555"/>
                <Baseline points="1622,1605 1665,1602 1709,1601 1752,1599 1796,1598 1839,1598 1883,1598 1926,1599 1970,1601 2013,1603 2057,1605 2101,1608 2144,1610 2188,1611 2231,1614 2275,1617 2318,1619 2362,1621 2405,1622 2449,1623 2493,1625"/>
                <TextEquiv>
                    <Unicode>seÿe er beiters auf die Verstümp¬</Unicode>
                </TextEquiv>
            </TextLine>
            <TextLine id="r4l14" custom="readingOrder {index:13;}">
                <Coords points="1620,1705 1727,1729 2030,1700 2069,1728 2223,1703 2297,1735 2361,1706 2446,1731 2492,1716 2493,1643 2414,1682 2295,1677 2234,1633 2138,1672 2059,1619 1938,1611 1713,1620 1621,1653"/>
                <Baseline points="1626,1694 1669,1692 1712,1690 1755,1689 1798,1688 1841,1688 1884,1688 1927,1688 1970,1689 2013,1690 2056,1691 2099,1692 2142,1693 2185,1694 2228,1695 2271,1697 2314,1697 2357,1698 2400,1698 2443,1698 2487,1698"/>
                <TextEquiv>
                    <Unicode>elung der Handlung gekommen, und</Unicode>
                </TextEquiv>
            </TextLine>
            <TextLine id="r4l15" custom="readingOrder {index:14;}">
                <Coords points="1619,1804 1725,1794 1822,1830 1959,1789 2507,1803 2507,1728 2471,1720 2301,1736 2218,1711 2105,1743 1960,1716 1843,1744 1692,1702 1619,1717"/>
                <Baseline points="1625,1787 1668,1785 1712,1785 1756,1784 1800,1784 1844,1784 1887,1784 1931,1784 1975,1784 2019,1784 2063,1784 2106,1785 2150,1785 2194,1785 2238,1785 2282,1785 2325,1785 2369,1785 2413,1785 2457,1784 2501,1784"/>
                <TextEquiv>
                    <Unicode>darüber sich rxtendirt, Wie man diesem</Unicode>
                </TextEquiv>
            </TextLine>
            <TextLine id="r4l16" custom="readingOrder {index:15;}">
                <Coords points="1613,1890 1887,1907 2094,1876 2361,1913 2477,1887 2477,1835 2326,1804 2230,1828 2174,1800 1992,1852 1884,1804 1822,1830 1679,1795 1613,1822"/>
                <Baseline points="1619,1877 1661,1876 1704,1875 1746,1875 1789,1874 1832,1874 1874,1875 1917,1875 1959,1875 2002,1875 2045,1877 2087,1877 2130,1877 2172,1877 2215,1877 2258,1877 2300,1877 2343,1876 2385,1874 2428,1872 2471,1871"/>
                <TextEquiv>
                    <Unicode>konte vorkommen; daraufhie Er¬</Unicode>
                </TextEquiv>
            </TextLine>
            <TextLine id="r4l17" custom="readingOrder {index:16;}">
                <Coords points="1613,1997 2093,1973 2393,2002 2481,1979 2481,1938 2392,1907 2249,1929 1934,1888 1728,1919 1649,1884 1613,1898"/>
                <Baseline points="1619,1970 1661,1970 1704,1970 1747,1969 1790,1968 1833,1968 1875,1968 1918,1968 1961,1969 2004,1970 2047,1970 2089,1970 2132,1970 2175,1971 2218,1971 2261,1971 2303,1973 2346,1973 2389,1973 2432,1974 2475,1974"/>
                <TextEquiv>
                    <Unicode>Ihme Deponenten endlich gesagt: Er¬</Unicode>
                </TextEquiv>
            </TextLine>
            <TextLine id="r4l18" custom="readingOrder {index:17;}">
                <Coords points="1616,2075 2163,2063 2250,2099 2427,2074 2428,2035 2330,1982 2179,2041 2079,2032 2039,1994 1978,2029 1865,2029 1732,1987 1617,1990"/>
                <Baseline points="1623,2046 1662,2048 1702,2049 1742,2051 1782,2052 1822,2054 1862,2054 1902,2055 1942,2055 1982,2055 2022,2055 2061,2055 2101,2055 2141,2055 2181,2055 2221,2055 2261,2055 2301,2057 2341,2057 2381,2058 2421,2060"/>
                <TextEquiv>
                    <Unicode>habe ihme noch etbas zu eröffnen,</Unicode>
                </TextEquiv>
            </TextLine>
            <TextLine id="r4l19" custom="readingOrder {index:18;}">
                <Coords points="1610,2174 2487,2162 2488,2104 2396,2065 2280,2125 2020,2064 1956,2107 1863,2073 1611,2082"/>
                <Baseline points="1617,2138 1660,2140 1703,2142 1746,2144 1789,2145 1833,2147 1876,2147 1919,2148 1962,2148 2005,2150 2049,2150 2092,2150 2135,2150 2178,2150 2221,2150 2265,2150 2308,2150 2351,2150 2394,2150 2437,2151 2481,2151"/>
                <TextEquiv>
                    <Unicode>Allein er Recomendiere ihme die</Unicode>
                </TextEquiv>
            </TextLine>
            <TextLine id="r4l20" custom="readingOrder {index:19;}">
                <Coords points="1611,2250 2012,2243 2126,2277 2188,2248 2332,2266 2514,2239 2436,2162 2375,2201 2303,2165 2212,2189 2035,2156 1861,2210 1781,2169 1611,2176"/>
                <Baseline points="1617,2229 1661,2231 1706,2232 1750,2234 1795,2235 1839,2235 1884,2236 1928,2237 1973,2237 2017,2237 2062,2237 2107,2237 2151,2237 2196,2237 2240,2237 2285,2237 2329,2237 2374,2238 2418,2238 2463,2238 2508,2240"/>
                <TextEquiv>
                    <Unicode>Verschloiegenheit, auf welches er ver¬</Unicode>
                </TextEquiv>
            </TextLine>
            <TextLine id="r4l21" custom="readingOrder {index:20;}">
                <Coords points="1599,2373 1697,2341 2145,2368 2304,2339 2345,2374 2514,2339 2514,2270 2371,2247 2273,2294 2141,2264 1978,2301 1745,2249 1600,2280"/>
                <Baseline points="1605,2324 1650,2327 1695,2328 1740,2330 1785,2331 1830,2331 1875,2331 1921,2331 1966,2331 2011,2330 2056,2330 2101,2330 2146,2328 2191,2328 2237,2328 2282,2328 2327,2328 2372,2328 2417,2330 2462,2331 2508,2333"/>
                <TextEquiv>
                    <Unicode>seht, Er lauße bohl, daß er verschloie¬</Unicode>
                </TextEquiv>
            </TextLine>
            <TextLine id="r4l22" custom="readingOrder {index:21;}">
                <Coords points="1611,2455 1742,2464 2002,2424 2036,2449 2280,2449 2423,2428 2423,2367 2233,2347 2079,2378 1805,2347 1696,2400 1610,2383"/>
                <Baseline points="1616,2418 1656,2420 1696,2421 1736,2421 1776,2423 1816,2423 1856,2424 1896,2424 1936,2424 1976,2424 2016,2424 2056,2423 2096,2423 2136,2423 2176,2421 2216,2421 2256,2420 2296,2420 2336,2418 2376,2418 2417,2417"/>
                <TextEquiv>
                    <Unicode>gen seyn, und solle ihne deßthalben</Unicode>
                </TextEquiv>
            </TextLine>
            <TextLine id="r4l23" custom="readingOrder {index:22;}">
                <Coords points="1608,2542 1644,2527 1701,2564 1782,2520 1847,2543 1903,2520 1938,2546 2274,2552 2313,2521 2437,2556 2517,2512 2517,2437 2121,2449 2026,2489 1821,2442 1607,2482"/>
                <Baseline points="1614,2510 1658,2510 1703,2511 1748,2513 1793,2513 1838,2514 1883,2514 1927,2514 1972,2514 2017,2514 2062,2514 2107,2514 2152,2514 2197,2513 2241,2513 2286,2511 2331,2511 2376,2510 2421,2508 2466,2507 2511,2505"/>
                <TextEquiv>
                    <Unicode>genugsam kennen; Hierauf nun habe</Unicode>
                </TextEquiv>
            </TextLine>
            <TextLine id="r4l24" custom="readingOrder {index:23;} person {offset:9; length:6;}">
                <Coords points="1596,2612 2083,2640 2348,2600 2483,2615 2518,2603 2518,2513 2438,2558 2229,2535 2011,2585 1902,2522 1865,2547 1777,2525 1710,2566 1596,2536"/>
                <Baseline points="1601,2592 1646,2595 1692,2597 1737,2600 1783,2602 1829,2603 1874,2604 1920,2606 1965,2606 2011,2606 2057,2607 2102,2606 2148,2606 2193,2606 2239,2604 2285,2603 2330,2601 2376,2600 2421,2598 2467,2595 2513,2594"/>
                <TextEquiv>
                    <Unicode>ihme der Mermer gesagt, Man berdke</Unicode>
                </TextEquiv>
            </TextLine>
            <TextLine id="r4l25" custom="readingOrder {index:24;}">
                <Coords points="1590,2690 1703,2725 2181,2702 2216,2732 2525,2743 2526,2603 2393,2654 2325,2607 2127,2658 1919,2615 1590,2629"/>
                <Baseline points="1596,2670 1642,2675 1688,2680 1734,2684 1780,2687 1827,2690 1873,2691 1919,2693 1965,2693 2011,2694 2058,2694 2104,2693 2150,2693 2196,2693 2242,2691 2289,2690 2335,2690 2381,2688 2427,2687 2473,2687 2520,2685"/>
                <TextEquiv>
                    <Unicode>SngHru Begen dießer Verstümplung</Unicode>
                </TextEquiv>
            </TextLine>
            <TextLine id="r4l26" custom="readingOrder {index:25;}">
                <Coords points="1599,2797 1751,2809 1805,2784 1909,2821 1951,2792 2213,2791 2274,2818 2377,2790 2523,2816 2524,2757 2432,2736 2331,2762 2179,2707 2008,2767 1868,2700 1801,2727 1642,2697 1600,2721"/>
                <Baseline points="1605,2765 1650,2768 1696,2771 1741,2775 1787,2778 1833,2780 1878,2781 1924,2783 1969,2784 2015,2784 2061,2785 2106,2786 2152,2786 2197,2786 2243,2786 2289,2786 2334,2784 2380,2784 2425,2784 2471,2783 2517,2783"/>
                <TextEquiv>
                    <Unicode>der Handlung einen Vortrag machen,</Unicode>
                </TextEquiv>
            </TextLine>
            <TextLine id="r4l27" custom="readingOrder {index:26;}">
                <Coords points="1599,2884 1725,2917 1835,2888 1914,2926 1961,2891 2157,2915 2258,2884 2309,2924 2361,2889 2435,2907 2520,2878 2520,2844 2428,2806 2354,2838 1982,2795 1884,2847 1713,2796 1599,2831"/>
                <Baseline points="1605,2870 1650,2874 1695,2877 1741,2879 1786,2881 1832,2883 1877,2883 1923,2883 1968,2883 2014,2883 2059,2883 2104,2882 2150,2881 2195,2880 2241,2879 2286,2879 2332,2878 2377,2877 2423,2877 2468,2877 2514,2879"/>
                <TextEquiv>
                    <Unicode>mit Einbegriff der Harstellung der</Unicode>
                </TextEquiv>
            </TextLine>
            <TextLine id="r4l28" custom="readingOrder {index:27;}">
                <Coords points="1606,2982 1856,2992 1896,3021 2048,2985 2211,3013 2334,2975 2400,3014 2443,2985 2546,2994 2546,2957 2445,2917 2325,2942 2199,2887 2019,2942 1834,2888 1606,2917"/>
                <Baseline points="1611,2958 1657,2964 1703,2968 1750,2970 1796,2973 1843,2975 1889,2975 1936,2975 1982,2975 2029,2975 2075,2973 2121,2972 2168,2972 2214,2970 2261,2970 2307,2969 2354,2969 2400,2969 2447,2970 2493,2972 2540,2975"/>
                <TextEquiv>
                    <Unicode>Alten Privilegien und Bürgerlichen</Unicode>
                </TextEquiv>
            </TextLine>
            <TextLine id="r4l29" custom="readingOrder {index:28;}">
                <Coords points="1596,3073 1698,3110 1759,3069 1868,3103 2044,3072 2299,3104 2520,3070 2520,2988 2330,3030 2283,3002 1991,2993 1910,3037 1858,2994 1741,3010 1597,2970"/>
                <Baseline points="1602,3048 1647,3054 1693,3058 1738,3061 1784,3063 1830,3065 1875,3066 1921,3066 1966,3066 2012,3066 2058,3066 2103,3065 2149,3065 2194,3063 2240,3063 2286,3062 2331,3062 2377,3063 2422,3063 2468,3065 2514,3068"/>
                <TextEquiv>
                    <Unicode>Freyheiten, darüber er ihme geant¬</Unicode>
                </TextEquiv>
            </TextLine>
            <TextLine id="r4l30" custom="readingOrder {index:29;}">
                <Coords points="1593,3151 1841,3207 2480,3156 2543,3200 2543,3119 2440,3097 1593,3092"/>
                <Baseline points="1599,3144 1645,3150 1692,3154 1739,3158 1786,3161 1833,3162 1880,3162 1927,3162 1974,3162 2021,3162 2068,3161 2114,3160 2161,3159 2208,3158 2255,3156 2302,3156 2349,3155 2396,3155 2443,3155 2490,3155 2537,3156"/>
                <TextEquiv>
                    <Unicode>lortet: Er solle bohl bedencken, bas¬</Unicode>
                </TextEquiv>
            </TextLine>
            <TextLine id="r4l31" custom="readingOrder {index:30;}">
                <Coords points="1607,3261 1771,3294 1865,3270 1953,3321 2029,3289 2105,3318 2248,3273 2558,3256 2558,3199 2520,3193 2380,3188 2273,3236 2109,3195 2038,3222 1874,3188 1749,3228 1607,3193"/>
                <Baseline points="1613,3239 1662,3245 1711,3249 1761,3252 1810,3255 1860,3257 1909,3258 1958,3260 2008,3260 2057,3260 2107,3260 2156,3260 2206,3258 2255,3258 2304,3257 2354,3255 2403,3255 2453,3254 2502,3254 2552,3254"/>
                <TextEquiv>
                    <Unicode>er mache, und sich errinneren, bin er</Unicode>
                </TextEquiv>
            </TextLine>
            <TextLine id="r4l32" custom="readingOrder {index:31;}">
                <Coords points="2364,3353 2374,3350 2390,3362 2409,3358 2418,3350 2467,3350 2480,3336 2495,3336 2491,3264 2480,3263 2449,3279 2437,3275 2401,3301 2388,3296 2373,3302 2361,3298"/>
                <Baseline points="2369,3338 2399,3332 2429,3329 2459,3330 2489,3329"/>
                <TextEquiv>
                    <Unicode>mit</Unicode>
                </TextEquiv>
            </TextLine>
            <TextEquiv>
                <Unicode>377/.
Johann Jacob Holtz, der Marchand
der Marchand Wernier, bey belchem
Er 4. Jahr lang als Lehr Knab gestanden,
und sinther begen Handlungs Sachen
veiel mit ihme zu thun gehabt, seyn um¬
verleichenen Meyen einsten nach dem
NachtEßen zu ihme gekommen, und
proponiert zu statzieren, Ob belchee
Er dan ihme erstlich geklagt, bei
Man ihme begen Beder Maar, einen
sostorchken Zoll geforderet, von dießen
seÿe er beiters auf die Verstümp¬
elung der Handlung gekommen, und
darüber sich rxtendirt, Wie man diesem
konte vorkommen; daraufhie Er¬
Ihme Deponenten endlich gesagt: Er¬
habe ihme noch etbas zu eröffnen,
Allein er Recomendiere ihme die
Verschloiegenheit, auf welches er ver¬
seht, Er lauße bohl, daß er verschloie¬
gen seyn, und solle ihne deßthalben
genugsam kennen; Hierauf nun habe
ihme der Mermer gesagt, Man berdke
SngHru Begen dießer Verstümplung
der Handlung einen Vortrag machen,
mit Einbegriff der Harstellung der
Alten Privilegien und Bürgerlichen
Freyheiten, darüber er ihme geant¬
lortet: Er solle bohl bedencken, bas¬
er mache, und sich errinneren, bin er
mit</Unicode>
            </TextEquiv>
        </TextRegion>
    </Page>
</PcGts>
