3024 4032
385 245 496 326 122.
622 245 1361 409 Ullrich, Candidatus
545 356 1450 536 Bringe, ihme verdiutet, Sein Herr Vor¬
521 459 1450 633 sens habe der Oberkeit so getreub gedin¬
537 550 1442 708 net, und dennoch seyn er, wie auch seine
520 645 1454 812 Sohne so schlecht dafür belohnet; Solchorin
533 751 1454 905 nach er ihne auch getragt: Ob nicht sein
525 837 1415 975 Schlager Reinhardt mit ihme geredet,
545 956 1471 1131 Worauf Er mit Ja geantsortet und gesagt¬
524 1061 1457 1184 Er habe von etwas Projects geredet, mit
536 1152 1447 1296 Verdenten, Er Wernr Verlange deßt
543 1257 1402 1379 halber mit ihme Deponenten zuredken,
543 1346 1456 1490 deßtwegen Er sich da befinde, mit befragen
536 1444 1447 1570 Bad das vor Sachen seyen. Der Marenr
524 1538 1449 1707 hbe ihme daraufgeantbortet: Er könne¬
534 1638 1446 1786 ihme die Sach nun nicht sagen, ehe er in¬
525 1739 1462 1869 Juramentum Silentii abgelegt; Man berde
515 1821 1467 1954 könfftiger Sontag bey Schiff leuthen, Aller
514 1922 1451 2071 verschiedene Persohnen sich einfenden berden
514 2000 1443 2153 dießer Juramentum ablesen, und vielen
518 2100 1452 2254 auf einmahl auferlegen, da Berde auch¬
513 2212 1449 2356 der dieser Ursachen halber errichtete Kan¬
513 2291 1438 2451 und Project Comunicirt werden, belchen
500 2391 1439 2536 Klage und bitzige Köpfte aufgesetzt, Ern
498 2485 1439 2644 deponent solle sich dan dorten einfinden¬
489 2573 1437 2749 so werde er über alles genugsamb verp
488 2683 1432 2836 ständiget werden; der Leutl. Punter¬
490 2737 1445 2923 werde ihne dann dazu abhohlen, Er Eerund
481 2887 1446 3049 sich nun nicht praecise, was er hierüber gey¬
484 2906 1442 3124 antwortet, glaube aber, Er habe vtersthocff
468 3049 1429 3246 sich dorthin zu vterfüngen, Nachdeme er
462 3139 1447 3362 dauoch Vorher genugsamb declarit, Ersalir
2523 335 2634 414 129.
1667 339 2331 480 Arich Candidatus.
1643 448 2587 616 mit den Freyheiten nichts zu thun, saye ein
1644 556 2591 715 eraminat, und stehe ihme nicht an, sich in
1631 655 2602 799 Politische oder dergleichen Sachen zu
1635 776 1848 900 mishen.
1646 825 2579 1046 Als Er darüberhin nach Hauß gegangen
1637 946 2583 1086 habeer die gantzenacht über diese Herr
1637 1036 2569 1189 gangenheit Reflectirt, sich auch endlich¬
1634 1143 2574 1284 dest entschloßen, sich im geringsten darann
1637 1238 2558 1385 nicht einzulaßen, sonderen sich aus der
1625 1344 2520 1477 Statt zu seinen Verbandten zu begeben,
1632 1433 2517 1560 von Wanme Er dan diesen Keuthen zu¬
1613 1528 2543 1657 schreiben bolle, diese Sachen, so er von
1628 1621 2553 1748 großer Consequent ansehe, bleiben zu
1641 1708 2554 1840 laßen, und es ihme Schrifftlich zu Ver¬
1619 1807 2534 1938 sprechen, oder er werde selbige nach
1622 1907 2532 2022 seinem Gebißen anzeigen müßen, In¬
1625 1983 2546 2106 diesten Gedancken habe Er die gantze Nacht
1619 2067 2553 2198 und den folgenden Tag zugebracht, biß¬
1613 2163 2567 2290 Kreytags, ohngefehrd umb 12. Uhr, Alllern
1619 2249 2580 2394 Herr Professor Altman zu ihme gekomen,
1624 2330 2557 2476 und gesagt, es seyen Bebegungen in der¬
1606 2423 2568 2552 Stadt (: bie er solches schon vor Mugson
1624 2513 2539 2652 deponiit / Nach diesem seye er die Stadt
1614 2586 2562 2741 hirauf gegangen, da ihne auf dem Platz¬
1613 2696 2557 2800 der Licutenant Gueter zum Genster hinauß
1607 2797 2559 2930 Salutirt, und gebuncken, einbenig herauf
1606 2876 1847 2994 zukommen.
1608 2969 2551 3113 Nun über das vernemen, daß von Seithe¬
1622 3070 2544 3204 der Oberbeit Anstalten gemacht berdend,
1609 3159 2575 3295 und weiler er aus deß Mermers Dieculden
2320 3240 2606 3347 geschloßen
