3024 4032
371 206 500 330 406.
598 219 1180 430 Mityger anchs.
544 437 1455 637 dem Ihme eröffnnten zusagen, drrube
529 546 1456 752 Er Beponent versetzt: Er seyn frch, daß¬
531 650 1453 840 sie das laßen bleiben, zugleich dann Vn¬
511 742 1463 950 sprochen und gesagt: Er begehre Niemen
542 856 1137 999 in Unglück zu bringen.
536 950 1457 1119 Eyd oder Gelubt aber seyn ihme Beimer¬
522 1056 1449 1212 zugemuthet worden; Und von dießer¬
511 1152 1467 1312 Zeit an, habe beder Babriel Bunter, noch¬
508 1257 1467 1407 Jemand anders, kein Wort diester Sachen¬
530 1362 1418 1495 halber mit ihme geredet, welcher Er¬
534 1456 1433 1593 mit gegtem Gelaußen bezeugen könne.
535 1559 709 1680 fihtlich
349 1628 546 1800 besuch
583 1646 1466 1769 ob Er ihme dan gar von nichts andern¬
511 1743 1451 1905 geredt, als von Wiederherstellung berger¬
514 1839 1242 1960 licher Liebe und Kreÿheiten.
363 1920 505 2033 Ants
539 1936 1450 2067 Nein! Über seine schädliche Projecten¬
516 2037 1452 2163 habe er sich gar nicht heraußgelaßen, auh¬
505 2129 1443 2233 habe er nichts davon begehrt zu bißen
609 2214 1271 2364 Abgelesten und bestätiget.
490 2311 1409 2466 Actum den 25ten Julÿj 1749.
2539 296 2659 391 107
1522 384 2610 604 15 lt Abrasam Deggj, der Methger¬
1494 615 2617 771 Maigt: Er dancke Godt, daß er von allen diesem
1613 716 2612 863 Sachen ohnschuldig und frey seyn; Inmaßen
1608 813 2591 944 er dason gar keine bekantschafft habe; In¬
1590 913 2584 1038 deme er aber für den Metzger Herber als¬
1596 1006 2578 1155 deß Babriel Sunters Schläher Vatter, die¬
1600 1100 2568 1257 Metzg versehe, so habe diß ihme Anlaß¬
1588 1215 2595 1351 gegeben, an einem Abend einsten zu ihme
1595 1309 2572 1448 zu gehen, da er dann den Habriel Gueter¬
1594 1390 2566 1541 angetroffen, so zu ihme gesagt: Er ginnge¬
1598 1493 2560 1619 auch mit ihrem Handberck beßer, ban die
1611 1584 2545 1707 Bürgerschafft einiger Bäre, anbey gesagt¬
1587 1676 2542 1777 es seyen am paar gute Bruund, welche ein¬
1595 1755 2542 1914 bans der Einigkeit stiffen, und die frey¬
1598 1863 2536 1985 heiten der Burgeren untersuchen wollen.
1584 1947 2521 2084 darauf er ihme geantbortet: Er verstehe¬
1586 2028 2554 2170 sich auf solche Sachen nicht, und Bolle damit¬
1605 2127 2551 2261 nichts zu thue haben, im Übrigen wurden¬
1585 2224 2509 2343 MeGsn ungernn sechen, daß man dem¬
1591 2290 2557 2441 nachgrüblen Wolte, Er Kuiter verstehe sich
1595 2386 2547 2526 auch nicht darauf, und thäte beßer, dar auch
1586 2471 2545 2616 bleiben zu laßen; Worauf der Hueter ge¬
1586 2577 2553 2726 entwortet: Er berde Bohl etloan Gelegene
1592 2664 2502 2791 heit geben, daß er ihne beßer berichten
1590 2752 2548 2880 könne, weilen er diß mahlen nicht zit habe.
1589 2845 2551 2972 zu losen. Etbelche Monath darnach, und zbar
1583 2937 2542 3066 selbigen Sontags, als bey dem Mermer die¬
1597 3029 2555 3151 Versamblung gehalten worden, habe er ihne an¬
1599 3102 2570 3249 getroffen und gesagt: Er habe zu ihren komen
2422 3205 2579 3283 bellen
