3024 4032
327 529 430 643 210
779 543 1056 647 Cxamen
477 602 1465 775 Mit Haubtman und alt Heinschen
500 719 1316 868 Johan Lusbig Ongsfürger
443 826 1436 964 Welcher auf vorher beschehene Ermahnung
488 911 1447 1053 zu entdeben und zu bebeuen, was ihme
490 1014 1390 1123 dieser Sachen halber in büßen, Be¬
507 1090 1152 1229 Theurete und bezeugete:
540 1180 1441 1305 Daß er allerdings von allen diesem
485 1273 1447 1390 Sachen nicht die Geringste Bekantschaft habe
487 1360 1438 1495 Mit keinem Menschen habe er Zeit seines
497 1438 1441 1531 Lebens nur nicht ein Wort Gestrochen
494 1514 1446 1655 Auch niemahl von dergleichen Sachen Ge¬
492 1606 1447 1752 danken gehabt. Auf die ihme Gemachte
488 1700 1425 1851 hinwendung, daß er sich gleichwohl auf
488 1795 1440 1941 der Liste befinde, wie nun solches
472 1906 853 2034 zugegangen?
482 1959 1450 2140 Antbortete Er: das bedauee und beschwere
482 2086 1449 2239 Ihue amstärbsten, inmaßen er völlig un¬
480 2160 1438 2335 schuldig seye, er solohl als sein Truder;
482 2261 1448 2409 Auch werde er sein Lebtag nicht nachlaßen
474 2346 1373 2501 biß er werde in Erfahrung gebracht
464 2425 1418 2584 haben, Wee ihne und seinen Bruder auf
479 2516 1416 2692 eine so gottloste Liste verzeichnet; Er
457 2599 1459 2795 hoffe aber, Eine hohe Oberkeit berde über¬
465 2700 1379 2890 Zeugetherden, daß sie Getreube¬
454 2777 1439 3005 vnd beßer gesimmete Bueger seyen, alß
434 2869 1412 3088 sie bey hochdenenselben durch diese
441 2982 1424 3208 leydige Ouasion steyen fälschlich ange¬
434 3154 827 3306 geben worden.
776 3113 1452 3356 apdeiher
423 3335 1207 3513 Actum den 10. Juliÿ 1749.
2494 350 2635 444 211.
1881 451 2232 572 Examen
1546 474 2476 730 Mit Damiee Augsturger
1558 598 2602 850 daß hievor gemalten Jungeren Bruder ec.
1554 741 2596 970 Bezeugete gleichfahls nach angewanter
1567 849 2629 1078 vnstlichen Vermahnung über diesen ley¬
1569 933 2565 1197 digen Handel die Wahrheit zu offen¬
1582 1143 1790 1272 bühren:
1677 1139 2667 1353 Er könn und Thue vor Ralb betheü¬
1575 1275 2678 1443 ren, daß er gantz und gar in keinen wechen
1573 1354 2672 1524 nicht das geringste lauße; auch deßfal¬
1575 1477 2614 1618 ber mit Niemand noch von Jemand Je¬
1581 1555 2662 1727 mahls gesprochen oder besprochen worden.
1571 1631 2619 1823 also daß er deß Ohrs völlige Unschuld¬
1574 1745 2626 1900 habe. Dahero es ihne sehe schmertze
1575 1857 2640 1993 und ihme bedaurlich vorfalle, daß er
1577 1954 2578 2122 Auf eine so scharpfe weiste behändiget
1575 2057 2481 2199 und in Verhafft gesetzet worden.
1578 2209 2393 2358 vorgelesten und confirmirt.
1582 2325 2306 2484 Actum den 10. Julii 1749.
