3024 4032
403 258 519 344 160.
416 244 1380 482 zuE. Cicheli duCrest
535 444 1532 620 Sund ohngnacht daßen aucf seinen gethanen
522 544 1490 717 positionen Verharrete Bürde er hinauh
545 658 1509 793 vor den Holter Bamck geführt, Allgo an ihne
551 753 1523 891 unter gegenwart deß Scharß Richters und Von
550 839 1520 1046 beistung der Marter auoch folgende Froge
541 951 1164 1105 an ihne gedemckt borden
419 1095 528 1236 2
554 1087 1491 1256 si tontes les Delarations et Depositions quil a
538 1197 1490 1340 facter dans les precedentes et dans le present
538 1303 1424 1468 Framen contienent la pure verite 2
437 1416 781 1560 R queoui
556 1546 1488 1682 Sil peut Soutenir avec Verite de navoir
428 1551 513 1696 2
544 1639 1496 1790 en ausne Entretien avei Vermei lessi¬
535 1750 1472 1887 nungien an sujet de cette affacre nyde
537 1848 1463 1985 Bouhe ry par Cirit ny direetement
527 1931 972 2081 nij indirectement.
421 2053 1455 2225 R Queoni, quil Soutenoit avci Veriti
514 2161 1455 2279 de navoireu a ce Suiet nydirectement
511 2251 1499 2416 ny indireetement, ny de Boucke, ny por
497 2346 1472 2497 Eirit amine conversation qu pour pare
502 2456 746 2574 aveclui.
378 2540 492 2688 z
495 2534 1470 2697 Hlna point eu d Entretiens Sur ces Affar,
489 2661 1473 2812 res avec persome dautre ny dereetement
484 2735 967 2897 ni indirectement 2
345 2804 1470 3002 Que non, quil na jamais eu aucen Entretier
464 2926 1475 3084 aver qui que ce puisse etre sur se Sujet, qui
448 3038 1475 3181 Pubirert volontiers toutes les punitions, si qu
440 3129 1403 3258 que ie Soit lun pourra prouver ou le
439 3223 1165 3373 convainire du Contraire.
1250 3338 1424 3495 Nach.
1551 1693 1631 1804 55
2704 -2 2850 114 101
1581 162 2617 501 Gichel dpe
1655 272 2818 613 Nachdeme ihme alles obige vorgelesten und
1664 484 2523 704 von ihme confirmirt worden.
1685 498 2818 798 barder Toder an sein ohrt geführt, und
1665 707 2324 953 Auhehent bscheden
1812 778 2791 1005 Herr Marchand Chere in hier an
1764 848 2811 1073 der Sittahl Gaß bohnen, welcher
1759 992 2711 1169 dan deß micheli duEret halber
1753 1081 2793 1324 folgende Declaration und Bericht
1757 1255 2037 1420 ertheilten:
1639 1439 2736 1605 Leil in vu Miheli que les Dimanches
1648 1541 2767 1704 et quentre Deua je ne lavoct vie que
1629 1651 2800 1793 loustes 15 jocurs une foc, quil Cavoct acom¬
1641 1740 2713 1897 pagne les Dimanches en attandant la
1638 1882 2745 1992 Daraphrase dans plusieurs Visittes comme
1631 1961 2762 2104 chen Mons. detrey et autrespersonaes, de
1636 2061 2695 2205 consideration quun Dimancke apres
1645 2175 2763 2320 midi Mons. Micheli avoit monte chenle
1641 2245 2767 2417 Beutl. Fulter, ou Setoit trouve le Capl.
1627 2320 2775 2527 Hundz les deus freres Daniel et Gabri¬
1599 2446 2723 2642 el Eueter, et lesfreres Vernier, quil ne
1611 2555 2762 2730 Sy etoct arrete que y dheures, et quil
1613 2644 2711 2816 ne Petort tenie la quedes Discours fort
1626 2714 2698 2929 indifferents, quen fortant Miheli luu
1613 2821 2752 3044 avoct demande, qui etoient ies Messieurt
1619 2906 2753 3152 quit lue paroissoit, que Setoct de la petita
1600 3033 2732 3252 farine, quequeque tems auparavant
1602 3120 2760 3361 auuht vi Händzi a lEglise, il lue avoit
1594 3220 2746 3448 dit an Deposant quil etoct charme de
2475 3469 2718 3600 von
