<?xml version="1.0" encoding="UTF-8" standalone="yes"?>
<PcGts xmlns="http://schema.primaresearch.org/PAGE/gts/pagecontent/2013-07-15" xmlns:xsi="http://www.w3.org/2001/XMLSchema-instance" xsi:schemaLocation="http://schema.primaresearch.org/PAGE/gts/pagecontent/2013-07-15 http://schema.primaresearch.org/PAGE/gts/pagecontent/2013-07-15/pagecontent.xsd">
    <Metadata>
        <Creator>prov=University of Rostock/Institute of Mathematics/CITlab|PLANET AI GmbH/Gundram Leifert/gundram.leifert@planet-ai.de:name=Transkribus German Kurrent M2(htr_id=29820)::::v=2.6.7
prov=University of Rostock/Institute of Mathematics/CITlab|PLANET AI GmbH/Tobias Gruening/tobias.gruening@planet-ai.de:name=de.uros.citlab.module.baseline2polygon.B2PSeamMultiOriented:v=2.6.7
prov=University of Rostock/Institute of Mathematics/CITlab|PLANET AI GmbH/Gundram Leifert/gundram.leifert@planet-ai.de:name=Kurrent_1515_ENHG_v3(htr_id=40510)::::v=2.6.7
prov=University of Rostock/Institute of Mathematics/CITlab|PLANET AI GmbH/Tobias Gruening/tobias.gruening@planet-ai.de:name=de.uros.citlab.module.baseline2polygon.B2PSeamMultiOriented:v=2.6.7
prov=University of Rostock/Institute of Mathematics/CITlab|PLANET AI GmbH/Tobias Gruening/tobias.gruening@planet-ai.de:name=/net_tf/LA73_249_0mod360.pb:de.uros.citlab.segmentation.CITlab_LA_ML:v=2.6.7
Transkribus</Creator>
        <Created>2022-05-02T15:17:52.435+02:00</Created>
        <LastChange>2022-09-12T15:23:43.555+02:00</LastChange>
        <TranskribusMetadata docId="1334849" pageId="52363464" pageNr="179" tsid="114645466" status="IN_PROGRESS" userId="9570" imgUrl="https://files.transkribus.eu/Get?id=ZBCZNGRMRWONHAVJHNNQXPPB&amp;fileType=view" xmlUrl="https://files.transkribus.eu/Get?id=RXYRXKPMBONLDLDYFQBJDOBG" imageId="30687864"/>
    </Metadata>
    <Page imageFilename="IMG_5879.jpg" imageWidth="3024" imageHeight="4032">
        <ReadingOrder>
            <OrderedGroup id="ro_1687513638434" caption="Regions reading order">
                <RegionRefIndexed index="0" regionRef="r1"/>
                <RegionRefIndexed index="1" regionRef="r2"/>
                <RegionRefIndexed index="2" regionRef="r3"/>
                <RegionRefIndexed index="3" regionRef="r4"/>
            </OrderedGroup>
        </ReadingOrder>
        <TextRegion orientation="0.0" id="r1" custom="readingOrder {index:0;}">
            <Coords points="321,205 321,362 446,362 446,205"/>
            <TextLine id="r1l1" custom="readingOrder {index:0;}">
                <Coords points="315,327 329,332 341,329 356,340 403,332 423,320 452,327 455,253 435,247 410,257 385,238 352,253 318,251"/>
                <Baseline points="321,308 346,305 371,305 396,307 421,310 446,312"/>
                <TextEquiv>
                    <Unicode>352.</Unicode>
                </TextEquiv>
            </TextLine>
            <TextEquiv>
                <Unicode>352.</Unicode>
            </TextEquiv>
        </TextRegion>
        <TextRegion orientation="0.0" id="r2" custom="readingOrder {index:1;}">
            <Coords points="440,496 440,652 503,652 503,496"/>
            <TextLine id="r2l1" custom="readingOrder {index:0;}">
                <Coords points="439,653 445,653 455,642 467,646 500,618 511,619 499,485 478,482 467,490 454,488 443,493 423,485"/>
                <Baseline points="440,602 471,600 503,596"/>
                <TextEquiv>
                    <Unicode>9.</Unicode>
                </TextEquiv>
            </TextLine>
            <TextEquiv>
                <Unicode>9.</Unicode>
            </TextEquiv>
        </TextRegion>
        <TextRegion orientation="0.0" id="r3" custom="readingOrder {index:2;}">
            <Coords points="464,331 464,3345 1440,3345 1440,331"/>
            <TextLine id="r3l1" custom="readingOrder {index:0;} person {offset:11; length:8;}">
                <Coords points="614,391 857,385 957,424 1115,408 1282,461 1290,359 1164,360 1063,273 934,290 870,267 623,274"/>
                <Baseline points="621,380 653,379 686,377 719,376 752,375 785,375 818,375 850,376 883,377 916,378 949,380 982,383 1015,386 1048,390 1080,395 1113,399 1146,404 1179,410 1212,417 1245,424 1278,432"/>
                <TextEquiv>
                    <Unicode>Ghorweibel Scheurer.</Unicode>
                </TextEquiv>
            </TextLine>
            <TextLine id="r3l2" custom="readingOrder {index:1;}">
                <Coords points="548,595 705,634 849,587 1085,601 1125,636 1181,613 1287,680 1413,700 1445,604 1385,579 1252,596 1099,496 967,503 893,462 777,536 556,515"/>
                <Baseline points="555,587 598,586 642,585 686,585 730,584 773,584 817,584 861,584 905,585 948,587 992,589 1036,592 1080,597 1123,602 1167,610 1211,619 1255,630 1298,642 1342,656 1386,674 1430,692"/>
                <TextEquiv>
                    <Unicode>Er habe sich vermelden laßen, Er kenne</Unicode>
                </TextEquiv>
            </TextLine>
            <TextLine id="r3l3" custom="readingOrder {index:2;}">
                <Coords points="525,692 608,734 671,704 1054,701 1292,738 1362,792 1423,796 1430,722 1167,627 944,625 815,666 610,613 528,656"/>
                <Baseline points="531,686 575,686 619,687 664,687 708,687 753,687 797,687 841,689 886,689 930,690 975,692 1019,695 1063,699 1108,704 1152,709 1197,717 1241,725 1285,734 1330,747 1374,761 1419,776"/>
                <TextEquiv>
                    <Unicode>plangte nochmahls Verhört zu berden.</Unicode>
                </TextEquiv>
            </TextLine>
            <TextLine id="r3l4" custom="readingOrder {index:3;}">
                <Coords points="511,799 1021,819 1082,861 1352,868 1422,907 1428,840 1359,833 1288,778 1162,789 1066,744 982,784 782,705 616,734 521,694"/>
                <Baseline points="519,782 564,785 609,786 654,788 699,791 744,792 789,793 834,795 879,797 924,799 969,800 1014,804 1059,807 1104,812 1149,818 1194,824 1239,831 1284,841 1329,850 1374,863 1419,876"/>
                <TextEquiv>
                    <Unicode>Solle nun declatiren, was er zusagen,</Unicode>
                </TextEquiv>
            </TextLine>
            <TextLine id="r3l5" custom="readingOrder {index:4;}">
                <Coords points="530,887 873,973 1023,909 1391,948 1395,884 1343,869 1072,885 844,839 768,862 659,795 607,815 537,790"/>
                <Baseline points="537,884 579,884 621,885 664,886 706,887 749,888 791,889 834,890 876,893 919,894 961,896 1003,899 1046,902 1088,905 1131,909 1173,913 1216,917 1258,923 1301,927 1343,934 1386,941"/>
                <TextEquiv>
                    <Unicode>und leßen Er sich errinneret habe?</Unicode>
                </TextEquiv>
            </TextLine>
            <TextLine id="r3l6" custom="readingOrder {index:5;}">
                <Coords points="456,1115 979,1085 1439,1156 1445,1065 1253,1017 1170,1067 1053,1066 889,991 625,1028 464,967"/>
                <Baseline points="464,1083 512,1082 561,1079 609,1077 658,1077 706,1076 755,1076 803,1076 852,1077 900,1079 949,1080 997,1083 1046,1087 1094,1091 1143,1097 1191,1103 1240,1110 1288,1117 1337,1127 1385,1136 1434,1148"/>
                <TextEquiv>
                    <Unicode>R. Er habe sich sinther errinneret, daß die¬</Unicode>
                </TextEquiv>
            </TextLine>
            <TextLine id="r3l7" custom="readingOrder {index:6;} person {offset:28; length:6;}">
                <Coords points="529,1210 689,1190 799,1213 901,1180 1183,1200 1280,1241 1368,1217 1430,1251 1450,1168 1172,1131 1121,1097 970,1140 875,1087 785,1119 730,1096 652,1153 532,1148"/>
                <Baseline points="537,1181 582,1181 627,1181 672,1181 717,1179 762,1179 807,1179 853,1179 898,1178 943,1179 988,1179 1033,1181 1078,1183 1123,1185 1169,1189 1214,1195 1259,1201 1304,1208 1349,1216 1394,1226 1440,1238"/>
                <TextEquiv>
                    <Unicode>jenige Schrifft, belehe der Lieutl. Buter</Unicode>
                </TextEquiv>
            </TextLine>
            <TextLine id="r3l8" custom="readingOrder {index:7;}">
                <Coords points="533,1296 763,1320 836,1283 1028,1330 1105,1298 1222,1343 1332,1312 1434,1330 1436,1292 1328,1231 1150,1198 1042,1254 907,1186 728,1261 651,1207 537,1208"/>
                <Baseline points="540,1274 584,1275 628,1277 673,1278 717,1278 762,1279 806,1280 850,1281 895,1281 939,1283 984,1284 1028,1286 1072,1288 1117,1289 1161,1292 1206,1296 1250,1300 1294,1304 1339,1309 1383,1315 1428,1322"/>
                <TextEquiv>
                    <Unicode>von ihme gehabt, ihme selbige schon vor¬</Unicode>
                </TextEquiv>
            </TextLine>
            <TextLine id="r3l9" custom="readingOrder {index:8;}">
                <Coords points="528,1401 683,1423 806,1387 890,1417 1022,1396 1094,1433 1230,1418 1315,1451 1373,1421 1439,1444 1443,1365 1370,1346 1264,1392 1144,1317 1077,1316 1008,1362 915,1297 654,1339 597,1298 531,1314"/>
                <Baseline points="534,1388 579,1387 624,1386 669,1386 714,1385 759,1385 804,1386 849,1386 894,1388 939,1388 984,1391 1029,1392 1074,1395 1119,1398 1164,1401 1209,1405 1254,1409 1299,1413 1344,1419 1389,1424 1434,1430"/>
                <TextEquiv>
                    <Unicode>etban 14. Monathen einsten aus seinen</Unicode>
                </TextEquiv>
            </TextLine>
            <TextLine id="r3l10" custom="readingOrder {index:9;}">
                <Coords points="532,1516 689,1541 736,1501 924,1521 958,1499 1429,1552 1442,1474 1255,1436 995,1472 899,1416 852,1445 778,1391 670,1428 623,1399 536,1409"/>
                <Baseline points="539,1491 583,1491 628,1491 673,1491 718,1491 762,1491 807,1493 852,1493 897,1494 941,1496 986,1497 1031,1499 1076,1500 1120,1503 1165,1506 1210,1509 1255,1513 1299,1516 1344,1521 1389,1526 1434,1532"/>
                <TextEquiv>
                    <Unicode>Hauß fortgetragen, belcher Schriften</Unicode>
                </TextEquiv>
            </TextLine>
            <TextLine id="r3l11" custom="readingOrder {index:10;} person {offset:33; length:9; continued:true;}">
                <Coords points="536,1623 648,1592 739,1641 916,1626 981,1652 1175,1600 1439,1624 1441,1546 1362,1568 1305,1522 971,1504 848,1566 733,1504 689,1542 539,1516"/>
                <Baseline points="543,1581 587,1583 632,1584 676,1586 721,1587 765,1589 810,1590 854,1590 899,1592 943,1592 988,1593 1033,1595 1077,1595 1122,1597 1166,1598 1211,1600 1255,1601 1300,1602 1344,1605 1389,1607 1434,1610"/>
                <TextEquiv>
                    <Unicode>sich nichts geachtet, und solche Jederman¬</Unicode>
                </TextEquiv>
            </TextLine>
            <TextLine id="r3l12" custom="readingOrder {index:11;} person {offset:0; length:5; continued:true;}">
                <Coords points="531,1688 1335,1727 1439,1719 1441,1631 1263,1646 1168,1613 1001,1657 656,1619 603,1658 532,1628"/>
                <Baseline points="537,1680 581,1682 626,1682 671,1682 716,1683 761,1683 806,1685 850,1685 895,1686 940,1686 985,1688 1030,1689 1075,1689 1120,1691 1164,1692 1209,1693 1254,1694 1299,1695 1344,1697 1389,1698 1434,1700"/>
                <TextEquiv>
                    <Unicode>Burde gegeben haben; zu dieser Schrifft¬</Unicode>
                </TextEquiv>
            </TextLine>
            <TextLine id="r3l13" custom="readingOrder {index:12;}">
                <Coords points="543,1778 622,1772 665,1804 895,1787 943,1813 992,1784 1046,1807 1116,1784 1154,1813 1207,1782 1286,1805 1333,1784 1442,1827 1444,1736 1406,1727 1206,1743 1137,1702 1055,1755 996,1737 906,1764 544,1711"/>
                <Baseline points="549,1769 593,1772 637,1774 682,1776 726,1778 771,1778 815,1779 859,1779 904,1779 948,1779 993,1781 1037,1781 1081,1781 1126,1781 1170,1782 1215,1784 1259,1785 1303,1787 1348,1790 1392,1793 1437,1797"/>
                <TextEquiv>
                    <Unicode>habe er ihme annoch ein Zuchlein, betit¬</Unicode>
                </TextEquiv>
            </TextLine>
            <TextLine id="r3l14" custom="readingOrder {index:13;}">
                <Coords points="537,1927 606,1885 835,1874 977,1926 1212,1883 1383,1904 1384,1804 1259,1781 1115,1851 1006,1841 895,1787 716,1806 620,1771 538,1784"/>
                <Baseline points="543,1871 584,1871 626,1871 668,1871 709,1871 751,1871 793,1871 834,1872 876,1872 918,1872 960,1874 1001,1874 1043,1874 1085,1874 1126,1875 1168,1875 1210,1875 1251,1875 1293,1875 1335,1875 1377,1875"/>
                <TextEquiv>
                    <Unicode>ls. Tromad de Rempio, entlehnet,</Unicode>
                </TextEquiv>
            </TextLine>
            <TextLine id="r3l15" custom="readingOrder {index:14;} person {offset:33; length:9; continued:true;}">
                <Coords points="522,2047 627,2078 721,2050 821,2079 929,2044 986,2077 1030,2053 1328,2081 1439,2056 1440,1991 1358,2005 1305,1969 1218,1969 1069,2019 871,2024 523,1951"/>
                <Baseline points="528,2042 573,2043 618,2045 663,2046 709,2048 754,2048 799,2049 844,2050 890,2051 935,2051 980,2052 1025,2052 1071,2052 1116,2052 1161,2054 1206,2054 1252,2052 1297,2052 1342,2052 1387,2052 1433,2052"/>
                <TextEquiv>
                    <Unicode>Item declariere er auch über die Vorgahli¬</Unicode>
                </TextEquiv>
            </TextLine>
            <TextLine id="r3l16" custom="readingOrder {index:15;} person {offset:0; length:2; continued:true;}">
                <Coords points="531,2153 734,2207 974,2157 1129,2192 1203,2151 1428,2155 1438,2099 1234,2067 1072,2139 941,2063 601,2134 530,2118"/>
                <Baseline points="537,2148 581,2150 626,2152 671,2154 716,2156 761,2156 805,2157 850,2157 895,2157 940,2157 985,2157 1029,2156 1074,2154 1119,2153 1164,2152 1209,2150 1253,2147 1298,2144 1343,2141 1388,2139 1433,2135"/>
                <TextEquiv>
                    <Unicode>an ihne getreckte Brang, Ob Aedeutenent¬</Unicode>
                </TextEquiv>
            </TextLine>
            <TextLine id="r3l17" custom="readingOrder {index:16;}">
                <Coords points="536,2230 546,2230 562,2216 573,2216 579,2222 594,2219 594,2164 578,2162 573,2167 566,2169 552,2164 545,2168 536,2168"/>
                <Baseline points="543,2214 588,2214"/>
                <TextEquiv>
                    <Unicode>O</Unicode>
                </TextEquiv>
            </TextLine>
            <TextLine id="r3l18" custom="readingOrder {index:17;}">
                <Coords points="524,2260 773,2251 930,2296 1044,2254 1196,2276 1259,2238 1425,2252 1424,2182 1351,2194 1228,2151 1064,2202 897,2165 840,2219 704,2221 641,2180 585,2222 524,2197"/>
                <Baseline points="530,2243 574,2244 618,2245 663,2246 707,2247 752,2248 796,2249 840,2249 885,2250 929,2250 974,2250 1018,2250 1062,2249 1107,2247 1151,2246 1196,2244 1240,2242 1284,2239 1329,2235 1373,2230 1418,2225"/>
                <TextEquiv>
                    <Unicode>Zueter ihne nicht gefragt: Ob, Man man¬</Unicode>
                </TextEquiv>
            </TextLine>
            <TextLine id="r3l19" custom="readingOrder {index:18;}">
                <Coords points="522,2357 731,2331 901,2393 1309,2399 1427,2332 1426,2251 1257,2238 1146,2309 783,2300 721,2265 596,2312 521,2304"/>
                <Baseline points="527,2336 571,2334 616,2334 661,2333 705,2333 750,2333 795,2333 839,2333 884,2334 929,2334 974,2334 1018,2334 1063,2334 1108,2333 1152,2333 1197,2331 1242,2330 1286,2328 1331,2326 1376,2322 1421,2319"/>
                <TextEquiv>
                    <Unicode>ihme das Memorial comunicirte, und selbig</Unicode>
                </TextEquiv>
            </TextLine>
            <TextLine id="r3l20" custom="readingOrder {index:19;}">
                <Coords points="526,2483 640,2502 821,2448 932,2483 1312,2475 1406,2438 1405,2369 1264,2413 989,2378 941,2406 856,2378 799,2420 524,2411"/>
                <Baseline points="531,2442 574,2445 617,2447 661,2448 704,2448 748,2450 791,2450 835,2450 878,2450 922,2448 965,2448 1008,2447 1052,2445 1095,2444 1139,2442 1182,2441 1226,2439 1269,2436 1313,2433 1356,2432 1400,2429"/>
                <TextEquiv>
                    <Unicode>ges ihme gefiele, Er den zumahlen nicht¬</Unicode>
                </TextEquiv>
            </TextLine>
            <TextLine id="r3l21" custom="readingOrder {index:20;}">
                <Coords points="517,2583 809,2591 882,2556 1062,2588 1131,2543 1428,2540 1427,2491 1259,2464 1001,2469 923,2503 879,2480 823,2518 777,2483 677,2478 581,2522 516,2512"/>
                <Baseline points="522,2540 569,2541 616,2541 663,2543 711,2543 758,2543 805,2544 853,2543 900,2543 947,2543 995,2541 1042,2540 1089,2538 1137,2536 1184,2534 1231,2532 1279,2529 1326,2526 1373,2522 1421,2519"/>
                <TextEquiv>
                    <Unicode>auch darzu einstehen bolte? Darüberer</Unicode>
                </TextEquiv>
            </TextLine>
            <TextLine id="r3l22" custom="readingOrder {index:21;}">
                <Coords points="504,2688 648,2644 816,2635 902,2678 1119,2627 1419,2624 1417,2561 1256,2533 1044,2598 882,2557 791,2605 501,2585"/>
                <Baseline points="509,2634 554,2634 599,2634 644,2634 689,2634 734,2634 779,2634 825,2634 870,2633 915,2633 960,2633 1005,2631 1050,2630 1095,2629 1141,2627 1186,2625 1231,2622 1276,2619 1321,2616 1366,2612 1412,2607"/>
                <TextEquiv>
                    <Unicode>sich errinniret, daß er dem Licutenant</Unicode>
                </TextEquiv>
            </TextLine>
            <TextLine id="r3l23" custom="readingOrder {index:22;}">
                <Coords points="517,2765 653,2784 862,2752 991,2778 1015,2752 1288,2756 1363,2699 1428,2704 1426,2656 1369,2640 1307,2682 1031,2661 935,2696 811,2639 514,2687"/>
                <Baseline points="521,2726 566,2727 611,2729 656,2730 701,2730 746,2732 791,2732 836,2733 881,2733 926,2732 971,2732 1016,2730 1061,2729 1106,2726 1151,2724 1196,2720 1241,2715 1286,2711 1331,2705 1376,2698 1421,2691"/>
                <TextEquiv>
                    <Unicode>Kueter damahls geantwortet, Er mochte</Unicode>
                </TextEquiv>
            </TextLine>
            <TextLine id="r3l24" custom="readingOrder {index:23;}">
                <Coords points="517,2846 987,2820 1132,2860 1182,2812 1291,2838 1376,2785 1375,2746 1322,2730 1159,2775 1015,2753 959,2780 867,2761 816,2786 746,2756 692,2781 514,2776"/>
                <Baseline points="522,2825 564,2822 606,2822 649,2820 691,2820 734,2820 776,2820 818,2820 861,2820 903,2820 946,2820 988,2819 1030,2818 1073,2817 1115,2815 1158,2812 1200,2808 1242,2804 1285,2799 1327,2794 1370,2786"/>
                <TextEquiv>
                    <Unicode>ihme gefallen, bie es bolle, so bürde er</Unicode>
                </TextEquiv>
            </TextLine>
            <TextLine id="r3l25" custom="readingOrder {index:24;}">
                <Coords points="512,2948 1376,2906 1405,2898 1400,2803 1289,2852 1187,2812 1127,2860 1083,2828 941,2889 880,2861 835,2887 722,2877 649,2844 508,2877"/>
                <Baseline points="516,2925 560,2924 604,2922 648,2922 692,2921 736,2921 780,2921 824,2919 868,2919 912,2918 956,2917 1000,2915 1044,2912 1088,2910 1132,2906 1176,2903 1220,2898 1264,2894 1308,2887 1352,2880 1397,2870"/>
                <TextEquiv>
                    <Unicode>sich doch noch darüber becemben, beteg</Unicode>
                </TextEquiv>
            </TextLine>
            <TextLine id="r3l26" custom="readingOrder {index:25;} person {offset:15; length:6;}">
                <Coords points="501,3024 690,3025 809,3076 986,3038 1162,3047 1402,2992 1423,2903 1142,2968 801,2950 658,2996 499,2999"/>
                <Baseline points="507,3024 552,3024 598,3026 644,3026 689,3026 735,3026 781,3026 826,3024 872,3024 918,3022 964,3020 1009,3018 1055,3015 1101,3011 1146,3008 1192,3003 1238,2999 1283,2992 1329,2986 1375,2979 1421,2972"/>
                <TextEquiv>
                    <Unicode>er ihme Küntl. Hunter dan gesagt, Emnach</Unicode>
                </TextEquiv>
            </TextLine>
            <TextLine id="r3l27" custom="readingOrder {index:26;}">
                <Coords points="511,3160 655,3116 822,3158 1017,3122 1089,3137 1354,3078 1353,3031 1052,3060 958,3041 808,3076 710,3050 616,3092 507,3071"/>
                <Baseline points="516,3126 557,3122 599,3118 640,3116 682,3114 724,3113 765,3111 807,3110 849,3110 890,3108 932,3107 974,3107 1015,3105 1057,3103 1099,3101 1140,3097 1182,3093 1224,3088 1265,3083 1307,3075 1349,3066"/>
                <TextEquiv>
                    <Unicode>wieder die Freÿheiten habe Beder der</Unicode>
                </TextEquiv>
            </TextLine>
            <TextLine id="r3l28" custom="readingOrder {index:27;}">
                <Coords points="502,3234 699,3233 833,3289 974,3246 1156,3248 1261,3192 1347,3189 1403,3143 1397,3063 1263,3120 1148,3123 1099,3162 935,3131 875,3172 803,3148 704,3179 611,3141 498,3183"/>
                <Baseline points="507,3225 551,3224 596,3222 640,3221 685,3221 729,3219 774,3218 818,3217 863,3215 907,3213 952,3211 996,3208 1041,3203 1085,3200 1130,3195 1174,3189 1219,3182 1263,3174 1308,3165 1352,3155 1397,3143"/>
                <TextEquiv>
                    <Unicode>mit noch Andern von Ihnen beydem unfts</Unicode>
                </TextEquiv>
            </TextLine>
            <TextLine id="r3l29" custom="readingOrder {index:28;}">
                <Coords points="471,3344 514,3328 535,3341 618,3348 634,3361 682,3329 736,3344 768,3338 765,3265 743,3272 728,3260 704,3275 625,3227 597,3248 568,3249 552,3235 527,3248 466,3215"/>
                <Baseline points="476,3323 501,3320 527,3318 553,3316 579,3314 605,3312 631,3312 657,3311 683,3311 709,3311 735,3311 761,3311"/>
                <TextEquiv>
                    <Unicode>zu klagen.</Unicode>
                </TextEquiv>
            </TextLine>
            <TextEquiv>
                <Unicode>Ghorweibel Scheurer.
Er habe sich vermelden laßen, Er kenne
plangte nochmahls Verhört zu berden.
Solle nun declatiren, was er zusagen,
und leßen Er sich errinneret habe?
R. Er habe sich sinther errinneret, daß die¬
jenige Schrifft, belehe der Lieutl. Buter
von ihme gehabt, ihme selbige schon vor¬
etban 14. Monathen einsten aus seinen
Hauß fortgetragen, belcher Schriften
sich nichts geachtet, und solche Jederman¬
Burde gegeben haben; zu dieser Schrifft¬
habe er ihme annoch ein Zuchlein, betit¬
ls. Tromad de Rempio, entlehnet,
Item declariere er auch über die Vorgahli¬
an ihne getreckte Brang, Ob Aedeutenent¬
O
Zueter ihne nicht gefragt: Ob, Man man¬
ihme das Memorial comunicirte, und selbig
ges ihme gefiele, Er den zumahlen nicht¬
auch darzu einstehen bolte? Darüberer
sich errinniret, daß er dem Licutenant
Kueter damahls geantwortet, Er mochte
ihme gefallen, bie es bolle, so bürde er
sich doch noch darüber becemben, beteg
er ihme Küntl. Hunter dan gesagt, Emnach
wieder die Freÿheiten habe Beder der
mit noch Andern von Ihnen beydem unfts
zu klagen.</Unicode>
            </TextEquiv>
        </TextRegion>
        <TextRegion orientation="0.0" id="r4" custom="readingOrder {index:3;}">
            <Coords points="1619,286 1619,1339 2628,1339 2628,286"/>
            <TextLine id="r4l1" custom="readingOrder {index:0;}">
                <Coords points="2525,349 2531,349 2547,362 2561,363 2575,357 2587,368 2600,361 2632,366 2638,309 2628,307 2618,297 2603,306 2592,304 2572,287 2542,295 2531,291"/>
                <Baseline points="2532,338 2564,341 2596,345 2628,347"/>
                <TextEquiv>
                    <Unicode>353.</Unicode>
                </TextEquiv>
            </TextLine>
            <TextLine id="r4l2" custom="readingOrder {index:1;}">
                <Coords points="1701,452 1792,478 1893,456 1941,415 1984,435 2048,416 2154,470 2339,401 2340,368 2246,356 2202,374 2141,326 2075,352 2009,314 1873,365 1795,316 1701,350"/>
                <Baseline points="1707,428 1738,423 1769,420 1800,416 1832,414 1863,411 1894,410 1926,408 1957,408 1988,407 2020,407 2051,408 2082,408 2113,410 2145,411 2176,413 2207,415 2239,418 2270,420 2301,423 2333,426"/>
                <TextEquiv>
                    <Unicode>Gorsteibel Scheurer</Unicode>
                </TextEquiv>
            </TextLine>
            <TextLine id="r4l3" custom="readingOrder {index:2;}">
                <Coords points="1628,640 2024,623 2121,668 2249,620 2325,675 2609,667 2610,529 2581,519 2380,569 2212,519 2109,589 1929,541 1844,573 1629,544"/>
                <Baseline points="1635,627 1683,621 1731,618 1780,614 1828,611 1877,609 1925,608 1973,608 2022,608 2070,608 2119,609 2167,611 2215,612 2264,615 2312,617 2361,618 2409,620 2457,621 2506,624 2554,624 2603,624"/>
                <TextEquiv>
                    <Unicode>bitte im Übrigen umb Verzeichung, daß</Unicode>
                </TextEquiv>
            </TextLine>
            <TextLine id="r4l4" custom="readingOrder {index:3;}">
                <Coords points="1634,765 1879,706 1941,738 1985,716 2255,729 2338,762 2496,750 2497,687 2431,703 2350,667 2287,695 2209,656 2072,674 2008,633 1870,682 1809,648 1635,644"/>
                <Baseline points="1640,729 1682,724 1725,719 1767,715 1810,712 1852,710 1895,708 1937,707 1980,707 2022,707 2065,708 2107,710 2150,711 2192,713 2235,716 2277,718 2320,721 2362,723 2405,726 2447,728 2490,729"/>
                <TextEquiv>
                    <Unicode>er sich schon leztere mahls in seiner</Unicode>
                </TextEquiv>
            </TextLine>
            <TextLine id="r4l5" custom="readingOrder {index:4;}">
                <Coords points="1626,866 1801,823 1884,854 2049,817 2139,820 2221,871 2483,862 2522,852 2523,745 2407,773 2364,751 2331,782 2179,736 1940,776 1876,744 1753,786 1685,751 1627,783"/>
                <Baseline points="1632,834 1676,826 1720,820 1764,816 1808,813 1853,809 1897,807 1941,807 1985,807 2029,807 2074,808 2118,810 2162,811 2206,813 2250,815 2295,817 2339,819 2383,821 2427,822 2471,824 2516,825"/>
                <TextEquiv>
                    <Unicode>Verhohr darüber nicht eben so, bie jetz,</Unicode>
                </TextEquiv>
            </TextLine>
            <TextLine id="r4l6" custom="readingOrder {index:5;}">
                <Coords points="1623,966 1794,927 2169,967 2269,936 2343,963 2528,942 2529,882 2222,872 2155,841 2092,871 1932,837 1623,870"/>
                <Baseline points="1629,932 1673,926 1718,921 1762,917 1807,915 1852,912 1896,911 1941,911 1986,911 2030,911 2075,912 2120,914 2164,915 2209,917 2254,918 2298,920 2343,922 2388,923 2432,924 2477,924 2522,924"/>
                <TextEquiv>
                    <Unicode>verantwortet, habe damahlen große</Unicode>
                </TextEquiv>
            </TextLine>
            <TextLine id="r4l7" custom="readingOrder {index:6;}">
                <Coords points="1624,1050 1979,1014 2047,1045 2470,1060 2528,1045 2529,994 2417,946 2076,971 1997,930 1903,977 1802,933 1727,985 1686,955 1625,967"/>
                <Baseline points="1631,1025 1675,1018 1720,1014 1764,1010 1809,1008 1854,1007 1898,1005 1943,1005 1987,1007 2032,1008 2077,1010 2121,1011 2166,1013 2210,1016 2255,1017 2300,1020 2344,1022 2389,1023 2433,1025 2478,1025 2523,1025"/>
                <TextEquiv>
                    <Unicode>Haubtschmerthen gehabt, beßtbegen</Unicode>
                </TextEquiv>
            </TextLine>
            <TextLine id="r4l8" custom="readingOrder {index:7;}">
                <Coords points="1612,1158 1866,1124 1957,1158 2031,1128 2256,1124 2483,1153 2529,1128 2530,1090 2387,1043 2201,1092 1967,1032 1820,1079 1731,1047 1613,1084"/>
                <Baseline points="1619,1122 1664,1117 1709,1113 1754,1110 1799,1108 1845,1106 1890,1105 1935,1104 1980,1104 2025,1105 2071,1106 2116,1107 2161,1109 2206,1111 2251,1113 2297,1115 2342,1118 2387,1121 2432,1122 2477,1124 2523,1127"/>
                <TextEquiv>
                    <Unicode>er sich nicht habe errinneren können¬</Unicode>
                </TextEquiv>
            </TextLine>
            <TextLine id="r4l9" custom="readingOrder {index:8;}">
                <Coords points="1698,1237 1774,1252 1899,1223 1929,1247 2042,1214 2125,1243 2185,1225 2411,1243 2413,1140 2160,1128 2111,1152 2031,1129 1993,1153 1836,1162 1789,1135 1699,1167"/>
                <Baseline points="1704,1212 1739,1210 1774,1208 1809,1206 1844,1205 1879,1205 1914,1203 1949,1203 1984,1203 2019,1203 2055,1203 2090,1205 2125,1206 2160,1207 2195,1209 2230,1211 2265,1213 2300,1215 2335,1218 2370,1219 2406,1223"/>
                <TextEquiv>
                    <Unicode>Abgelesen und bestätiget</Unicode>
                </TextEquiv>
            </TextLine>
            <TextLine id="r4l10" custom="readingOrder {index:9;}">
                <Coords points="1620,1339 1757,1329 1891,1377 2019,1329 2202,1372 2338,1344 2404,1386 2508,1329 2509,1290 2369,1230 2299,1262 2197,1225 2008,1252 1913,1234 1863,1267 1742,1236 1621,1252"/>
                <Baseline points="1626,1310 1669,1307 1713,1306 1757,1305 1801,1304 1845,1304 1888,1304 1932,1304 1976,1304 2020,1304 2064,1305 2107,1305 2151,1307 2195,1308 2239,1308 2283,1310 2326,1311 2370,1313 2414,1314 2458,1316 2502,1316"/>
                <TextEquiv>
                    <Unicode>Actum d. 29. ten July 1749.</Unicode>
                </TextEquiv>
            </TextLine>
            <TextEquiv>
                <Unicode>353.
Gorsteibel Scheurer
bitte im Übrigen umb Verzeichung, daß
er sich schon leztere mahls in seiner
Verhohr darüber nicht eben so, bie jetz,
verantwortet, habe damahlen große
Haubtschmerthen gehabt, beßtbegen
er sich nicht habe errinneren können¬
Abgelesen und bestätiget
Actum d. 29. ten July 1749.</Unicode>
            </TextEquiv>
        </TextRegion>
    </Page>
</PcGts>
