3024 4032
433 1032 494 1151 9
435 1412 498 1507 9
429 1497 489 1619 .
433 466 603 591 19 16
511 1196 600 1327 D
504 1509 610 1594 Acts
817 453 1579 643 Mulais Bener.
611 585 1607 778 sich eingefunden; und die Zoeyste Versamlung
602 696 1595 868 habe sich Sontags, darnach in seinem Inquisiten
603 777 1625 957 Hauß gehalten; die jenigen bey beyden Verstamml¬
614 897 1615 1064 gen sich eingefundenen Persohnen habe er bereits¬
599 998 1603 1137 seiner ersten Declaration Specifire angegeben.
630 1127 1575 1330 Mi in de neste Versanlung in Ehlichers
622 1287 1168 1454 Haus Vorbey gegangen?
650 1409 1603 1623 Vstege, das Essentialste von einem Project abe
624 1572 1612 1704 lesen worden; der haubeman handh habe den
594 1661 1617 1797 Prgjectibrodicirt, und selbsten gelesen, das a
606 1767 1625 1907 gelesene dann habe angestehen die Altesten Institi
596 1861 1625 1989 tionen und Bürgerliche Erivilegien von Erbanbun
591 1959 1594 2062 er Stattan, von einer Spoque zur andern,
577 2037 1616 2185 daß auß die heutige Zeit, habe sich auf den Schie¬
578 2134 1621 2276 bein berußen, Krafft belchesten, die Zbeyhundert
594 2232 1621 2365 aus denen Handberben sollen bestelt berden; die
578 2340 1622 2461 Absicht dason seye gebesten, daß bey Bürgers
588 2427 1607 2572 Bestasungen die handtberk ein mehrers Connderi¬
575 2527 1616 2683 berden; dauoch habe man sich zu nichts verglichen.
447 2697 560 2828 Er.
591 2683 1618 2869 Obin gedeuter Versamlung nicht steye geredt borden
571 2815 1608 2980 daß sie die Regierung gänzlich Abandern Bollund?
453 2989 1626 3158 Anb. Ja s syn bahr, daß eint, und andere solches geredt,
560 3117 1621 3281 vnd den völligen zuhalt deß Projects außzufuhren
549 3206 1620 3377 begehet; Aber einmahl er und noch andere habe,
549 3316 1564 3499 ihre Meinungen, dahin eroßnet, daß dieser
1646 2399 1741 2551 Be
1649 2916 1786 3032 Antb.
2725 385 2852 505 17
1886 413 2731 612 Beulars Ddemied.
1708 580 2854 743 Prozect einem hohen Stands- Glied solle comunicirt
1738 677 2857 850 und zur Approbation und Außfuehrung übergeben
1762 813 1949 913 berden.
1752 961 2842 1135 Welche diejenigen gewesen, so opinirt, daß sie
1650 991 1728 1122 he
1756 1062 2883 1226 den Project in seinem völligen zuhalt approbieren
1764 1164 2836 1323 und zu, deßen außführung stehen bollen, solle.
1751 1268 2543 1424 selbige mit Nahmen nambsen?
1638 1426 2832 1633 Autb. Inß beith haben alle anbestende den Project
1763 1536 2878 1696 approbirt, aber mit dem Unterscheid, daß die
1776 1641 2885 1812 einten selbigen untersich geheim halten, in der
1761 1730 2904 1908 Meinung, diesen Project einem hochen Stands-Glid
1770 1843 2899 1989 zu romuniuren, bäre vor sie allzugefährlich,
1782 1954 2904 2083 die andern aber holten selbigen, wie hieobge¬
1765 2043 2886 2196 dacht, einem hohen Standt-Glied comuniciren;
1774 2151 2863 2299 über das aber seye noch nichts beschloßen, und
1777 2229 2346 2379 Determinirt borden.
1771 2417 2947 2575 Ob nicht auch geredt borden, bie dieser Project
1779 2524 2956 2706 Solle zum stand gebracht berden, und bas man
1774 2631 2906 2813 für Mittel vor die Hand nemen Bollen, Ob
1788 2727 2407 2892 mit Getalt, oder bie de
1782 2912 2943 3149 Er gestehe, daß sie ses einen Borden, daß es die
1776 3054 2972 3256 Vorstellungen nicht ingress funden, Sie den zu¬
1784 3149 2957 3356 mahlen zum Gebehr greiffen; die Einten haben
1779 3254 2975 3484 sich an die Porten Verfuegen, und die Solhaten
1760 3354 2991 3610 Entbahrnen, die andern dan vor dem Zeughauß¬
2795 3584 2972 3730 und p.
