3024 4032
266 985 362 1160 3
278 1160 358 1265 R
259 1245 331 1342 E
285 316 407 441 98
457 285 1198 533 Haubtman Hund
399 500 1423 664 Ansehend aber die Einrichtung der Reuben
412 617 1433 793 Regierungestege damahls nichtsschreifftliche
404 723 1409 870 producirt noch abgelaßen, wohl aber dacson
411 842 833 970 geredet worden.
409 932 1392 1151 Wo jezo dieste Prgjecten sich befinnen?
415 1106 1389 1280 die seinigen habe er abgeschaffet, auß
388 1235 1409 1378 Urstachen; Erstlich habe ihne gedunkt, Ven
394 1329 1403 1486 schiedene Herren deß Stands habind ihn sint
401 1424 1396 1586 etwan 8 Tagen gar Verwunderlich ange¬
391 1524 1408 1641 schaubet, darauß er geförchtet, und abge¬
394 1617 1345 1760 nomen, das Seiret steye eventirt,
367 1725 1391 1874 zum andern habe ihne noch bewogen, seine
372 1821 1419 1961 projecten abzuschaffen, heilen deß Wyße
367 1919 1385 2072 project in vielem dem seinigen Ähnlich¬
358 2024 1406 2159 gewesen; Alle diese projecten aber habind
356 2096 1377 2256 gleichen Ent zweit gehabt, dahin reichend,
352 2219 1406 2360 daß die Bürger Bestahungen auf ein ande¬
358 2299 1407 2465 re Manier möchten vorgenommen werden,
351 2400 1394 2569 vnd zwar in Abolition der Sechszechneren
335 2485 1397 2662 das bohleer Wyß, als er Inquisit, nach¬
326 2621 1398 2762 denen Zunffen zu Bürgern machen Wolte
282 2713 1364 2864 und mir mit dieser Different, daß der
316 2800 1381 2971 Waß etwelches Looß einführen, Er Inqu
321 2903 1378 3070 aber per majora promoviren bolte; Er
312 2996 1368 3178 Verschere, daß er einmahl seine daherige
317 3095 1343 3271 Hapyr abgeschaffet, bann aber Etwas¬
309 3246 1354 3379 nicht abgethan bäre, so wurde es sich in
287 3325 916 3488 seinem Hauß finden
1190 3436 1388 3578 alslch
2563 200 2720 318 29.
1670 257 2503 481 aubtmnan Haud
1571 460 2704 670 deß Wyßen project dan habe der Wermer
1557 563 2675 747 Marchand ihme gewiesen, und nachbührts
1562 658 2660 833 deßen Bruder dem Chirurgo zugestellt,
1564 784 2668 968 bo nun stelbiger damit hinkomen, daß
1555 878 2687 1047 kone er nicht büßen; Was dann dese
1547 972 2702 1177 Gueters project anbetreffe, so seye selbi¬
1556 1102 2663 1267 gerzimlich confus aufgesetzt gewesen.
1554 1187 2690 1358 daher man auch nur etliche Lambeaux
1542 1286 2696 1473 darauß abgelesten; Er biße auch nicht
1560 1391 2668 1569 bo er der Lientl. Gueter damit hinge¬
1558 1520 1844 1680 komnen
1474 1653 2714 1899 rsage, ihr abschen seye in fernerem ge¬
1556 1808 2726 1958 besten ihre Anzahl biß auf 100 zuerstreben
1549 1923 2690 2057 damit sie ihrem Memorial, ban sie solches
1563 2018 2691 2155 einsten produciren wolten, ein größeres
1547 2112 2711 2279 gebiht und ansehen geben möchten; Wer
1553 2219 2652 2363 diejenigen steyen, so in diese anzahl und
1548 2297 2522 2478 Sundtnuß angenomen borden
1454 2451 2706 2683 R dat beußt er nicht zusagen, Ein jeder in
1557 2586 2692 2765 Neinem particularii könte Gericht darn,
1541 2713 2737 2899 ber ertheilen, maßen ein jeglicher gesagt,
1535 2801 2739 3012 Er wolle mit seinen Vertraubtesten des hol¬
1544 2911 2733 3113 berreden; Er für seine Persohn könne be¬
1529 3003 2633 3226 Zeugen, daß er mit keinem einzigen
1519 3125 2685 3316 Mentschen von diesen Sachen geredt, umb
1545 3230 2727 3416 ihne anzuberben, Auch nicht mit seinem
1514 3346 2679 3571 egenen Beuder und Schwager, welches
2479 3532 2716 3669 alle pc.
2720 933 2776 1016 9
