3024 4032
517 290 636 389 302.
959 332 1271 512 Saamen
1017 472 1161 569 Mit
692 505 1523 723 Brantz Damuel Roder, dem
690 617 1548 830 Künster, Atatio 45. Jahr, Verhenrathik¬
698 716 1231 863 und habe vier Kinder.
646 902 1564 1127 Nach Ernstlicher Errinnerung, ein frige¬
666 1021 1579 1213 runde und aufrichtige Zekantnuß zu thun¬
668 1120 1513 1278 von allem demjenigen, so ihme von diesen
660 1221 1544 1402 leydigen Sachen begen belaußt, und in¬
653 1309 1554 1510 lon Beith er daran Antheil genomen, be¬
642 1402 1553 1592 Zeugete er: Die Wohrheit deß thatter ter¬
629 1498 956 1632 halte, sich also:
627 1683 1534 1860 Es seyn der Licuth: Kuuter gleich nach seiner
612 1784 1521 1943 Ankorff in dern, bey drey Virkel. Jahren
616 1874 1518 2029 in sein Inquisiten Hause logiert, wohnr er¬
601 1978 1514 2116 selbigen ungleikhafftiger Weise kennen¬
589 2069 1478 2203 gelehrnet; Sieth diester Zeit habe er ihne¬
583 2152 1515 2321 nicht gesehen, biß letzthin Außgangs Jume¬
581 2272 1496 2409 oder Anfangs Hornung, da er einsten deß¬
562 2357 1495 2489 Nachts zu ihme Inquisit gekommen, und ihme
561 2464 1483 2595 begen deß Brärrten Tragens angestohen,¬
560 2551 1481 2696 habe aber nicht recht dörffen von der Sach ede
544 2665 1474 2793 Beilen sein Inquisiten Graub damahler dartiy¬
527 2749 1479 2889 8ßdn; bey seinem Wiederfortgehen aber haber¬
534 2854 1455 2992 ihme die Hand gegeben und gesagt; Er soll sin
517 2959 1440 3085 Mite Meisteren sagen, Sie sollen nicht alles¬
507 3034 1446 3176 thun, Was Mann ihnen zumuhte, er berden d
483 3146 1434 3301 Ban beßern Zeiten kommen, da Man den Zurge
478 3262 1002 3398 werde können helffen.
1159 3342 1405 3490 Nochrases
1901 375 2400 558 Kleer Roder.
1751 589 2676 774 Nachbährts etban vierzehen Tag vor¬
1752 705 2724 879 Osteren, seÿn der Licutz. Gueter Bieder,
1754 809 2678 944 mohlen deß Nachts zu ihme gekommen,
1757 900 2645 1030 und habe ihne gefragt, wie es ihme mit
1738 1007 2700 1182 der Kueffer Schrancken gehe, ober auch da¬
1730 1105 2612 1244 omit fort und ab der Gaß mneße.
1725 1203 2660 1342 darauff Er geantbortet: Ja, er berde
1722 1299 2681 1435 auch mit fort müßen bie andere; der
1712 1405 2661 1535 Bueter erwiederte: Er habe Unrecht, er
1706 1507 2582 1643 solle sich ehender in die Gefangenschafft
1714 1603 2642 1733 sethen laßen, Man bürde ihne schon etban
1691 1687 2583 1826 herauß losten; Auch diß mahlen seye¬
1691 1779 2350 1917 seine Braub dabey gebesen.
1672 1950 2601 2115 Nach diesem seyn vor etban Sunst Wochen
1684 2065 2545 2193 der Licutf: Zueter umb Mittags Zeit zu
1667 2162 2671 2307 ihme kommen, habe ihme wegen etwas Küeffter¬
1673 2263 2617 2393 Arbeits, so er ihme verrichten sollen, ge¬
1679 2337 2606 2503 redet, Als er ihm nne vor das Hauß Be¬
1660 2450 2608 2609 gleitet, habe Er Bueter ihme gesagt, Er solle
1661 2540 2618 2690 Moredrigen Tager auf den Gurten kommen
1659 2623 2616 2776 und auf die Brang: Merumb geantbortet:
1643 2736 2611 2860 Es werden etwelche gute Breund dorten, begen
1658 2816 2567 2965 Dem gemeinen Besten zu samen kommen,
1654 2899 2572 3089 Vorüber er Inquisit verdeutet: Er luße
1640 3024 2560 3161 nicht, Ob Er kommen könne, wolle sich be¬
1635 3121 2581 3286 esinnen, seyn aber liger gehabter Arbeit nicht
1629 3219 2553 3382 gegangen, und biße auch nicht, Ob man dahin
1614 3316 2014 3464 Begangen oder niht
2329 3453 2473 3599 de
2707 344 2811 449 393.
