3024 4032
394 3033 503 3199 2
378 3192 469 3313 H.
347 3360 500 3540 H.
387 342 542 464 235.
427 2458 520 2547 .
831 351 1112 473 2t. Ex.
619 428 1334 628 Ruboll Reinhardt.
539 560 1508 778 das gleiche thun, Thue er aber das nicht
551 709 1451 863 somuße mann sich vor ihme hueten.
674 795 1514 964 Bleichfahls declarierte er, daß ter
569 906 1517 1054 eben dieser Verstamlung, als man dem
557 996 1495 1140 Modum procedendi reglieren wollen
556 1125 1528 1273 proponiert worden, mann solle an gewüß¬
550 1206 1492 1343 Haubtpfeilleren in der Statt, mit Rötel
560 1305 1450 1456 oder Kreiden, gewüße zeichen machen
547 1399 1492 1556 dardurch mann so wohl den Monath, Tag,
548 1495 1495 1642 Stund, als Ohtt der Verstamlung deren
563 1609 1443 1735 Complotisten bekant machen sollen;
573 1690 1521 1848 Ex: 9r: Am einten Pfeiler habe man
560 1779 1500 1949 die Zahl deß Tages im Monath, an einem
563 1898 1495 2032 Anderen den Monath, An einem dritten
555 1993 1497 2115 die Stund, und an einem Vierten den
545 2101 1498 2232 Ohrt, und mit dem Initial- Buchstaben
533 2198 1479 2343 bezeihnen sollen; Seye aber über diß¬
545 2300 1136 2442 nichts beschloßen worden.
532 2396 1534 2563 Ob nicht bahr, daß er vor dem Hh. Oberheren
537 2522 1476 2671 von Kerstatz, Alloo er in qualitet eines
536 2607 1525 2774 Praceptoris gestanden, Viele ungebührlich
532 2718 1500 2849 und Seditote Disioursen geführt, Auch
969 2805 1119 2858 Oberhersen
512 2820 1512 2960 darüber von dem Shrn bescholten und abge¬
531 2947 941 3099 mahnet worden.
523 3025 986 3205 Ja, er gestehe es.
505 3102 1514 3295 Ober von dem Micheli duliedt unter der
500 3180 1493 3404 Complötisten nichts reden gehört, und bad¬
497 3290 1525 3555 Vnseinem Schrager Weiner habe er gehet,
1569 2508 1701 2594 Richariit
2620 350 2741 467 236.
1980 380 2383 490 2  Examen.
1800 461 2559 642 Rudolff Runharst.
1676 617 2731 777 als bann der Mückelj in dem zubestellende
1651 729 2701 890 Krngs Raht der Pasident seyn solte; auch
1677 810 2698 990 daß selbiger mehren theils den Execcutions¬
1665 926 2654 1095 plan vorgeschlagen, so aber nicht schrifflich
1684 1027 2725 1191 und Auch noch nichts positives darüber be¬
1680 1148 1990 1266 schloßen seye.
1689 1234 2682 1374 Sagt weiters: Es seye auch geredt worden,
1684 1317 2703 1444 Mann werde Niemand nichts Thun, sondern
1674 1414 2703 1571 den Prätsten Magistrats. Persohnen eine
1680 1495 2710 1665 lauve Garde Vor die Häuser stellen. Von
1684 1611 2706 1750 den eint und anderen Aber derstelben ihrer
1674 1704 2713 1852 Actionen und Reden halber Rechnung fonderen
1689 1882 2648 2013 Diß seye nun aller, bad ihme hiereber be¬
1690 1996 2660 2130 kaut, und bad er darbey verrichtet; hadte¬
1708 2077 2699 2224 solches alles auch schon in der Ersten Verhör¬
1703 2176 2697 2315 bekannet, Ban er es in der Ordnung gehabt,
1709 2265 2664 2422 und sich wie jetzt daran errinneret hätte.
1715 2385 2442 2547 Abgelesen und bestihliget
1714 2514 2424 2609 den 25. ten July. 1749. Auf befragen:
1699 2570 2716 2673 von Sigrist Sitz und seinen Sohnen biße er dißfalls gar
1708 2643 2724 2717 nichts Sein Schlager Mermer aber habe ihme gesagt¬
1699 2700 2718 2823 er habe mit seinem Germain dem Jacob Sitzi, so sich
1691 2764 2717 2882 zu Leuthigen aufgehalten, ein Rendes vous zu Such¬
1709 2850 2715 2971 sen im Wihrtshauß gehabt, auß Anloß, daß der
1704 2934 2729 3046 Bitz den Wermier ersucht, ihme etban ein Condition
1707 3015 2718 3139 in einem Contoii in Holland zu suchen s. Und bey
1706 3087 2718 3210 Dieser Occasion habe der Wermer /: einmahl. bie¬
1716 3183 2758 3289 er es Ihme Deponentin nachbarths gesagt) dem
1722 3252 2718 3345 Sitt Communication von dem Complot gegeben,
1712 3334 2715 3446 welcher ihme den Eydt der Verschliegenheit abgestattet.
1741 3422 2251 3530 Actum ut Supra.
