3024 4032
313 367 434 467 94.
502 292 1250 563 Edtman Handzi
449 512 1418 709 geschmeichtet, etwan ein Posten zu erhalten
461 612 1410 771 vnd zwar habe er ein Zindlich lange Zeit die
441 713 1396 874 Station unes Unter Bibliothecarii mit
462 823 1414 978 allein fleiß bedienet, Nachbährts da die Stell
468 926 1424 1067 eines Bibliothecarii in Verledigung gebom¬
466 1036 1442 1187 men, und ersich umb selbige beworben, hab¬
469 1135 1421 1273 er darbey gestehen, daß er nichts hoffen solle,
449 1223 1418 1379 Einerseiths; Andersteiths dann an seinen Mitten
464 1314 1397 1450 und nahmentlich an der Dagkaul einen
465 1400 1379 1570 mamnhafften Schaden, auch insonderheit an
454 1518 1403 1655 seinem Wohnhauß, so Mechhe. ihme Verstei¬
446 1611 1403 1755 gern laßen, ein Verlurst von 1000 sthl n
452 1715 1397 1874 vrlitten, So habe diß sein Gemuht der¬
433 1813 1383 1963 gestalten darnieder geschlagen, daß er in
421 1916 1377 2051 solcher Situation denen jenigen desto¬
421 2001 1380 2140 liechter Gehör gegeben, so ihne zu der¬
425 2112 1075 2245 gleichen Sachen veranlaßet.
304 2209 1396 2442 Erstage, daß er durch seine Unglückliche
411 2392 1410 2538 Situation veranlaßet worden, denenjem
407 2492 1406 2648 geneß ihne zu diesem Verbrechen Verbitet,
397 2578 1381 2732 desto liechter Gehör zu geben, Wer dann
386 2681 1380 2871 diejenigen seyen, so ihne darzu verbitet
367 2780 629 2884 haben?
285 2920 1421 3136 D. der Habeil Hunter seyn der eeste gebese¬
367 3059 1408 3237 ß ihme von diesen Sachen geredet, etwan
363 3173 1385 3366 vor ohngefährs 4. Monathen, da er Jng
368 3287 1395 3441 ihne mit dem H. Lerber, in distes letstere
1188 3437 1385 3576 hauß
2587 184 2744 319 95.
1673 254 2493 499 Hattan Hand
1558 422 2740 648 Hauß, mit einandern von dergleichen Sachen
1585 559 2735 723 endend angetroffen; Auch habe ihme damahlen
1569 660 2702 841 der Hueter alsobald ein Eyd der Verschwigen
1570 768 2708 938 heit abgefordert, den er ihme auch gethan,
1548 882 2715 1056 zumahlen er Gueter gestagt, Es gezihme sich
1578 975 2693 1148 Verschwigen zu seyn, ban Man von der¬
2231 1076 2692 1249 Hierauß habe er
1567 1102 2228 1253 gleichen Sachen rede;
1580 1188 2690 1364 sich gegen den Gabriel Hueter Verschworen
1578 1299 2665 1439 und verbunden, völlige Verschwiegenheit
1572 1379 2696 1539 zu halten, über alles, was sie von Bur¬
1557 1497 2725 1667 gerlichen Sachen mit einander Reden Berden.
1583 1622 2686 1821 Ob sinthdeme, Er sich nicht in verschiedenen
1466 1655 1559 1841 2
1576 1763 2692 1928 Versammlungen, das Man von dergleichen
1573 1855 2507 2021 Sachen geredet, eingefunden
1471 1981 2723 2179 R. Er habe sich in zweyen Versamlungen einge¬
1576 2119 2684 2250 funden, belches die einzigen gebesten, so
1570 2219 2725 2346 bey seinem büßen gehalten worden; un
1557 2302 2716 2460 Iwar die erste ohngefahrd vor 14 Tagen, in
1552 2401 2726 2571 H. Küpfters Hauß im Sulgenbach, dahin sich
1581 2508 2668 2633 ihrer 13. an der Zahl, deß Nachts umb 11
1566 2593 1985 2748 Uhr versamlet;
2084 2613 2590 2783 benandtlich.
1554 2728 2338 2974 Kügder, der Hausdtsührt.
1863 2939 2233 3077 der Pfister
1890 3047 2431 3197 zu Wohrlaußen
1543 3061 2203 3280 Söche, der Gerber¬
1553 3219 2367 3407 Geisten, der Gotsschmid.
1510 3335 2586 3529 Gueter, der Statt Lieutenant
2741 1040 2770 1117 A
