3024 4032
364 3064 466 3231 2.
356 437 520 561 249.
600 452 1295 686 Rrudolf Nos
522 661 1492 855 zu diesem unerlaubten Project habe ein¬
544 794 1485 956 führen laßen, wäre auch so gleich von¬
550 892 1469 1034 cheinen gegangen, und häcte diese Sachen
552 1000 1468 1138 angezeigt, worzu er noch öffers finther¬
557 1102 1469 1241 sich entschloßen hädte, wan nicht die mit¬
552 1196 1471 1340 Vorbeifung der Pistoleto ihme vom
561 1284 1468 1425 Wermier, Händth und Gueter angedro¬
548 1385 1459 1521 hete Raach ihne davon abgehalten;
561 1486 1470 1627 Maßen er sich geförchtet, daß die ihme¬
569 1594 1079 1715 wurden massacriren.
573 1657 1491 1807 Im Überigen seÿe er von dieser Zeith an¬
578 1762 1491 1900 deß halber zu Niemand, noch in einige¬
566 1862 1485 2003 Versamblung gekommen, habe auch mit¬
565 1962 1472 2073 Niemandem etwas darvon geredet, noch¬
562 2057 1485 2196 Gemand angeworben, und seyn testent.
559 2151 1491 2280 schloßen gewesen, forthin auch nichts mehr¬
547 2254 1464 2380 von deß entlegen zu Correspondiren, sonder
561 2344 1467 2476 sich von diesem Complot und deßen An¬¬
551 2441 1479 2594 "hängeren zu trennen, bie er dann auch auf¬
557 2541 1476 2683 dem Heumbbeg vom Sulgenbach dem Hault¬
538 2639 1463 2790 eman Händtzi declarirt, daß er sich in¬
553 2727 1488 2884 dergleichen Versamblungen nicht mehr¬
541 2851 962 2977 einfinden wolle.
541 3005 1473 3172 Ober dann nicht auch ein Memoriale deß
531 3116 1486 3280 halber geschrieben, und ein Project von
537 3192 1483 3384 einer neubeinzurichtenden Regierung da¬
527 3352 1084 3497 erinen entborsten?
1544 1229 1613 1368 2.
1566 1774 1607 1911 E
1568 1470 1645 1593 R.
1576 1560 1616 1633 1
1569 2127 1626 2261 2
1542 731 1654 895 8.
2517 342 2666 455 250.
1709 394 2385 687 Findl. Nß.
1656 615 2680 844 3o, das seyn Bahr, habe aber selbiger Niemen¬
1679 727 2632 919 dem Communicirt, als einzig und allein¬
1662 840 2671 1013 dem Wermer, der ihne dafür gebödten, umb
1659 976 2071 1141 selliges zu lesen.
1654 1155 2631 1315 Ob er sich nicht auch, nach dem Innhalt ihrer
1664 1268 2155 1429 Gundnuß bebehrt?
1662 1450 2641 1599 Nein er habe sich niemahls bewehret, noch
1661 1581 2287 1699 Sache Pistolets getragen.
1666 1743 2663 1895 Ob ihme nicht bekant gelesen, daß dieser
1658 1848 2675 2005 Complot mit gebaßenter Hand habe sollen
1660 1961 2169 2089 ausgeführt berden.
1669 2127 2654 2266 Er habe die Sache also begrißfen: Man Berde
1663 2220 2667 2343 sich bebaßenn, und dann unter den Waaßen
1661 2321 2642 2456 Migthrn in Project darreichen, damit Er¬
1663 2422 2685 2549 desto ehender Eingang finde; Und über das
1661 2516 2668 2648 daß er bieder alles Sluttergießen und¬
1667 2621 2685 2741 massaeriren alleZeit protestirt, habe ihme
1673 2723 2644 2845 der Lieutl. Hunter die Außführung deß¬
1664 2824 2678 2937 ganthen Projecto so leicht vorgemahlet, daß
1661 2914 2670 3046 vermichtlich kein Slut- vergießen darauß
1673 3005 2687 3144 entstehen werde, maßen Sie ihre Praecau¬
1671 3113 2662 3233 ctionen so bohl. nemmen werden; daß man
1664 3202 2651 3345 sich nur nicht zur Gegenbehr berde stellen
1677 3301 2691 3435 können; Welches ihme nachbährts annoch¬
2486 3445 2646 3581 ten
