3024 4032
441 2877 500 3029 9
759 430 1501 676 Ruluis. G119.
460 545 673 667 422
594 590 1551 832 Nach fistehlen geladen mitslich gebracht, un
647 714 1568 956 ein Theil von ihnen habend bährend der Versam
639 808 1575 1004 lung die Pestohlen auff den Tich gelegt; auch
636 913 1576 1098 in der Bey H. Kupffer gehaltenen Versammlnn
638 1015 1576 1190 habe der Kupftersteine Pistolets geladen gehal
633 1106 1573 1297 Zuglen Erdthoebe, daß, fahls sie überfallen
636 1204 1355 1384 Burden, sie sich behren könten.
645 1362 1576 1564 Ob nicht auch unter ihnen Abgeredt borden.
522 1450 624 1555 Dr.
638 1486 1583 1643 etbelche Magistrats Persohnen, ohne andern,
645 1564 1573 1731 in ihren Haußern niederzumachen und zu
641 1694 1031 1844 Massuquerieren?
669 1845 1587 1979 Verabredet steyn es nicht borden, Wohl aber¬
532 1892 637 1999 Antb.
638 1967 1559 2116 segen dergleichen ohnvorstichtige Reden,
625 2036 1587 2189 in und außert, der Versammlung gefallen,
628 2140 1584 2259 unter andern, von Lieuth. Zueter, deiie
585 2236 1462 2359 Gurter dem Goldchund, und Lerber.
516 2362 1579 2570 hen Ob nicht auch verabredet borden, daß sie
626 2525 1544 2677 denen Reichen Familles, belche schon lang
613 2626 1586 2769 im Stand gebesten, ihre Haußer confiorioe
609 2726 1394 2861 und unter sich vertheilen bollen?
508 2882 645 2995 Actb.
644 2898 1599 3087 Die Bunter und Haubtman Händzi haben
601 2991 1597 3171 das auch geredet, doch seye es nicht beschloß¬
602 3083 1605 3270 borden, und haben ihre Guchter zum Nucher
606 3188 1525 3372 des tands sollen confiscirt berden.
1404 3414 1533 3582 ete.
1612 628 1692 739 Hr:
1602 892 1731 1013 Achs.
1607 1189 1707 1312 Hr.
1611 1474 1739 1584 Antl
2696 370 2837 496 23.
1910 436 2672 591 Rilau Wermer
1708 555 2792 742 Ob stie nicht auch beschloßen, an dem Tag der
1718 677 2843 845 Execution gedemckte Manifest außzutheilen2
1739 843 2820 1037 Es seye auch davon geredt, aber nichts be¬
1727 971 2191 1129 schloßen borden.
1730 1160 2795 1305 Was, dieses Manifest inhalten sollen, und
1735 1265 2752 1425 derstelbige zu machen übernomen?
1761 1442 2797 1636 der Haubtman händz. Rudolf Wyse, und
1749 1560 2769 1707 Lieustl. Bueter, haben solche zu machen,
1731 1642 2833 1786 und außzutheilen übersich genommen; von
1742 1753 2832 1900 ihrem inhalt habe er vernommen, daß denen
1727 1849 2833 1985 Muncupal Statten ihre Freyheit Bider zu
1743 1950 2854 2094 geben versprochen, auch denen Landleuthen
1750 2047 2832 2178 ein gleiches, und denen H. Landvögten
1741 2136 2881 2287 stege dardurch insinucert borden, sich nicht
1762 2244 2888 2385 in den Leemen zu Mischen, und ihr Voll
1756 2335 2787 2481 auch in der Stille zu halten, maßen es
1752 2422 2808 2585 ihnen nicht nachtheilig seyn Berde.
1637 2611 1709 2732 fr.
1750 2587 2839 2780 Auf belchem Tag Sie die Eaecution deß
1726 2730 2662 2891 Brojects außzuführen gesinet2
1644 2901 1771 3027 Achs
1806 2880 2823 3112 dieschen hitor gesagt, haben sie dachier
1768 3021 2925 3214 barten bollen, biß etban 100. oder 150.
1757 3114 2900 3332 berden im Complot seyn, der Lieutt:
1728 3242 2919 3468 Hueter aber habe vorläußig den 13. diß
1746 3357 2183 3518 Vorgeschlagen
2733 3527 2864 3664 Hr.
