<?xml version="1.0" encoding="UTF-8" standalone="yes"?>
<PcGts xmlns="http://schema.primaresearch.org/PAGE/gts/pagecontent/2013-07-15" xmlns:xsi="http://www.w3.org/2001/XMLSchema-instance" xsi:schemaLocation="http://schema.primaresearch.org/PAGE/gts/pagecontent/2013-07-15 http://schema.primaresearch.org/PAGE/gts/pagecontent/2013-07-15/pagecontent.xsd">
    <Metadata>
        <Creator>prov=University of Rostock/Institute of Mathematics/CITlab|PLANET AI GmbH/Gundram Leifert/gundram.leifert@planet-ai.de:name=Transkribus German Kurrent M2(htr_id=29820)::::v=2.6.7
prov=University of Rostock/Institute of Mathematics/CITlab|PLANET AI GmbH/Tobias Gruening/tobias.gruening@planet-ai.de:name=de.uros.citlab.module.baseline2polygon.B2PSeamMultiOriented:v=2.6.7
prov=University of Rostock/Institute of Mathematics/CITlab|PLANET AI GmbH/Gundram Leifert/gundram.leifert@planet-ai.de:name=Kurrent_1515_ENHG_v3(htr_id=40510)::::v=2.6.7
prov=University of Rostock/Institute of Mathematics/CITlab|PLANET AI GmbH/Tobias Gruening/tobias.gruening@planet-ai.de:name=de.uros.citlab.module.baseline2polygon.B2PSeamMultiOriented:v=2.6.7
prov=University of Rostock/Institute of Mathematics/CITlab|PLANET AI GmbH/Tobias Gruening/tobias.gruening@planet-ai.de:name=/net_tf/LA73_249_0mod360.pb:de.uros.citlab.segmentation.CITlab_LA_ML:v=2.6.7
prov=University of Rostock/Institute of Mathematics/CITlab|PLANET AI GmbH/Tobias Gruening/tobias.gruening@planet-ai.de:name=/net_tf/LA73_249_0mod360.pb:de.uros.citlab.segmentation.CITlab_LA_ML:v=2.6.7
Transkribus</Creator>
        <Created>2022-05-02T15:17:48.773+02:00</Created>
        <LastChange>2022-09-12T15:19:25.516+02:00</LastChange>
        <TranskribusMetadata docId="1334849" pageId="52362423" pageNr="3" tsid="114644228" status="IN_PROGRESS" userId="9570" imgUrl="https://files.transkribus.eu/Get?id=SSQEPWQESQFRDWMTBIHSDRZL&amp;fileType=view" xmlUrl="https://files.transkribus.eu/Get?id=UQWYRGCQCMNMGPLGPCXJGGSJ" imageId="30686809"/>
    </Metadata>
    <Page imageFilename="IMG_5703.jpg" imageWidth="4032" imageHeight="3024">
        <ReadingOrder>
            <OrderedGroup id="ro_1687513632164" caption="Regions reading order">
                <RegionRefIndexed index="0" regionRef="r1"/>
            </OrderedGroup>
        </ReadingOrder>
        <TextRegion orientation="0.0" id="r1" custom="readingOrder {index:0;}">
            <Coords points="2271,0 2271,2914 3405,2914 3405,0"/>
            <TextLine id="r1l1" custom="readingOrder {index:0;}">
                <Coords points="3227,12 3236,10 3251,23 3259,16 3289,12 3302,21 3327,19 3338,28 3364,11 3371,12 3371,-13 3315,-11 3310,-17 3296,-13 3260,-48 3228,-49"/>
                <Baseline points="3234,0 3259,0 3285,0 3311,0 3337,0 3363,2"/>
                <TextEquiv>
                    <Unicode></Unicode>
                </TextEquiv>
            </TextLine>
            <TextLine id="r1l2" custom="readingOrder {index:1;}">
                <Coords points="2268,103 2331,53 2479,80 2596,38 2944,44 3081,8 3080,-14 2801,-30 2751,-1 2263,14"/>
                <Baseline points="2271,51 2311,46 2351,41 2391,38 2431,34 2471,30 2511,29 2552,26 2592,24 2632,22 2672,20 2712,18 2752,17 2792,15 2833,14 2873,12 2913,9 2953,7 2993,4 3033,2 3074,-1"/>
                <TextEquiv>
                    <Unicode>Hungegn</Unicode>
                </TextEquiv>
            </TextLine>
            <TextLine id="r1l3" custom="readingOrder {index:2;} person {offset:12; length:12;} person {offset:26; length:6;}">
                <Coords points="2277,185 2520,134 3114,142 3177,103 3353,105 3362,50 3074,10 2725,81 2665,35 2532,85 2332,52 2273,99"/>
                <Baseline points="2282,141 2335,138 2389,135 2443,132 2496,129 2550,127 2604,125 2657,124 2711,122 2765,121 2819,119 2872,118 2926,116 2980,114 3033,111 3087,108 3141,105 3194,101 3248,97 3302,91 3356,86"/>
                <TextEquiv>
                    <Unicode>Heimblicher Greudenreich, Mulohl. GroßWeibel.</Unicode>
                </TextEquiv>
            </TextLine>
            <TextLine id="r1l4" custom="readingOrder {index:3;} person {offset:0; length:9;} person {offset:30; length:7;}">
                <Coords points="2285,269 2544,227 2733,270 2828,222 3036,243 3169,196 3260,238 3375,185 3373,131 3326,112 3273,142 3028,126 2762,166 2703,133 2282,179"/>
                <Baseline points="2291,239 2344,233 2398,230 2452,227 2506,224 2560,222 2614,221 2667,219 2721,217 2775,216 2829,215 2883,213 2937,212 2991,210 3044,209 3098,206 3152,204 3206,200 3260,196 3314,191 3368,186"/>
                <TextEquiv>
                    <Unicode>Willeding und Beichtschreiber Batchet, Nebst</Unicode>
                </TextEquiv>
            </TextLine>
            <TextLine id="r1l5" custom="readingOrder {index:4;}">
                <Coords points="2292,361 3367,300 3364,225 3224,264 2994,219 2733,269 2677,243 2289,269"/>
                <Baseline points="2297,329 2350,326 2403,322 2456,320 2509,318 2562,315 2615,314 2668,312 2721,311 2774,311 2828,309 2881,308 2934,306 2987,305 3040,303 3093,302 3146,299 3199,296 3252,291 3305,287 3359,282"/>
                <TextEquiv>
                    <Unicode>Vielen Moghen deß großen Rahts Examinirt.</Unicode>
                </TextEquiv>
            </TextLine>
            <TextLine id="r1l6" custom="readingOrder {index:5;} person {offset:0; length:22;} person {offset:24; length:8;}">
                <Coords points="2276,556 2511,522 2662,547 2788,506 2941,536 3384,472 3380,388 3318,371 3190,423 3003,411 2955,450 2778,382 2720,427 2494,462 2381,393 2269,405"/>
                <Baseline points="2282,530 2336,526 2391,522 2446,518 2501,516 2555,513 2610,511 2665,509 2720,507 2774,506 2829,504 2884,503 2939,500 2993,497 3048,494 3103,491 3158,488 3212,482 3267,477 3322,471 3377,464"/>
                <TextEquiv>
                    <Unicode>Damnel Wiclaus Sernier, Marchard.</Unicode>
                </TextEquiv>
            </TextLine>
            <TextLine id="r1l7" custom="readingOrder {index:6;} person {offset:0; length:10;}">
                <Coords points="2312,633 2776,635 2887,595 3057,632 3384,576 3381,514 3308,492 3242,536 3158,499 3100,534 2885,512 2788,565 2580,527 2309,561"/>
                <Baseline points="2318,620 2373,617 2429,614 2485,611 2540,608 2596,605 2652,602 2708,599 2763,597 2819,594 2875,591 2931,590 2986,587 3042,585 3098,582 3154,579 3209,577 3265,575 3321,573 3377,572"/>
                <TextEquiv>
                    <Unicode>Declarirte nach angebandter ernstlichen Ver¬</Unicode>
                </TextEquiv>
            </TextLine>
            <TextLine id="r1l8" custom="readingOrder {index:7;}">
                <Coords points="2291,760 2544,710 2663,736 2770,708 2836,749 2873,717 3326,695 3356,641 3215,600 3058,633 2990,597 2713,656 2563,624 2287,654"/>
                <Baseline points="2297,714 2349,711 2402,710 2454,707 2507,704 2560,702 2612,701 2665,699 2718,697 2770,695 2823,693 2876,692 2928,690 2981,689 3034,686 3086,684 3139,681 3192,680 3244,677 3297,674 3350,671"/>
                <TextEquiv>
                    <Unicode>mahnung zur Bahrheit. Er steyn geständig, ein</Unicode>
                </TextEquiv>
            </TextLine>
            <TextLine id="r1l9" custom="readingOrder {index:8;} person {offset:36; length:7;}">
                <Coords points="2285,817 2454,849 2632,795 2786,832 2934,785 2987,817 3054,784 3326,798 3394,773 3390,670 3288,727 3202,692 2836,748 2755,712 2704,753 2547,714 2283,750"/>
                <Baseline points="2291,800 2345,800 2400,798 2455,798 2510,797 2564,795 2619,794 2674,791 2729,789 2783,788 2838,785 2893,782 2948,780 3002,779 3057,777 3112,774 3167,773 3221,771 3276,770 3331,770 3386,770"/>
                <TextEquiv>
                    <Unicode>Unglibsteliger antheil haber an dem Complot,</Unicode>
                </TextEquiv>
            </TextLine>
            <TextLine id="r1l10" custom="readingOrder {index:9;}">
                <Coords points="2290,905 2363,933 2562,898 2755,934 3141,883 3291,910 3287,813 3237,799 3099,790 2966,848 2904,819 2803,848 2749,808 2693,857 2591,804 2538,847 2495,817 2453,848 2287,819"/>
                <Baseline points="2297,902 2346,900 2395,898 2444,897 2494,894 2543,893 2592,891 2641,890 2691,888 2740,886 2789,885 2838,883 2888,881 2937,879 2986,878 3035,876 3085,874 3134,872 3183,870 3232,869 3282,867"/>
                <TextEquiv>
                    <Unicode>welcher unter einer gebußen anzahl der</Unicode>
                </TextEquiv>
            </TextLine>
            <TextLine id="r1l11" custom="readingOrder {index:10;}">
                <Coords points="2287,1032 2379,1037 2450,999 2588,998 2657,1030 2717,996 2896,992 2964,1029 2999,996 3112,998 3099,899 3061,922 2974,897 2888,938 2638,908 2479,968 2400,925 2285,927"/>
                <Baseline points="2294,1001 2334,998 2375,996 2415,995 2456,993 2496,992 2537,990 2577,989 2618,989 2658,987 2699,987 2739,986 2780,986 2820,984 2861,984 2901,983 2942,983 2982,981 3023,980 3063,978 3104,977"/>
                <TextEquiv>
                    <Unicode>Bürgern errichtet borden, zu seyn,</Unicode>
                </TextEquiv>
            </TextLine>
            <TextLine id="r1l12" custom="readingOrder {index:11;}">
                <Coords points="2294,1102 3227,1095 3395,1063 3394,1016 3214,988 2989,1044 2935,1005 2743,996 2292,1036"/>
                <Baseline points="2300,1086 2354,1085 2408,1083 2463,1082 2517,1082 2571,1080 2626,1079 2680,1078 2734,1077 2789,1076 2843,1074 2897,1074 2952,1073 3006,1071 3060,1070 3115,1068 3169,1066 3223,1064 3278,1062 3332,1059 3387,1058"/>
                <TextEquiv>
                    <Unicode>Allein, die Betrüebte Situation, in Belcher er</Unicode>
                </TextEquiv>
            </TextLine>
            <TextLine id="r1l13" custom="readingOrder {index:12;}">
                <Coords points="2279,1202 2476,1192 2554,1232 2608,1186 2701,1208 2791,1171 2869,1206 3093,1161 3193,1202 3299,1161 3367,1191 3365,1077 3259,1068 3166,1116 2941,1079 2277,1116"/>
                <Baseline points="2285,1175 2338,1173 2392,1172 2446,1172 2499,1170 2553,1169 2607,1167 2660,1167 2714,1166 2768,1164 2822,1164 2875,1163 2929,1161 2983,1160 3036,1160 3090,1158 3144,1157 3197,1155 3251,1154 3305,1152 3359,1151"/>
                <TextEquiv>
                    <Unicode>sicht Leidern befinden, da er völlig duinirt seye,</Unicode>
                </TextEquiv>
            </TextLine>
            <TextLine id="r1l14" custom="readingOrder {index:13;}">
                <Coords points="2293,1293 2428,1310 2509,1270 2746,1302 2871,1268 3093,1307 3280,1264 3343,1292 3360,1211 3239,1173 3134,1224 3012,1187 2916,1223 2669,1185 2546,1232 2386,1194 2292,1243"/>
                <Baseline points="2300,1268 2352,1266 2405,1266 2457,1266 2510,1265 2563,1265 2615,1263 2668,1263 2721,1262 2773,1262 2826,1262 2879,1260 2931,1260 2984,1259 3037,1257 3089,1257 3142,1256 3195,1256 3247,1254 3300,1253 3353,1253"/>
                <TextEquiv>
                    <Unicode>und in seiner handlung ein Groß Ungluck nach</Unicode>
                </TextEquiv>
            </TextLine>
            <TextLine id="r1l15" custom="readingOrder {index:14;}">
                <Coords points="2282,1391 2518,1367 2639,1404 3132,1357 3268,1403 3310,1395 3309,1275 3221,1266 3155,1321 2871,1269 2390,1321 2281,1295"/>
                <Baseline points="2288,1365 2338,1362 2389,1359 2440,1358 2490,1356 2541,1355 2592,1355 2642,1355 2693,1355 2744,1355 2795,1355 2845,1355 2896,1355 2947,1355 2997,1355 3048,1355 3099,1355 3149,1355 3200,1353 3251,1352 3302,1350"/>
                <TextEquiv>
                    <Unicode>dem andern außgestanden, habe ihn endlich</Unicode>
                </TextEquiv>
            </TextLine>
            <TextLine id="r1l16" custom="readingOrder {index:15;}">
                <Coords points="2293,1470 2365,1513 2417,1465 2503,1459 2559,1492 2967,1453 3042,1495 3345,1446 3344,1409 3289,1392 3123,1385 3076,1417 3012,1364 2831,1422 2519,1374 2440,1415 2293,1374"/>
                <Baseline points="2300,1454 2351,1451 2403,1449 2455,1448 2507,1446 2559,1446 2611,1446 2663,1446 2715,1446 2767,1446 2819,1446 2870,1446 2922,1446 2974,1446 3026,1446 3078,1446 3130,1446 3182,1445 3234,1443 3286,1440 3338,1439"/>
                <TextEquiv>
                    <Unicode>bie gantz desperat, in einer unglücklichen</Unicode>
                </TextEquiv>
            </TextLine>
            <TextLine id="r1l17" custom="readingOrder {index:16;}">
                <Coords points="2278,1553 2374,1572 2528,1539 2698,1593 2743,1552 3125,1569 3276,1535 3275,1460 3187,1486 3116,1459 3029,1509 2911,1460 2830,1504 2589,1472 2561,1496 2510,1458 2363,1513 2277,1474"/>
                <Baseline points="2285,1544 2334,1542 2383,1541 2432,1539 2481,1539 2531,1538 2580,1538 2629,1538 2678,1538 2727,1538 2777,1536 2826,1536 2875,1536 2924,1536 2973,1536 3023,1535 3072,1535 3121,1533 3170,1532 3219,1530 3269,1529"/>
                <TextEquiv>
                    <Unicode>Viertelstund vermögen, diesem Complot.</Unicode>
                </TextEquiv>
            </TextLine>
            <TextLine id="r1l18" custom="readingOrder {index:17;}">
                <Coords points="2290,1637 2429,1665 2552,1632 2711,1664 2986,1629 3080,1668 3348,1652 3348,1561 3101,1583 3021,1555 2848,1595 2751,1553 2697,1594 2512,1547 2393,1597 2346,1555 2290,1569"/>
                <Baseline points="2297,1631 2349,1629 2401,1628 2453,1628 2505,1628 2558,1628 2610,1628 2662,1628 2714,1629 2766,1629 2819,1629 2871,1631 2923,1631 2975,1632 3027,1632 3080,1632 3132,1631 3184,1631 3236,1629 3288,1628 3341,1625"/>
                <TextEquiv>
                    <Unicode>Nich anzuhamben; Nachdeme er gleichbohl</Unicode>
                </TextEquiv>
            </TextLine>
            <TextLine id="r1l19" custom="readingOrder {index:18;}">
                <Coords points="2285,1733 2408,1724 2469,1763 2544,1720 2639,1752 2710,1728 2912,1789 3057,1737 3155,1777 3226,1738 3334,1754 3335,1672 2892,1637 2821,1691 2769,1649 2603,1684 2549,1653 2483,1696 2360,1643 2285,1672"/>
                <Baseline points="2291,1722 2342,1721 2394,1721 2446,1721 2498,1721 2550,1721 2601,1721 2653,1722 2705,1722 2757,1722 2809,1724 2860,1724 2912,1725 2964,1725 3016,1725 3068,1724 3119,1724 3171,1722 3223,1721 3275,1719 3327,1716"/>
                <TextEquiv>
                    <Unicode>doch lange revistirt, ohngeachtet er öffters</Unicode>
                </TextEquiv>
            </TextLine>
            <TextLine id="r1l20" custom="readingOrder {index:19;}">
                <Coords points="2283,1823 2355,1845 2410,1823 2510,1858 2669,1829 2725,1865 2787,1831 2841,1848 2903,1830 2904,1781 2849,1754 2814,1768 2681,1737 2632,1770 2565,1747 2515,1784 2421,1741 2283,1755"/>
                <Baseline points="2289,1815 2319,1814 2349,1813 2380,1812 2410,1812 2441,1812 2471,1812 2501,1813 2532,1814 2562,1815 2593,1815 2623,1815 2653,1817 2684,1817 2714,1818 2745,1818 2775,1818 2805,1818 2836,1817 2866,1817 2897,1815"/>
                <TextEquiv>
                    <Unicode>darzu angestiftet worden.</Unicode>
                </TextEquiv>
            </TextLine>
            <TextLine id="r1l21" custom="readingOrder {index:20;}">
                <Coords points="2287,2016 2418,2058 2593,2009 2712,2043 2763,2013 3098,2044 3321,2012 3321,1962 3248,1976 3086,1923 2935,1952 2776,1898 2595,1936 2419,1898 2289,1915"/>
                <Baseline points="2295,1995 2348,1995 2402,1995 2455,1995 2509,1995 2563,1997 2616,1997 2670,1998 2724,2000 2777,2000 2831,2001 2884,2001 2938,2003 2992,2003 3045,2004 3099,2004 3153,2003 3206,2003 3260,2002 3314,2001"/>
                <TextEquiv>
                    <Unicode>Vor ohngefähred etbas über D Monath habe er¬</Unicode>
                </TextEquiv>
            </TextLine>
            <TextLine id="r1l22" custom="readingOrder {index:21;}">
                <Coords points="2291,2089 2757,2145 2937,2102 3151,2152 3216,2105 3396,2134 3397,2065 3276,2025 3103,2058 3001,2017 2673,2046 2632,2011 2558,2058 2442,2060 2292,2023"/>
                <Baseline points="2298,2088 2352,2089 2407,2090 2461,2091 2516,2093 2570,2093 2625,2094 2679,2096 2734,2096 2788,2097 2843,2099 2898,2099 2952,2100 3007,2102 3061,2102 3116,2103 3170,2103 3225,2105 3279,2106 3334,2108 3389,2108"/>
                <TextEquiv>
                    <Unicode>begen ihme zu hochgefordertem Zoll, beye Reuben,</Unicode>
                </TextEquiv>
            </TextLine>
            <TextLine id="r1l23" custom="readingOrder {index:22;} person {offset:31; length:5;}">
                <Coords points="2290,2193 2867,2198 2913,2234 3078,2200 3164,2271 3381,2195 3382,2149 3314,2131 3209,2157 2970,2110 2890,2157 2820,2118 2665,2148 2292,2123"/>
                <Baseline points="2298,2175 2351,2178 2405,2180 2459,2183 2513,2184 2567,2186 2620,2188 2674,2190 2728,2191 2782,2192 2836,2193 2889,2195 2943,2195 2997,2196 3051,2196 3105,2197 3158,2198 3212,2198 3266,2198 3320,2199 3374,2199"/>
                <TextEquiv>
                    <Unicode>brugg vor Michghl. der Venner, Camer eine große</Unicode>
                </TextEquiv>
            </TextLine>
            <TextLine id="r1l24" custom="readingOrder {index:23;}">
                <Coords points="2297,2272 2443,2277 2487,2314 2594,2283 2647,2332 2912,2294 2993,2330 3112,2296 3318,2314 3320,2258 3154,2274 3097,2223 2994,2258 2822,2204 2674,2257 2596,2206 2514,2230 2399,2204 2298,2246"/>
                <Baseline points="2304,2265 2354,2267 2404,2268 2455,2271 2505,2273 2556,2276 2606,2278 2656,2280 2707,2283 2757,2284 2808,2286 2858,2288 2908,2291 2959,2291 3009,2292 3060,2294 3110,2294 3160,2294 3211,2294 3261,2292 3312,2291"/>
                <TextEquiv>
                    <Unicode>unbeliebigkeit außgestandende Da nun er</Unicode>
                </TextEquiv>
            </TextLine>
            <TextLine id="r1l25" custom="readingOrder {index:24;}">
                <Coords points="2312,2341 2341,2339 2341,2294 2332,2294 2328,2298 2323,2298 2321,2296 2312,2296"/>
                <Baseline points="2319,2333 2334,2333"/>
                <TextEquiv>
                    <Unicode>s</Unicode>
                </TextEquiv>
            </TextLine>
            <TextLine id="r1l26" custom="readingOrder {index:25;}">
                <Coords points="2282,2434 2614,2416 2733,2452 2842,2397 3016,2446 3065,2413 3373,2404 3374,2357 3323,2371 3222,2306 3053,2345 2963,2317 2557,2334 2429,2288 2358,2345 2286,2329"/>
                <Baseline points="2292,2364 2345,2366 2399,2367 2453,2369 2506,2370 2560,2372 2614,2375 2667,2376 2721,2379 2775,2381 2829,2384 2882,2387 2936,2388 2990,2390 3043,2391 3097,2393 3151,2394 3204,2396 3258,2396 3312,2396 3366,2394"/>
                <TextEquiv>
                    <Unicode>würzlich nach diesem in die Enge Spahieren</Unicode>
                </TextEquiv>
            </TextLine>
            <TextLine id="r1l27" custom="readingOrder {index:26;}">
                <Coords points="2287,2510 2702,2481 2763,2513 3412,2519 3414,2439 3297,2411 3115,2467 2953,2406 2830,2403 2736,2454 2290,2408"/>
                <Baseline points="2295,2465 2350,2465 2406,2466 2461,2469 2517,2471 2572,2472 2628,2474 2683,2477 2739,2480 2794,2481 2850,2484 2905,2486 2961,2489 3016,2490 3072,2492 3127,2492 3183,2493 3238,2493 3294,2493 3349,2493 3405,2492"/>
                <TextEquiv>
                    <Unicode>gegangen, habe er dorten den Lieutenani</Unicode>
                </TextEquiv>
            </TextLine>
            <TextLine id="r1l28" custom="readingOrder {index:27;}">
                <Coords points="2286,2598 2379,2563 2457,2611 2599,2576 2794,2612 2951,2588 3029,2627 3333,2593 3335,2518 3292,2511 3106,2501 3021,2544 2627,2485 2566,2531 2435,2495 2402,2522 2363,2483 2289,2512"/>
                <Baseline points="2295,2555 2346,2558 2398,2559 2449,2561 2501,2564 2552,2566 2604,2569 2655,2571 2707,2573 2758,2574 2810,2577 2862,2579 2913,2580 2965,2582 3016,2583 3068,2584 3119,2585 3171,2585 3222,2585 3274,2585 3326,2583"/>
                <TextEquiv>
                    <Unicode>Gueter angetroffen, so ihne gefragt, Ob</Unicode>
                </TextEquiv>
            </TextLine>
            <TextLine id="r1l29" custom="readingOrder {index:28;}">
                <Coords points="2296,2674 2491,2708 2647,2679 2699,2726 2826,2677 3333,2698 3355,2635 3293,2615 3182,2662 3077,2609 2960,2633 2847,2596 2619,2639 2380,2563 2297,2588"/>
                <Baseline points="2303,2658 2355,2660 2407,2662 2459,2664 2511,2666 2564,2667 2616,2669 2668,2670 2720,2672 2772,2673 2825,2674 2877,2675 2929,2676 2981,2676 3033,2678 3086,2678 3138,2678 3190,2678 3242,2678 3294,2678 3347,2678"/>
                <TextEquiv>
                    <Unicode>Bahr, daß er angehalten borden, den</Unicode>
                </TextEquiv>
            </TextLine>
            <TextLine id="r1l30" custom="readingOrder {index:29;}">
                <Coords points="2276,2805 2372,2786 2526,2830 2774,2805 3061,2834 3201,2814 3204,2713 3016,2691 2942,2726 2827,2687 2698,2726 2610,2688 2410,2727 2341,2687 2279,2707"/>
                <Baseline points="2285,2750 2330,2752 2376,2754 2421,2756 2467,2757 2512,2760 2558,2762 2603,2763 2649,2765 2694,2766 2740,2768 2785,2769 2831,2771 2876,2772 2922,2773 2967,2774 3013,2777 3058,2778 3104,2778 3149,2781 3195,2783"/>
                <TextEquiv>
                    <Unicode>Ihme beye Neubenbruck geforderten,</Unicode>
                </TextEquiv>
            </TextLine>
            <TextLine id="r1l31" custom="readingOrder {index:30;}">
                <Coords points="3102,2917 3126,2910 3143,2922 3187,2902 3225,2904 3252,2893 3327,2937 3349,2921 3367,2930 3372,2833 3350,2821 3303,2845 3253,2813 3211,2827 3164,2813 3107,2823"/>
                <Baseline points="3111,2882 3136,2880 3161,2880 3186,2881 3211,2882 3236,2884 3261,2886 3286,2888 3311,2890 3336,2891 3362,2892"/>
                <TextEquiv>
                    <Unicode>starben </Unicode>
                </TextEquiv>
            </TextLine>
            <TextEquiv>
                <Unicode>
Hungegn
Heimblicher Greudenreich, Mulohl. GroßWeibel.
Willeding und Beichtschreiber Batchet, Nebst
Vielen Moghen deß großen Rahts Examinirt.
Damnel Wiclaus Sernier, Marchard.
Declarirte nach angebandter ernstlichen Ver¬
mahnung zur Bahrheit. Er steyn geständig, ein
Unglibsteliger antheil haber an dem Complot,
welcher unter einer gebußen anzahl der
Bürgern errichtet borden, zu seyn,
Allein, die Betrüebte Situation, in Belcher er
sicht Leidern befinden, da er völlig duinirt seye,
und in seiner handlung ein Groß Ungluck nach
dem andern außgestanden, habe ihn endlich
bie gantz desperat, in einer unglücklichen
Viertelstund vermögen, diesem Complot.
Nich anzuhamben; Nachdeme er gleichbohl
doch lange revistirt, ohngeachtet er öffters
darzu angestiftet worden.
Vor ohngefähred etbas über D Monath habe er¬
begen ihme zu hochgefordertem Zoll, beye Reuben,
brugg vor Michghl. der Venner, Camer eine große
unbeliebigkeit außgestandende Da nun er
s
würzlich nach diesem in die Enge Spahieren
gegangen, habe er dorten den Lieutenani
Gueter angetroffen, so ihne gefragt, Ob
Bahr, daß er angehalten borden, den
Ihme beye Neubenbruck geforderten,
starben </Unicode>
            </TextEquiv>
        </TextRegion>
    </Page>
</PcGts>
