3024 4032
339 237 464 342 334.
451 1679 519 1801 1.
545 239 1437 537 Don. 23ten July1719. sid d
533 433 1445 641 Meinen hochgeachten Herren Henner¬
513 518 1439 725 Im Hooff und Mehhlen alt Landtegt¬
522 614 1439 815 Steiger von Trachßelbald, Ohmgeltene
534 712 1432 892 Lombach, Großbeibel Milladung, und
526 804 1448 994 Bricht Schreiber, lauth Ihr Brads¬
528 910 1414 1068 specialen Betelchs von heutigem¬
542 999 1438 1179 dato, zur Verhohr gezogen worden.
533 1099 1415 1261 Nachstehende Hauß, Arrestanten¬
541 1216 1423 1369 Welche nach bevoriger jebeiliger
532 1313 1418 1462 Ernstlichen Vermahnung die pern¬
545 1415 1431 1569 Mahrheit zu redken, ihre Depositionen
536 1522 1421 1674 Separatim von sich gestellt, bie folget¬
557 1681 1387 1843 Meister Damuel Banting
594 1800 1055 1928 Siler Schumacher.
509 2001 1430 2144 Was ihme von diesen leydigen Sache
532 2106 895 2216 Bekant seÿn?
643 2189 1424 2326 Daß Lieutl. Hueter, Belchen¬
524 2296 1422 2423 er zu seinem Unglech Ghaussiert,
529 2383 1400 2513 ihne vor etlichen Wochen gefragt.
535 2474 1420 2606 Wie es ihme ergehe, Ob das Lader¬
519 2565 1400 2716 noch alleheit so theür- und die Be¬¬
517 2670 1386 2812 Zahlungen so schbär einzutreiben.
508 2778 717 2885 seyen?
488 2852 1398 2997 darauf er ihme geantbertet: Ja¬
498 2938 1403 3075 Botter Nahmen, es seÿe jehzunder¬
492 3042 1410 3171 eine theure Zeit, mann minße Pet
495 3117 1397 3291 dult haben, Worauf der Lictl
2522 280 2621 374 355.
1686 301 2372 474 Meister Bantingo.
1625 432 2569 581 Lieutl. Fueter versezt. Es seyn etber
1620 531 2523 674 obhönden, daß verschiedene Bürger¬
1610 633 2572 772 der Oberkeit Vorstellungen machen
1628 733 2548 869 bollen, domit die Handbercke etbas
1616 834 2506 976 beßer seyn können, und daß man
1616 942 2550 1079 ein Einsehen thue Bieder die Äußern
1616 1029 2500 1163 Handtberdes, Leuthe, welche denen
1614 1129 2508 1267 Bürgeren großen Schafen Verer¬
1607 1237 2513 1349 sachen. Über welches Er Deponent¬
1605 1321 2500 1438 erlideret: Was sein Handtberck¬
1602 1413 2476 1539 anlange, so habe er deßohrts nichts¬
1601 1510 2499 1652 zu klogen, und seyn bohl. zu frieden,
1595 1608 2506 1730 er habe alleZeit mehrere Arbeit, Als
1607 1702 2493 1826 er nur schier Verrichten könne, und
1601 1784 2487 1912 wan ihme von ihrer Handtberces
1601 1885 2532 2005 longen Beschwährlichkeiten vorgefallen
1590 1966 2498 2094 so habend Megssprn ihnen Allezeit¬
1593 2066 2341 2183 Helff und Vorschueb geleistet.
1601 2209 2524 2374 Etwelche Tage hernach seyn der Lieutl.
1598 2334 2499 2450 Fueter vor seiner Merckstatt Vor¬
1595 2419 2423 2540 beygegangen, da er ihme gesagt:
1604 2517 2505 2632 Er sayen viele Handberiker, welche
1604 2614 2486 2723 über allerhand Beschwärlichkeiten
1602 2692 2526 2829 Bey Mugshen einlangen werden;
1596 2794 2521 2924 Ob er nun nicht auch bolle mithalten?
1608 2884 2403 3000 Er habe ihme aber ohngefehrd ein
1605 2975 2517 3094 gleiches geantbortet, wie das Erste
1602 3066 2556 3209 Mohl. Als nun der Kintl. Hueter
1595 3167 2553 3308 nach etwelchen dergleichen Descerden
