3024 4032
352 467 454 561 180.
869 420 1089 513 126 6xc.
571 474 1318 678 Joh. Gribernh Kupder
470 645 1450 827 solle, um sich an selbigem mit den seinigen
491 734 1453 905 zusrachen, biß auf den tod: Welcher S
498 837 1429 998 Alle mit aufgehobenen Handen Eydtlich
494 933 1423 1107 beschwoeren haben. Hierauf habins sie
508 1027 1395 1166 mit einander einen Trunb genoßen,
494 1119 1429 1268 Ob welchem der Lieutl. Händz, um die
473 1219 1450 1359 Versamlung zu eniouragiren gesprochen:
502 1322 1426 1480 Sie sollen sich allersteits angelegen seyn
509 1425 1453 1579 laßen, brafe Leuth anzuwerben, damit
506 1507 1462 1643 die Sach mit deförderung möge abgetrieben
503 1607 1453 1747 werden, Welchem nach die ohngefahrt um
489 1693 1429 1841 halber 3 Uhe wieder von einauder ge¬
482 1787 1430 1933 scheiden; Sey dieser Versamlung seyn
496 1884 1441 2038 angezeigt worden, durch haubtman handz
479 1986 1432 2096 Lieutl. Bueter und Marchand Wermer¬
474 2077 1432 2215 daß der Angeworbenen dermahlen gar
471 2175 1412 2295 wohl bey 40 seyen; haben Auch etwelch
485 2261 1420 2419 mehrere in diesere Versamlung kommen
473 2351 1435 2500 sollen die nicht erschienen seyen; Sintz
472 2424 1412 2569 der Zeit habe Niemand mehr mit ihme
464 2522 1440 2664 von diesen Sachen geredet, Außgenomen.
461 2595 1432 2781 daß Verbiechenen Freytag, Ihngeführt¬
463 2717 1420 2854 um 8. Uhren Morgens der Marhand¬
437 2820 1416 2958 Wermier bey seinem Hauß vorbey und
433 2912 1447 3088 nach Verstatz zu seinem Schrages Reinher
442 3021 1441 3169 gehend, ihme Angezeigt, daß sich die ange¬
437 3124 1437 3268 Borbenen Vermehren, Auch würblichen
425 3203 1434 3350 Pludenten darunider seyen; Er gehe aber
406 3278 1426 3474 Jetzt zu seinem Schwager, nach Verse
2527 174 2699 273 181.
1855 292 2131 403 1 106 Ex.
1648 293 2465 602 d. Goteich diste
1551 457 2683 805 gensihtg he den
1557 557 2654 874 ihme vor dem Hl. Oberherr, Allwo er also
1553 676 2615 1000 gehes deschenichten
1569 862 2152 1065 sehihenrt ertund.
1501 892 2665 1184 1. Ober nicht büße, daß der Limtl. Gueter sich
1522 980 2594 1257 Verlauten laßen, daß er der Statt, Racht
1528 1114 2649 1386 versicheret; Oder was er sonsten zu Außfüh¬
1561 1225 2633 1475 rung ihres Projects mit selbigen vorhabens
1552 1413 1751 1591 gewesen.
1555 1454 2680 1636 be erinere sich, daß in denen ersten Unterre¬
1555 1562 2678 1762 dungen, so er mit dem Lieutl. Guter gehabt,
1544 1680 2694 1844 selbiger, ihne zu encociragiren, ihme Verdeutet,
1546 1774 2666 1955 daß, wan sich jehz die Execution dieser Sach
1545 1878 2676 2031 solte Unternommen werden, Mann solche An¬
1545 1988 2664 2134 stellen burde, auf einen Tag, da es sein Rehe,
1565 2087 2629 2242 Auf der Racht zu seyn, Er seye von denen
1543 2191 2683 2346 Soldaten der Statthacht sehe geliebet, Inson¬
1558 2281 2645 2437 derheit von seiner Compagnie, welche ihme
1556 2404 2634 2514 ehender gehorhen wurden, Alß etwas wieder
1552 2479 2687 2638 ihn zu thun; Darauf er Inquisit ihme Lietl.
1550 2576 2666 2746 Gueter vorgehalten: Ob er alß Statte Liectl.
1560 2678 2656 2825 nicht ein Eydt auf sich habe, denenjenigen
1549 2763 2668 2954 zu gehorchen, so ihme zu befehlen. Darauf
1548 2860 2676 3053 er Shotts weise geantwortet, Er thue deß¬
1560 2954 2677 3164 begen nichts unrechtes, Ersehe die Gantze
1562 3045 2687 3263 Bürgerschafft alß seine Oberbeit an, und die
1562 3151 2631 3377 Racht seye für die gantze Bürgerschafft.
1666 3270 2694 3490 Nachdeme Obigem Inquisiten dieses
1534 3341 2687 3597 sein Examen von Wort zu Wort abgelesen
