3024 4032
327 489 484 596 500.
653 524 1064 676 Lambelet
509 634 1416 817 Et quil n Etois pas impossible, quil neut¬
497 734 1407 893 fait ladessus un faua Rapport poui
509 821 1072 936 Enionrages ses Complices.
484 896 1441 1078 Quant an 2. quil avoit ties peu vu Ponctu
503 1000 1431 1144 pendant Condernier Lejour a Beine, 8
506 1090 1440 1260 quil nelus avoit alois parle & peu Souvend¬
515 1175 1384 1337 quedes puetendu Griefs dela Bourgevisu,
505 1261 1410 1428 Panstoucher la moindre chose, qui Sentit
499 1329 771 1434 le Complot.
293 1414 542 1541 Demande
576 1407 1436 1595 Pourquoy il avoit dit dans son Marie ey
519 1518 1436 1659 dessus, Jans Recessite, qua neuchatel on¬
518 1604 1423 1718 Respectort lesoidres et les Secaua de Ll.
518 1676 1367 1795 22: p, queces Sceaux y paroissorent
496 1764 1424 1879 de placis tomenis avecart: Da Dessein¬
498 1832 1344 1955 deludei la question quil pressentoit,
504 1912 1432 2046 touchant le Secours promis aux Mecontent
508 1984 1397 2099 au las quils pussent semparer des Sceaux¬
494 2042 919 2171 de la Republique?
358 2116 1412 2268 Repondu: Quil Croyoit avoir dit Sncerement
499 2230 1392 2339 dans Sondit harie, tout cequi Lug Etoit
494 2302 1333 2409 Connu Jurles Interrogats aluu faits,
482 2363 1408 2466 avant sadite Nariation, touurant la Depos¬
480 2438 1383 2548 isition de Foueter Et au en parlant du¬
482 2510 1404 2628 Respect, quon avoit, a Neuschatet poud¬
486 2580 1412 2694 les Secaus de dit: C. E. il navoit eu aucur¬
464 2653 1365 2773 Dessein de se preparer ime reponse a des¬
466 2736 1338 2849 questions, quil nattendoct meme pas¬
472 2817 1164 2963 aensi Lu & Confirme.
446 2902 1413 3036 fait a la Couronke, parmonsuus leliari
453 2994 1404 3125 Lautier Willading & Monsieus le Gesfi
445 3079 1390 3238 Gattschet, ce 19u de Novembi 1719
