3024 4032
320 241 441 351 026.
406 2625 485 2753 4.
416 2902 503 3033 R.
380 860 490 1036 9.
443 1054 512 1221 3
318 1358 516 1488 Instiren
414 1889 499 2028 9
441 2138 520 2273 2
611 256 1418 493 Friderics Brisen, Gelle
505 377 1426 596 Eod der Verschbiegenheit, und zbar in zun
512 489 1423 688 Inquisiten eigenen Ladin, den Andern¬
498 580 1436 803 Ennd habe er in der Versamblung in Sue
507 693 933 840 rbach geschbohren.
504 851 1345 1047 Main ervon diesen Sachen gerodet?
548 1059 1414 1256 dem Kupserschund Jdth habe erschen¬
515 1179 1429 1335 dießen Bruehling von diestem Sachen geree
516 1270 838 1388 dah, und auf
551 1358 1426 1539 bebeenet, daß er den Pfister Spondel¬
517 1460 1415 1604 zu der Ersten Versammlung, den Herrman¬
525 1566 1339 1710 aber zu der zloegten Beym Wermer
520 1657 847 1787 aversert habe.
532 1843 1394 1987 Was ihme seines Bruders deß Mar¬¬
522 1954 1140 2072 chands halber belaußt?
542 2124 1415 2259 Sein Brucder habe nach der Zbeyten Versand¬
518 2238 1412 2377 elung ihm advertirt, nichts mehr mit dießer
509 2319 1410 2468 Sach zu thun zu haben, Sietemahlen Man von¬
513 2421 1233 2565 Absetzung der Oberkeit gerecket.
524 2607 1404 2728 Ob ihn nicht belaußt, daß sie diesten Pro¬
501 2669 1432 2848 ject mit geloaffneter Hand außführen betz¬
520 2858 1404 3007 Babril. Gurter habe ihme darvon geredet,¬
497 2966 1392 3127 ter der Ersten Versamblung, mit Verbeig¬
479 3067 1353 3255 sung seiner Pistoleten, auch der Licutzi
474 3150 1390 3349 Fucter habe in dem Sinn gesagt, er bohle¬
1248 3239 1354 3330 den
1541 1099 1597 1241 9
1513 1348 1605 1511 D
1634 273 2544 449 Briederich Gristen, die Goldschmied.
1619 452 2576 651 den schon Müster berden, der Gebeicl
1627 580 2557 724 Hunter habe ihm auch befragt: Ob Er auch
1619 661 2536 819 Coch. bebehrt seyn. Darauf er Inquisit¬
1620 762 2543 910 geantsortet vor gute Sachen Breucheer
1623 900 2280 1002 kein Gebehr noch Munition.
1623 1039 2534 1210 Mit bei er beiters von diesen Sachen¬
1618 1157 1852 1320 212
1634 1333 2492 1487 der Gabril Runter habe ihm etliche,
1623 1461 2520 1591 nahl. an Pfister Hondel, Verschicken bollen.
1600 1544 2517 1694 habe auch mit Pffister Wyß ohngefehrs ver
1597 1655 2498 1778 Kunß Wochen geredet in Terminis Gene¬
1598 1737 2504 1867 ratibus, von Harstellung der Bürger¬
1598 1838 2516 1963 nlichen Kreyheiten, da er ihme zur Antwort
1604 1930 2453 2044 geben, das müßte Wohl eine Sach seyn,
1607 1996 2500 2149 Und als er zum Zloezten mahl biederkomen
1606 2107 2489 2232 habe der Myß gesagt, Er wolle hofen. Auch
1606 2194 2510 2324 mit den in Pastetenkecken Ziegler habe
1606 2286 2516 2436 er gesprochen, und zwar der an der Breubs¬
1604 2385 2526 2510 daß habe ihne zuerst deßtbegen angeredet
1612 2468 2507 2612 und gefragt, was diß seye? Der an der
1607 2568 2516 2705 Keßlergaß aber gesagt, Er habe schon
1601 2670 2514 2809 davon gehört reden, möge sich aber nicht
1608 2763 2533 2898 da hineinlaßen. Emannel. Achs der
1602 2855 2531 2993 Marchand habe ihm Inquisiten zu erst ano¬
1600 2948 2523 3093 geredet, und befragt, den Tagvor der¬
1610 3047 2543 3177 ersten Versamblung, Ober auch dahin wollen
1603 3135 2507 3276 Babrich Feuer habe ihm Inquisiten
2268 3245 2525 3354 Commission
2536 288 2630 371 927.
