3024 4032
338 242 474 366 390.
456 380 513 511 3
464 586 519 695 d.
471 2075 535 2192 D
463 2479 544 2608 d.
484 786 543 901 3.
482 1416 538 1512 h
489 1506 554 1624 d
591 245 1270 419 Lutz, Marchand.
550 389 1469 594 Man habe ihme von nichts geredt, als ber¬
547 494 1080 630 er schon oben declatirt.
559 582 1442 769 ob man Ihme nicht von Abänderung der¬
533 673 1040 800 Regierung geredet?
572 774 1469 979 Als er auf dem Graben miit beyden Bu¬
551 886 1456 1048 steren gespatziert, habe man gesagt. Man¬
539 982 1454 1137 sollte die Gemeind bieder anstellen, und
540 1083 1367 1224 die Sachen auf den Alten Kuß thun¬
548 1190 1451 1335 Auch seyn von dem Schirm-brief gerede¬
557 1292 763 1414 worden.
576 1386 1377 1520 ob ihme nichts beiters bekant seyn?
572 1495 1443 1627 Auf dem Kirchhoof habe er von Pfister¬
546 1585 1446 1715 weyst und Pastetenbers Ziegler ander¬
557 1680 1463 1838 Rlßlergaß gehört, daß die Bürger sich¬
563 1770 1406 1889 unterreden, wie den Handberikeren
556 1872 1455 2005 bieder aufzuhelfen; Man lauße aber
554 1960 1256 2097 nicht, wie solches anfangen.
566 2051 1463 2186 Ob man auf dem graben nicht gerec, daß
558 2153 1455 2283 Ban die gutlichen Vorstellungen nicht¬
551 2235 1447 2386 Ingriss finden, Man mit gebaßente
550 2354 1174 2479 Hand dazugelangen solle?
582 2425 1454 2569 Praecise von gebalt der Wosten habe sa
557 2500 1448 2669 nicht geredt. Wohl habe der Lieutenant¬
546 2561 1464 2776 Kueter gesagt: Mon ihrer 50. Beutlr
540 2702 1443 2867 und der Boldschmied Hueter bärm,s
549 2749 1463 2985 bolten sie es schon dazubringen, du
545 2823 1464 3072 Oche kan habe ihmen gesagt den tag aucht
552 2980 1447 3170 nachdime der Mermier das Kehte mahl
539 3031 1453 3293 bey ihme gebesen, und auc dem Coppte
534 3134 1450 3374 gegangen, Er habe tage zu vor am Solche
2495 332 2610 458 371.
1647 333 2223 481 Lutz, Marchand.
1640 439 2603 609 auch mit ihme zu dem Wermer gehen sollen.
1634 557 2572 694 Und da Er Seponent den Ochs gefragt.
1621 638 2574 783 ob Er bey dem Mermer gebesen, und bar¬
1624 734 2582 892 allda verhandet worden? habe er ihme
1625 840 2527 991 geantbortet: Ja er seyn da gelesen, Man
1616 935 2552 1099 habe den Schirmn, Prieß abgelesen, darauf
1618 1041 2555 1190 den Erdt der Verschliegenheit, und daß
1619 1141 2542 1291 man zu den Bürgerlichen Kreyheiten stehen
1605 1245 2535 1390 wolle, gethan. Auf befragen, bie sie er¬
1617 1333 2523 1477 dann Collen vormmnen, habe der ochß ge¬
1610 1429 2514 1557 sagt: Man habe beiters keine Schrifften
1609 1515 2515 1652 abgelesten, Maßen man etbelchen, so zue¬
1594 1622 2536 1743 gegen gewesen, nicht getraulet, und ge¬
1604 1711 2516 1826 sagt: Man Bolle Einander mahl zusamen
1598 1792 2533 1925 kommen, und dan beiters von den Sachen
1613 1881 1776 1973 geolen.
1608 1954 2513 2131 Weiters sagte er: Als er zu dem Küptter
1601 2054 2454 2195 im Solgenbach gehen sollen, und ihme
1604 2162 2542 2275 durch den Ochß sagen laßen, er berde
1610 2241 2511 2359 nicht komen, habe er dem Ochs zugleich
1577 2324 2507 2465 gesagt. Wan es etwan umb eine Ver¬
1595 2421 2524 2560 samblung zu thur seyn; so bolle er nicht
1593 2523 2500 2647 gehen, und nichts damit zu thun haben.
1693 2623 2336 2735 Abgelesen und bestätiget.
1604 2691 2440 2863 Actum den 24. d July: 1749.
