<?xml version="1.0" encoding="UTF-8" standalone="yes"?>
<PcGts xmlns="http://schema.primaresearch.org/PAGE/gts/pagecontent/2013-07-15" xmlns:xsi="http://www.w3.org/2001/XMLSchema-instance" xsi:schemaLocation="http://schema.primaresearch.org/PAGE/gts/pagecontent/2013-07-15 http://schema.primaresearch.org/PAGE/gts/pagecontent/2013-07-15/pagecontent.xsd">
    <Metadata>
        <Creator>prov=University of Rostock/Institute of Mathematics/CITlab|PLANET AI GmbH/Gundram Leifert/gundram.leifert@planet-ai.de:name=Transkribus German Kurrent M2(htr_id=29820)::::v=2.6.7
prov=University of Rostock/Institute of Mathematics/CITlab|PLANET AI GmbH/Tobias Gruening/tobias.gruening@planet-ai.de:name=de.uros.citlab.module.baseline2polygon.B2PSeamMultiOriented:v=2.6.7
prov=University of Rostock/Institute of Mathematics/CITlab|PLANET AI GmbH/Gundram Leifert/gundram.leifert@planet-ai.de:name=Kurrent_1515_ENHG_v3(htr_id=40510)::::v=2.6.7
prov=University of Rostock/Institute of Mathematics/CITlab|PLANET AI GmbH/Tobias Gruening/tobias.gruening@planet-ai.de:name=de.uros.citlab.module.baseline2polygon.B2PSeamMultiOriented:v=2.6.7
prov=University of Rostock/Institute of Mathematics/CITlab|PLANET AI GmbH/Tobias Gruening/tobias.gruening@planet-ai.de:name=/net_tf/LA73_249_0mod360.pb:de.uros.citlab.segmentation.CITlab_LA_ML:v=2.6.7
Transkribus</Creator>
        <Created>2022-05-02T15:17:49.904+02:00</Created>
        <LastChange>2022-09-12T15:20:23.774+02:00</LastChange>
        <TranskribusMetadata docId="1334849" pageId="52362651" pageNr="42" tsid="114644474" status="IN_PROGRESS" userId="9570" imgUrl="https://files.transkribus.eu/Get?id=FDDVUFCTCQBJZNUQEVBTORGI&amp;fileType=view" xmlUrl="https://files.transkribus.eu/Get?id=PSNZZJGZKNSLVEJQKUCITFVE" imageId="30687122"/>
    </Metadata>
    <Page imageFilename="IMG_5742.jpg" imageWidth="3024" imageHeight="4032">
        <ReadingOrder>
            <OrderedGroup id="ro_1687513633587" caption="Regions reading order">
                <RegionRefIndexed index="0" regionRef="r1"/>
                <RegionRefIndexed index="1" regionRef="r2"/>
                <RegionRefIndexed index="2" regionRef="r3"/>
                <RegionRefIndexed index="3" regionRef="r4"/>
                <RegionRefIndexed index="4" regionRef="r5"/>
            </OrderedGroup>
        </ReadingOrder>
        <TextRegion orientation="0.0" id="r1" custom="readingOrder {index:0;}">
            <Coords points="174,284 174,434 207,434 207,284"/>
            <TextLine id="r1l1" custom="readingOrder {index:0;}">
                <Coords points="167,400 176,400 182,394 188,397 201,396 205,399 215,399 215,354 204,355 201,352 198,354 188,346 179,345 175,340 167,340"/>
                <Baseline points="174,384 207,384"/>
                <TextEquiv>
                    <Unicode>1</Unicode>
                </TextEquiv>
            </TextLine>
            <TextEquiv>
                <Unicode>1</Unicode>
            </TextEquiv>
        </TextRegion>
        <TextRegion orientation="0.0" id="r2" custom="readingOrder {index:1;}">
            <Coords points="192,313 192,3534 1446,3534 1446,313"/>
            <TextLine id="r2l1" custom="readingOrder {index:0;}">
                <Coords points="286,394 310,394 323,402 335,390 349,398 360,393 368,400 389,399 386,300 378,301 372,295 364,298 349,289 338,301 321,295 301,311 283,312"/>
                <Baseline points="293,365 322,362 351,361 380,362"/>
                <TextEquiv>
                    <Unicode>78.</Unicode>
                </TextEquiv>
            </TextLine>
            <TextLine id="r2l2" custom="readingOrder {index:1;}">
                <Coords points="491,470 648,440 779,488 884,435 980,476 1073,433 1292,463 1293,348 1153,323 1069,267 983,330 914,324 867,361 713,266 493,362"/>
                <Baseline points="500,411 539,414 578,415 617,416 656,417 696,417 735,417 774,417 813,416 852,416 892,416 931,416 970,416 1009,416 1048,416 1088,417 1127,419 1166,421 1205,424 1244,428 1284,432"/>
                <TextEquiv>
                    <Unicode>Lieutenant Queter</Unicode>
                </TextEquiv>
            </TextLine>
            <TextLine id="r2l3" custom="readingOrder {index:2;}">
                <Coords points="291,645 576,583 877,627 1251,589 1448,640 1449,519 1116,460 978,507 737,468 611,525 474,491 420,527 369,481 292,507"/>
                <Baseline points="299,594 356,591 413,587 470,584 527,581 584,578 641,575 698,572 755,570 812,569 869,567 926,567 983,569 1040,570 1097,572 1154,576 1211,580 1268,587 1325,594 1382,603 1440,614"/>
                <TextEquiv>
                    <Unicode>D. Obstie nicht im Sinn gehabt, bey der Excuction</Unicode>
                </TextEquiv>
            </TextLine>
            <TextLine id="r2l4" custom="readingOrder {index:3;}">
                <Coords points="412,682 453,709 820,680 934,717 1453,720 1454,657 1300,602 1108,621 1025,589 795,634 588,584 474,631 414,595"/>
                <Baseline points="420,674 471,675 522,675 573,675 625,675 676,675 727,674 779,673 830,672 881,672 933,672 984,672 1035,672 1086,674 1138,677 1189,679 1240,683 1292,689 1343,696 1394,703 1446,713"/>
                <TextEquiv>
                    <Unicode>deß Pröjectu den distedt abzuhohlen, damit</Unicode>
                </TextEquiv>
            </TextLine>
            <TextLine id="r2l5" custom="readingOrder {index:4;}">
                <Coords points="425,775 582,822 635,796 687,823 743,816 785,791 908,813 955,788 1097,788 1098,708 1059,695 1028,720 991,696 889,723 693,692 594,714 491,689 425,706"/>
                <Baseline points="432,770 464,771 497,771 530,773 563,774 596,774 629,774 661,776 694,776 727,777 760,777 793,777 826,779 859,779 891,779 924,779 957,778 990,777 1023,777 1056,776 1089,774"/>
                <TextEquiv>
                    <Unicode>er ihnen behulftlich seye</Unicode>
                </TextEquiv>
            </TextLine>
            <TextLine id="r2l6" custom="readingOrder {index:5;}">
                <Coords points="347,1047 488,1053 590,970 1007,998 1100,1061 1224,1011 1293,1054 1436,1032 1437,940 1142,898 742,937 497,881 349,954"/>
                <Baseline points="357,983 410,980 464,978 517,977 571,975 624,975 678,974 731,974 785,974 838,975 892,975 946,977 999,978 1053,980 1106,982 1160,984 1213,987 1267,992 1320,995 1374,999 1428,1004"/>
                <TextEquiv>
                    <Unicode>E. E steye bahr, daß zruschen ihme Inquisit</Unicode>
                </TextEquiv>
            </TextLine>
            <TextLine id="r2l7" custom="readingOrder {index:6;} person {offset:8; length:14;}">
                <Coords points="411,1081 638,1102 769,1073 953,1112 1022,1085 1180,1118 1226,1092 1428,1144 1432,1030 1357,1061 1226,1022 1100,1060 1003,997 806,1011 750,978 694,1007 591,970 501,1038 413,1037"/>
                <Baseline points="420,1062 470,1064 520,1066 570,1067 620,1068 670,1070 720,1070 770,1071 820,1071 870,1073 921,1074 971,1076 1021,1077 1071,1079 1121,1081 1171,1084 1221,1086 1271,1090 1321,1095 1371,1100 1422,1106"/>
                <TextEquiv>
                    <Unicode>und dem Gabriel Pueter öffern davon geredt</Unicode>
                </TextEquiv>
            </TextLine>
            <TextLine id="r2l8" custom="readingOrder {index:7;}">
                <Coords points="393,1177 572,1225 654,1192 786,1225 1006,1195 1094,1244 1212,1196 1399,1239 1403,1125 1141,1102 968,1150 887,1103 738,1126 551,1081 395,1112"/>
                <Baseline points="402,1163 451,1163 501,1164 550,1164 600,1166 649,1167 699,1167 748,1169 798,1170 847,1171 897,1173 946,1174 996,1176 1045,1178 1095,1180 1144,1182 1194,1185 1243,1188 1293,1191 1342,1194 1392,1197"/>
                <TextEquiv>
                    <Unicode>dem dstest aber nichts seye eröffnet worden.</Unicode>
                </TextEquiv>
            </TextLine>
            <TextLine id="r2l9" custom="readingOrder {index:8;}">
                <Coords points="289,1409 874,1384 1062,1430 1262,1385 1341,1439 1433,1398 1434,1358 1311,1301 901,1338 756,1278 644,1319 292,1212"/>
                <Baseline points="297,1364 353,1364 409,1365 466,1366 522,1367 579,1368 635,1368 691,1370 748,1370 804,1371 861,1371 917,1373 973,1373 1030,1374 1086,1374 1143,1376 1199,1376 1255,1377 1312,1377 1368,1379 1425,1380"/>
                <TextEquiv>
                    <Unicode>E Worzu die geschwoenen einen jeglichen, der in</Unicode>
                </TextEquiv>
            </TextLine>
            <TextLine id="r2l10" custom="readingOrder {index:9;} person {offset:4; length:7;}">
                <Coords points="403,1498 714,1511 828,1479 1315,1516 1421,1498 1422,1447 1196,1444 1118,1405 923,1446 745,1379 689,1412 624,1385 404,1407"/>
                <Baseline points="411,1461 461,1464 511,1466 561,1469 611,1470 661,1472 711,1472 761,1473 811,1475 861,1475 912,1476 962,1476 1012,1478 1062,1478 1112,1479 1162,1480 1212,1481 1262,1482 1312,1484 1362,1485 1413,1487"/>
                <TextEquiv>
                    <Unicode>den Complot getretten, oder denen man von</Unicode>
                </TextEquiv>
            </TextLine>
            <TextLine id="r2l11" custom="readingOrder {index:10;}">
                <Coords points="384,1620 501,1589 570,1616 1140,1601 1152,1504 961,1518 911,1491 847,1520 784,1486 697,1520 387,1506"/>
                <Baseline points="393,1563 430,1563 468,1565 505,1565 543,1566 580,1566 618,1568 655,1568 693,1569 730,1571 768,1572 805,1572 843,1574 880,1574 918,1575 955,1575 993,1576 1030,1577 1068,1577 1105,1577 1143,1577"/>
                <TextEquiv>
                    <Unicode>solchem geaedt, Verbunden E</Unicode>
                </TextEquiv>
            </TextLine>
            <TextLine id="r2l12" custom="readingOrder {index:11;}">
                <Coords points="255,1834 412,1789 552,1817 626,1775 854,1813 1426,1796 1398,1716 1328,1757 1207,1683 1110,1709 1021,1640 509,1623 258,1681"/>
                <Baseline points="264,1763 321,1761 379,1761 437,1761 494,1761 552,1761 610,1763 667,1763 725,1764 783,1765 841,1767 898,1767 956,1769 1014,1771 1071,1772 1129,1774 1187,1776 1244,1776 1302,1778 1360,1779 1418,1779"/>
                <TextEquiv>
                    <Unicode>R. Segengen, so e selhs angeborten, habe er zu</Unicode>
                </TextEquiv>
            </TextLine>
            <TextLine id="r2l13" custom="readingOrder {index:12;}">
                <Coords points="405,1894 529,1906 639,1867 706,1907 1393,1909 1396,1806 407,1792"/>
                <Baseline points="414,1853 462,1854 511,1856 559,1857 608,1859 657,1860 705,1862 754,1863 802,1864 851,1865 900,1866 948,1868 997,1869 1045,1870 1094,1871 1143,1872 1191,1873 1240,1874 1288,1874 1337,1875 1386,1875"/>
                <TextEquiv>
                    <Unicode>Schuhung der Heeyheiten schwören gemacht,</Unicode>
                </TextEquiv>
            </TextLine>
            <TextLine id="r2l14" custom="readingOrder {index:13;}">
                <Coords points="387,1982 505,1963 796,2018 948,1977 1064,2029 1320,1988 1426,2009 1428,1919 1387,1909 1306,1935 1214,1891 1128,1928 890,1886 738,1914 650,1882 560,1924 443,1881 389,1900"/>
                <Baseline points="396,1952 447,1953 498,1955 549,1956 600,1958 651,1958 702,1960 754,1961 805,1962 856,1964 907,1965 958,1966 1009,1967 1060,1968 1112,1970 1163,1970 1214,1971 1265,1971 1316,1972 1367,1973 1419,1973"/>
                <TextEquiv>
                    <Unicode>und dann zu lißährtigem Geheimmuß, die so</Unicode>
                </TextEquiv>
            </TextLine>
            <TextLine id="r2l15" custom="readingOrder {index:14;}">
                <Coords points="368,2074 479,2054 602,2114 708,2055 1026,2091 1097,2059 1214,2099 1253,2066 1417,2071 1418,1995 1070,2031 950,1978 727,2026 639,1991 569,2027 452,1968 369,1997"/>
                <Baseline points="375,2043 426,2046 478,2047 530,2049 581,2050 633,2051 685,2052 736,2053 788,2054 840,2054 892,2054 943,2055 995,2055 1047,2055 1098,2055 1150,2057 1202,2057 1253,2058 1305,2059 1357,2060 1409,2061"/>
                <TextEquiv>
                    <Unicode>zu dem ersten nicht Quediren wollen, denen</Unicode>
                </TextEquiv>
            </TextLine>
            <TextLine id="r2l16" custom="readingOrder {index:15;}">
                <Coords points="377,2165 837,2192 925,2164 1063,2182 1135,2234 1248,2166 1378,2178 1379,2078 1328,2099 1253,2066 1193,2099 934,2065 674,2136 378,2109"/>
                <Baseline points="384,2150 433,2150 482,2151 532,2151 581,2151 630,2152 680,2153 729,2153 778,2154 828,2154 877,2156 926,2157 976,2157 1025,2157 1074,2159 1124,2159 1173,2159 1222,2160 1272,2160 1321,2160 1371,2160"/>
                <TextEquiv>
                    <Unicode>habe man nur das Geheimmuß auferlegt,</Unicode>
                </TextEquiv>
            </TextLine>
            <TextLine id="r2l17" custom="readingOrder {index:16;}">
                <Coords points="367,2258 686,2272 730,2310 866,2269 1399,2278 1400,2231 1265,2191 1133,2235 1062,2182 945,2174 853,2234 368,2218"/>
                <Baseline points="375,2249 425,2249 476,2249 527,2250 578,2252 629,2252 680,2253 730,2255 781,2256 832,2258 883,2259 934,2260 985,2261 1036,2262 1086,2262 1137,2262 1188,2262 1239,2262 1290,2261 1341,2259 1392,2258"/>
                <TextEquiv>
                    <Unicode>doch habe man Einem erst von den Sachen</Unicode>
                </TextEquiv>
            </TextLine>
            <TextLine id="r2l18" custom="readingOrder {index:17;}">
                <Coords points="376,2402 1023,2428 1266,2360 1421,2387 1422,2318 1360,2331 1217,2262 747,2308 539,2253 378,2277"/>
                <Baseline points="384,2346 435,2345 486,2345 538,2346 589,2347 641,2348 692,2349 744,2351 795,2353 847,2354 898,2357 949,2358 1001,2359 1052,2360 1104,2360 1155,2360 1207,2360 1258,2359 1310,2357 1361,2355 1413,2351"/>
                <TextEquiv>
                    <Unicode>geredt, nachdeme er vorher das Geheimmnß</Unicode>
                </TextEquiv>
            </TextLine>
            <TextLine id="r2l19" custom="readingOrder {index:18;}">
                <Coords points="374,2519 416,2523 471,2507 589,2524 617,2507 666,2518 660,2409 632,2399 585,2428 550,2411 520,2422 488,2404 445,2408 432,2423 406,2405 369,2426"/>
                <Baseline points="378,2466 403,2463 428,2459 453,2457 478,2455 503,2453 528,2451 553,2451 578,2450 603,2450 628,2450 654,2451"/>
                <TextEquiv>
                    <Unicode>geschworen:</Unicode>
                </TextEquiv>
            </TextLine>
            <TextLine id="r2l20" custom="readingOrder {index:19;}">
                <Coords points="260,2637 272,2640 278,2635 294,2637 308,2627 321,2629 328,2527 318,2528 306,2521 298,2528 289,2528 282,2521 268,2520"/>
                <Baseline points="270,2604 315,2607"/>
                <TextEquiv>
                    <Unicode>99</Unicode>
                </TextEquiv>
            </TextLine>
            <TextLine id="r2l21" custom="readingOrder {index:20;}">
                <Coords points="265,2724 461,2652 628,2667 676,2715 781,2663 960,2693 1129,2657 1364,2706 1425,2680 1426,2609 1259,2555 1183,2586 796,2553 604,2631 422,2601 265,2637"/>
                <Baseline points="273,2657 330,2655 387,2652 444,2652 502,2651 559,2651 616,2652 673,2652 731,2654 788,2654 845,2655 902,2657 960,2657 1017,2658 1074,2658 1131,2658 1189,2658 1246,2658 1303,2657 1360,2655 1418,2652"/>
                <TextEquiv>
                    <Unicode>das Obige seye zu Verstehen von denen Erden</Unicode>
                </TextEquiv>
            </TextLine>
            <TextLine id="r2l22" custom="readingOrder {index:21;}">
                <Coords points="331,2776 712,2764 826,2822 1097,2764 1414,2762 1414,2711 1354,2703 1307,2733 1261,2702 971,2731 869,2671 331,2677"/>
                <Baseline points="339,2748 392,2748 445,2748 499,2747 552,2748 605,2748 659,2750 712,2750 765,2751 819,2752 872,2754 925,2754 979,2756 1032,2756 1085,2756 1139,2756 1192,2756 1245,2756 1299,2754 1352,2752 1406,2750"/>
                <TextEquiv>
                    <Unicode>s vor den Versamlungen geschworen worden,</Unicode>
                </TextEquiv>
            </TextLine>
            <TextLine id="r2l23" custom="readingOrder {index:22;}">
                <Coords points="333,2885 496,2851 719,2927 830,2867 883,2903 1003,2869 1050,2897 1108,2867 1401,2877 1402,2826 1251,2806 1189,2836 1046,2774 737,2824 649,2771 523,2827 434,2762 335,2773"/>
                <Baseline points="342,2849 394,2847 447,2847 499,2847 552,2847 605,2847 657,2849 710,2850 762,2850 815,2853 868,2854 920,2855 973,2857 1025,2858 1078,2859 1131,2859 1183,2859 1236,2859 1288,2858 1341,2855 1394,2853"/>
                <TextEquiv>
                    <Unicode>Was nun diejenigen Eyden, so in denen¬</Unicode>
                </TextEquiv>
            </TextLine>
            <TextLine id="r2l24" custom="readingOrder {index:23;}">
                <Coords points="334,2965 499,2958 554,2997 604,2960 667,2996 1037,2965 1152,3006 1413,3008 1425,2870 1358,2920 1254,2899 1163,2940 969,2908 879,2935 793,2876 658,2930 557,2865 334,2885"/>
                <Baseline points="342,2952 395,2951 449,2951 503,2952 556,2954 610,2955 664,2955 717,2958 771,2959 825,2961 879,2963 932,2964 986,2964 1040,2966 1093,2966 1147,2964 1201,2964 1254,2962 1308,2960 1362,2955 1416,2951"/>
                <TextEquiv>
                    <Unicode>Versamlungen geschboren worden, in sich gehaben</Unicode>
                </TextEquiv>
            </TextLine>
            <TextLine id="r2l25" custom="readingOrder {index:24;}">
                <Coords points="341,3060 830,3103 935,3069 1087,3145 1377,3101 1394,3013 1231,3030 1113,2983 974,3048 882,2969 703,3020 605,2961 553,2997 343,2956"/>
                <Baseline points="348,3053 399,3055 451,3057 503,3060 555,3062 607,3063 659,3066 710,3067 762,3069 814,3069 866,3071 918,3072 970,3072 1022,3074 1073,3074 1125,3074 1177,3074 1229,3073 1281,3072 1333,3072 1385,3071"/>
                <TextEquiv>
                    <Unicode>und ob diester letstere Eyd nicht in Schrifft ver¬</Unicode>
                </TextEquiv>
            </TextLine>
            <TextLine id="r2l26" custom="readingOrder {index:25;}">
                <Coords points="298,3224 398,3231 432,3209 525,3236 603,3230 670,3173 784,3170 787,3091 770,3084 677,3098 590,3079 538,3094 464,3063 413,3083 305,3047"/>
                <Baseline points="308,3150 334,3152 360,3153 386,3155 412,3156 438,3158 464,3159 490,3159 516,3162 542,3162 568,3164 594,3164 620,3165 646,3166 672,3167 698,3167 724,3167 750,3167 777,3167"/>
                <TextEquiv>
                    <Unicode>faßet gebesen?</Unicode>
                </TextEquiv>
            </TextLine>
            <TextLine id="r2l27" custom="readingOrder {index:26;}">
                <Coords points="184,3417 335,3421 420,3369 800,3428 996,3391 1341,3426 1406,3406 1409,3308 1131,3247 972,3294 872,3252 761,3308 562,3306 364,3239 187,3272"/>
                <Baseline points="192,3369 252,3366 312,3365 373,3364 433,3365 494,3366 554,3368 614,3371 675,3375 735,3378 796,3382 856,3385 916,3387 977,3390 1037,3392 1098,3392 1158,3392 1218,3390 1279,3387 1339,3382 1400,3375"/>
                <TextEquiv>
                    <Unicode>R Ja, dieser letztere Erd seyn Schriftlich aufeg¬</Unicode>
                </TextEquiv>
            </TextLine>
            <TextLine id="r2l28" custom="readingOrder {index:27;}">
                <Coords points="1278,3538 1298,3532 1314,3538 1331,3521 1345,3522 1351,3512 1378,3511 1397,3482 1410,3480 1392,3417 1370,3419 1357,3413 1350,3423 1316,3429 1298,3454 1258,3468"/>
                <Baseline points="1278,3510 1308,3506 1339,3496 1370,3484 1401,3480"/>
                <TextEquiv>
                    <Unicode>sohl)</Unicode>
                </TextEquiv>
            </TextLine>
            <TextEquiv>
                <Unicode>78.
Lieutenant Queter
D. Obstie nicht im Sinn gehabt, bey der Excuction
deß Pröjectu den distedt abzuhohlen, damit
er ihnen behulftlich seye
E. E steye bahr, daß zruschen ihme Inquisit
und dem Gabriel Pueter öffern davon geredt
dem dstest aber nichts seye eröffnet worden.
E Worzu die geschwoenen einen jeglichen, der in
den Complot getretten, oder denen man von
solchem geaedt, Verbunden E
R. Segengen, so e selhs angeborten, habe er zu
Schuhung der Heeyheiten schwören gemacht,
und dann zu lißährtigem Geheimmuß, die so
zu dem ersten nicht Quediren wollen, denen
habe man nur das Geheimmuß auferlegt,
doch habe man Einem erst von den Sachen
geredt, nachdeme er vorher das Geheimmnß
geschworen:
99
das Obige seye zu Verstehen von denen Erden
s vor den Versamlungen geschworen worden,
Was nun diejenigen Eyden, so in denen¬
Versamlungen geschboren worden, in sich gehaben
und ob diester letstere Eyd nicht in Schrifft ver¬
faßet gebesen?
R Ja, dieser letztere Erd seyn Schriftlich aufeg¬
sohl)</Unicode>
            </TextEquiv>
        </TextRegion>
        <TextRegion orientation="0.0" id="r3" custom="readingOrder {index:2;}">
            <Coords points="1410,1780 1410,1930 1425,1930 1425,1780"/>
            <TextLine id="r3l1" custom="readingOrder {index:0;}">
                <Coords points="1403,1911 1411,1911 1417,1916 1420,1913 1423,1916 1432,1916 1432,1795 1421,1795 1414,1788 1403,1788"/>
                <Baseline points="1410,1880 1425,1880"/>
                <TextEquiv>
                    <Unicode></Unicode>
                </TextEquiv>
            </TextLine>
            <TextEquiv>
                <Unicode></Unicode>
            </TextEquiv>
        </TextRegion>
        <TextRegion orientation="0.0" id="r4" custom="readingOrder {index:3;}">
            <Coords points="1472,2636 1472,2792 1538,2792 1538,2636"/>
            <TextLine id="r4l1" custom="readingOrder {index:0;}">
                <Coords points="1459,2784 1476,2786 1491,2781 1501,2789 1517,2779 1530,2789 1541,2787 1555,2638 1541,2638 1528,2629 1500,2644 1474,2630"/>
                <Baseline points="1472,2736 1505,2738 1538,2742"/>
                <TextEquiv>
                    <Unicode>2</Unicode>
                </TextEquiv>
            </TextLine>
            <TextEquiv>
                <Unicode>2</Unicode>
            </TextEquiv>
        </TextRegion>
        <TextRegion orientation="0.0" id="r5" custom="readingOrder {index:4;}">
            <Coords points="1481,153 1481,3661 2754,3661 2754,153"/>
            <TextLine id="r5l1" custom="readingOrder {index:0;}">
                <Coords points="2620,250 2649,255 2673,243 2703,239 2725,255 2751,258 2764,140 2738,134 2728,125 2697,134 2678,126 2639,156 2630,156"/>
                <Baseline points="2633,204 2661,209 2690,210 2718,213 2747,219"/>
                <TextEquiv>
                    <Unicode>109.</Unicode>
                </TextEquiv>
            </TextLine>
            <TextLine id="r5l2" custom="readingOrder {index:1;}">
                <Coords points="1702,451 1883,406 1963,430 2074,383 2232,403 2303,363 2556,342 2540,226 2408,239 2361,212 2303,250 2166,260 2117,304 2020,297 1936,243 1870,292 1736,323 1683,305"/>
                <Baseline points="1706,426 1747,419 1789,411 1831,404 1873,397 1915,392 1957,385 1998,380 2040,373 2082,367 2124,363 2166,357 2208,352 2250,348 2291,343 2333,337 2375,331 2417,326 2459,321 2501,315 2543,309"/>
                <TextEquiv>
                    <Unicode>Lieutenant Pueter</Unicode>
                </TextEquiv>
            </TextLine>
            <TextLine id="r5l3" custom="readingOrder {index:2;}">
                <Coords points="2674,433 2684,433 2688,428 2691,428 2696,433 2719,431 2719,383 2711,383 2701,372 2685,368 2674,368"/>
                <Baseline points="2682,408 2712,408"/>
                <TextEquiv>
                    <Unicode></Unicode>
                </TextEquiv>
            </TextLine>
            <TextLine id="r5l4" custom="readingOrder {index:3;}">
                <Coords points="1541,669 1616,611 1854,560 2279,512 2404,538 2573,495 2659,465 2645,357 2436,378 2342,431 2028,426 1873,491 1826,467 1523,536"/>
                <Baseline points="1542,612 1597,598 1652,585 1708,573 1763,563 1818,554 1874,545 1929,537 1984,531 2040,524 2095,516 2150,510 2206,504 2261,500 2316,493 2372,486 2427,480 2482,473 2538,465 2593,457 2649,447"/>
                <TextEquiv>
                    <Unicode>geseht gebesten, Wie er solches in seinem 2</Unicode>
                </TextEquiv>
            </TextLine>
            <TextLine id="r5l5" custom="readingOrder {index:4;}">
                <Coords points="1598,762 1719,687 1903,705 1960,661 2382,633 2593,573 2586,512 2446,505 2373,549 2242,521 1953,592 1584,627"/>
                <Baseline points="1598,689 1647,679 1696,669 1746,661 1795,654 1844,648 1894,642 1943,637 1992,631 2042,626 2091,623 2140,618 2190,615 2239,610 2288,606 2338,600 2387,596 2436,590 2486,584 2535,577 2585,569"/>
                <TextEquiv>
                    <Unicode>Eeaden paeg. 67. auß gesagt.</Unicode>
                </TextEquiv>
            </TextLine>
            <TextLine id="r5l6" custom="readingOrder {index:5;} place {offset:19; length:12;}">
                <Coords points="1588,841 1924,833 1992,792 2069,828 2132,779 2293,801 2538,730 2724,757 2755,746 2741,595 2566,709 2199,733 1959,663 1579,748"/>
                <Baseline points="1595,831 1652,823 1709,815 1767,808 1824,801 1882,796 1939,791 1997,786 2054,781 2112,775 2169,771 2226,766 2284,762 2341,757 2399,753 2456,747 2514,741 2571,735 2629,729 2686,722 2744,714"/>
                <TextEquiv>
                    <Unicode>Obmit, und bas für Conespondenz er in und</Unicode>
                </TextEquiv>
            </TextLine>
            <TextLine id="r5l7" custom="readingOrder {index:6;}">
                <Coords points="1507,931 1526,929 1543,912 1567,922 1578,905 1601,902 1571,761 1526,758 1495,796 1479,796"/>
                <Baseline points="1499,854 1526,855 1553,847 1580,839"/>
                <TextEquiv>
                    <Unicode></Unicode>
                </TextEquiv>
            </TextLine>
            <TextLine id="r5l8" custom="readingOrder {index:7;}">
                <Coords points="1599,973 1701,925 2126,880 2256,904 2394,845 2708,869 2717,759 2622,780 2526,731 2328,800 2129,780 2072,823 1773,818 1590,873"/>
                <Baseline points="1602,930 1657,923 1713,915 1768,910 1824,903 1880,898 1935,893 1991,888 2046,884 2102,879 2158,875 2213,870 2269,865 2324,860 2380,856 2436,852 2491,846 2547,842 2602,837 2658,831 2714,824"/>
                <TextEquiv>
                    <Unicode>Außertlandt, mit Wen, und in Bas Absicht</Unicode>
                </TextEquiv>
            </TextLine>
            <TextLine id="r5l9" custom="readingOrder {index:8;}">
                <Coords points="1577,1076 1609,1081 1632,1055 1650,1061 1702,1031 1726,1039 1795,1005 1887,1012 1874,927 1849,916 1829,929 1796,918 1729,951 1673,953 1650,940 1605,977 1563,975"/>
                <Baseline points="1580,1043 1607,1034 1634,1027 1661,1021 1688,1017 1715,1013 1742,1010 1769,1007 1796,1004 1823,1001 1850,999 1877,995"/>
                <TextEquiv>
                    <Unicode>gehalten?</Unicode>
                </TextEquiv>
            </TextLine>
            <TextLine id="r5l10" custom="readingOrder {index:9;}">
                <Coords points="1500,1280 1684,1189 2659,1127 2746,1084 2740,1020 2514,976 2360,1002 2307,1054 2068,1071 1936,1034 1695,1114 1485,1123"/>
                <Baseline points="1503,1221 1564,1209 1626,1198 1688,1187 1750,1178 1811,1171 1873,1163 1935,1157 1997,1151 2058,1146 2120,1141 2182,1136 2244,1132 2305,1127 2367,1122 2429,1118 2491,1112 2552,1106 2614,1101 2676,1092 2738,1085"/>
                <TextEquiv>
                    <Unicode>V. Er habe mit Niemand frombden, oder Landsmann</Unicode>
                </TextEquiv>
            </TextLine>
            <TextLine id="r5l11" custom="readingOrder {index:10;}">
                <Coords points="1568,1324 1621,1300 1717,1344 1868,1262 2047,1301 2102,1259 2348,1291 2453,1238 2580,1260 2749,1222 2746,1159 2625,1192 2564,1156 2423,1208 2293,1147 2074,1185 1927,1158 1817,1239 1699,1187 1564,1251"/>
                <Baseline points="1574,1289 1632,1283 1690,1279 1749,1275 1807,1271 1865,1266 1924,1262 1982,1259 2040,1255 2099,1253 2157,1248 2215,1245 2274,1242 2332,1240 2390,1236 2449,1233 2507,1230 2565,1226 2624,1223 2682,1219 2741,1215"/>
                <TextEquiv>
                    <Unicode>hievon geredt, oder Correspondenc gehalten, Als</Unicode>
                </TextEquiv>
            </TextLine>
            <TextLine id="r5l12" custom="readingOrder {index:11;}">
                <Coords points="1584,1420 1690,1390 1873,1422 1950,1368 2231,1353 2326,1406 2468,1336 2705,1336 2700,1256 2624,1280 2467,1237 2349,1291 2241,1249 2019,1333 1828,1293 1750,1343 1663,1307 1578,1337"/>
                <Baseline points="1589,1392 1644,1387 1699,1383 1755,1379 1810,1374 1865,1371 1921,1367 1976,1365 2031,1361 2087,1358 2142,1355 2197,1352 2253,1349 2308,1346 2363,1343 2419,1338 2474,1334 2529,1329 2585,1324 2640,1319 2696,1313"/>
                <TextEquiv>
                    <Unicode>bas er in ansehen des Lambelet schon hievor</Unicode>
                </TextEquiv>
            </TextLine>
            <TextLine id="r5l13" custom="readingOrder {index:12;}">
                <Coords points="1577,1510 1600,1502 1624,1511 1660,1492 1705,1495 1765,1528 1815,1499 1806,1395 1785,1393 1756,1418 1746,1409 1706,1417 1649,1400 1611,1418 1570,1420"/>
                <Baseline points="1584,1488 1611,1484 1639,1482 1666,1478 1694,1477 1722,1474 1749,1472 1777,1470 1805,1469"/>
                <TextEquiv>
                    <Unicode>bekanmt.</Unicode>
                </TextEquiv>
            </TextLine>
            <TextLine id="r5l14" custom="readingOrder {index:13;}">
                <Coords points="1582,1659 2123,1624 2531,1649 2599,1597 2731,1592 2728,1484 2592,1551 2404,1505 2069,1565 1973,1515 1877,1570 1791,1530 1578,1548"/>
                <Baseline points="1589,1625 1645,1623 1702,1619 1759,1617 1815,1616 1872,1614 1929,1611 1985,1610 2042,1609 2099,1608 2156,1606 2212,1605 2269,1603 2326,1602 2382,1599 2439,1597 2496,1595 2552,1592 2609,1588 2666,1585 2723,1580"/>
                <TextEquiv>
                    <Unicode>Ob ihme dann auch nicht bekandt, daß jemand</Unicode>
                </TextEquiv>
            </TextLine>
            <TextLine id="r5l15" custom="readingOrder {index:14;}">
                <Coords points="1473,1697 1535,1671 1563,1676 1579,1668 1580,1508 1554,1517 1532,1510 1498,1536 1475,1538"/>
                <Baseline points="1481,1629 1511,1631 1541,1632 1571,1629"/>
                <TextEquiv>
                    <Unicode>H</Unicode>
                </TextEquiv>
            </TextLine>
            <TextLine id="r5l16" custom="readingOrder {index:15;}">
                <Coords points="1580,1749 1874,1723 2024,1763 2253,1730 2321,1773 2459,1763 2741,1701 2739,1634 2635,1670 2128,1627 2064,1665 1577,1664"/>
                <Baseline points="1587,1724 1644,1722 1701,1722 1758,1721 1816,1721 1873,1719 1930,1719 1987,1718 2045,1716 2102,1715 2159,1713 2216,1712 2274,1710 2331,1709 2388,1706 2445,1704 2503,1701 2560,1698 2617,1695 2674,1692 2732,1688"/>
                <TextEquiv>
                    <Unicode>anders von dieses Implots begen in oder</Unicode>
                </TextEquiv>
            </TextLine>
            <TextLine id="r5l17" custom="readingOrder {index:16;}">
                <Coords points="1575,1867 1708,1832 1804,1880 1902,1840 2075,1878 2530,1864 2683,1819 2682,1737 2576,1780 2492,1739 2298,1786 2181,1751 1956,1771 1875,1723 1648,1804 1573,1785"/>
                <Baseline points="1581,1830 1635,1827 1690,1826 1745,1824 1799,1823 1854,1823 1909,1823 1963,1821 2018,1821 2073,1821 2128,1821 2182,1820 2237,1820 2292,1819 2346,1818 2401,1816 2456,1814 2510,1812 2565,1809 2620,1806 2675,1802"/>
                <TextEquiv>
                    <Unicode>Außertkands Correspondenz gehalten?</Unicode>
                </TextEquiv>
            </TextLine>
            <TextLine id="r5l18" custom="readingOrder {index:17;}">
                <Coords points="1584,1982 1649,1984 1711,2028 1806,1991 2069,2020 2134,2008 2133,1930 2102,1910 2006,1907 1940,1934 1884,1907 1799,1909 1771,1887 1655,1910 1582,1883"/>
                <Baseline points="1592,1982 1618,1982 1645,1982 1672,1982 1698,1982 1725,1982 1752,1980 1778,1980 1805,1980 1832,1979 1859,1979 1885,1979 1912,1977 1939,1977 1965,1977 1992,1977 2019,1977 2045,1977 2072,1976 2099,1976 2126,1976"/>
                <TextEquiv>
                    <Unicode>Er buße Niemand:</Unicode>
                </TextEquiv>
            </TextLine>
            <TextLine id="r5l19" custom="readingOrder {index:18;}">
                <Coords points="1484,2057 1499,2061 1516,2052 1522,2061 1531,2055 1557,2058 1571,1923 1551,1919 1526,1896 1514,1905 1510,1899 1501,1900"/>
                <Baseline points="1499,1992 1527,1995 1556,1998"/>
                <TextEquiv>
                    <Unicode>2.</Unicode>
                </TextEquiv>
            </TextLine>
            <TextLine id="r5l20" custom="readingOrder {index:19;}">
                <Coords points="1617,2059 1629,2057 1630,2055 1643,2064 1650,2062 1641,2008 1630,2009 1625,2017 1622,2017 1621,2019 1617,2016 1610,2018"/>
                <Baseline points="1622,2048 1640,2045"/>
                <TextEquiv>
                    <Unicode>.</Unicode>
                </TextEquiv>
            </TextLine>
            <TextLine id="r5l21" custom="readingOrder {index:20;} place {offset:17; length:7;}">
                <Coords points="1590,2158 1779,2189 1858,2140 2443,2128 2562,2164 2750,2119 2750,2028 2202,2003 2037,2017 1910,2092 1810,2059 1751,2098 1698,2055 1590,2080"/>
                <Baseline points="1598,2129 1655,2129 1712,2129 1769,2127 1826,2127 1884,2127 1941,2127 1998,2127 2055,2127 2112,2127 2170,2127 2227,2127 2284,2127 2341,2126 2398,2126 2456,2124 2513,2123 2570,2121 2627,2120 2684,2117 2742,2115"/>
                <TextEquiv>
                    <Unicode>Obdie, so in das Complob getretten, nicht auch</Unicode>
                </TextEquiv>
            </TextLine>
            <TextLine id="r5l22" custom="readingOrder {index:21;}">
                <Coords points="1522,2175 1541,2167 1582,2169 1574,2056 1564,2057 1552,2052 1543,2059 1536,2054 1525,2061 1514,2059"/>
                <Baseline points="1527,2142 1572,2139"/>
                <TextEquiv>
                    <Unicode></Unicode>
                </TextEquiv>
            </TextLine>
            <TextLine id="r5l23" custom="readingOrder {index:22;}">
                <Coords points="1576,2252 1870,2227 1916,2265 2040,2223 2338,2272 2377,2240 2698,2237 2661,2168 2603,2204 2461,2164 2365,2209 2125,2140 1848,2142 1780,2189 1578,2154"/>
                <Baseline points="1584,2216 1639,2217 1694,2217 1749,2217 1805,2219 1860,2219 1915,2220 1971,2222 2026,2223 2081,2223 2137,2225 2192,2226 2247,2228 2302,2228 2358,2228 2413,2229 2468,2229 2524,2228 2579,2228 2634,2227 2690,2226"/>
                <TextEquiv>
                    <Unicode>geschworen, und sich verbunden; Obschon die</Unicode>
                </TextEquiv>
            </TextLine>
            <TextLine id="r5l24" custom="readingOrder {index:23;}">
                <Coords points="1576,2317 2749,2377 2752,2264 2631,2230 2264,2305 1872,2227 1693,2231 1625,2282 1578,2251"/>
                <Baseline points="1584,2304 1641,2307 1699,2310 1757,2313 1815,2315 1873,2317 1931,2318 1989,2319 2047,2321 2105,2322 2163,2324 2220,2325 2278,2326 2336,2328 2394,2329 2452,2331 2510,2333 2568,2336 2626,2337 2684,2341 2742,2345"/>
                <TextEquiv>
                    <Unicode>mnt, und andern von ihnen entdeket und ge¬</Unicode>
                </TextEquiv>
            </TextLine>
            <TextLine id="r5l25" custom="readingOrder {index:24;}">
                <Coords points="1561,2431 2224,2422 2377,2476 2433,2439 2527,2495 2633,2444 2749,2466 2750,2411 2502,2343 1564,2332"/>
                <Baseline points="1569,2399 1627,2403 1686,2406 1744,2410 1803,2412 1862,2415 1920,2418 1979,2420 2038,2423 2096,2424 2155,2426 2214,2427 2272,2430 2331,2430 2390,2432 2448,2433 2507,2435 2566,2435 2624,2436 2683,2436 2742,2436"/>
                <TextEquiv>
                    <Unicode>Jänglich gehalten würden, Sie diesen leydigen</Unicode>
                </TextEquiv>
            </TextLine>
            <TextLine id="r5l26" custom="readingOrder {index:25;}">
                <Coords points="1551,2530 2634,2578 2650,2438 2556,2492 2473,2461 2360,2514 2022,2425 1847,2456 1656,2407 1554,2451"/>
                <Baseline points="1560,2498 1616,2503 1673,2508 1730,2514 1787,2517 1843,2520 1900,2523 1957,2525 2014,2527 2071,2529 2127,2531 2184,2531 2241,2532 2298,2534 2355,2535 2411,2537 2468,2538 2525,2541 2582,2543 2639,2547"/>
                <TextEquiv>
                    <Unicode>Hlozeit, über Kurtz oder lang nichts desto</Unicode>
                </TextEquiv>
            </TextLine>
            <TextLine id="r5l27" custom="readingOrder {index:26;}">
                <Coords points="1573,2634 1721,2641 1858,2695 1956,2672 2383,2701 2390,2578 2353,2568 2074,2589 1913,2549 1827,2598 1579,2527"/>
                <Baseline points="1583,2598 1622,2602 1662,2606 1702,2610 1742,2613 1782,2617 1821,2619 1861,2622 1901,2625 1941,2626 1981,2628 2020,2630 2060,2632 2100,2633 2140,2635 2180,2636 2219,2637 2259,2639 2299,2640 2339,2641 2379,2642"/>
                <TextEquiv>
                    <Unicode>minder außführen vollind?</Unicode>
                </TextEquiv>
            </TextLine>
            <TextLine id="r5l28" custom="readingOrder {index:27;}">
                <Coords points="1567,2801 2076,2807 2176,2878 2391,2826 2470,2865 2686,2858 2692,2777 2522,2729 2341,2752 2153,2692 2064,2724 1990,2681 1576,2682"/>
                <Baseline points="1578,2754 1633,2759 1688,2765 1743,2770 1798,2774 1853,2779 1908,2783 1963,2788 2018,2793 2073,2796 2128,2801 2183,2806 2238,2810 2293,2814 2348,2819 2403,2822 2458,2826 2513,2830 2568,2834 2623,2838 2679,2843"/>
                <TextEquiv>
                    <Unicode>Er bezeuge vor Bottes angesucht, daß das</Unicode>
                </TextEquiv>
            </TextLine>
            <TextLine id="r5l29" custom="readingOrder {index:28;}">
                <Coords points="1576,2861 1935,2947 2032,2892 2273,2975 2348,2929 2462,2985 2584,2948 2729,2972 2735,2906 2640,2845 2145,2880 2015,2810 1926,2847 1835,2807 1581,2803"/>
                <Baseline points="1586,2838 1642,2847 1699,2854 1756,2862 1813,2868 1870,2876 1927,2881 1984,2887 2041,2892 2098,2898 2155,2903 2211,2908 2268,2913 2325,2918 2382,2922 2439,2926 2496,2930 2553,2934 2610,2939 2667,2943 2724,2948"/>
                <TextEquiv>
                    <Unicode>nicht im Eyd gebesten, noch abgeredt borden;</Unicode>
                </TextEquiv>
            </TextLine>
            <TextLine id="r5l30" custom="readingOrder {index:29;}">
                <Coords points="1557,3007 1760,2971 1917,3055 2234,3043 2524,3101 2654,3055 2758,3086 2764,3026 2596,2947 2462,3005 2350,2929 2214,2981 2040,2893 1942,2954 1786,2905 1712,2925 1572,2855"/>
                <Baseline points="1571,2937 1630,2944 1689,2952 1748,2960 1807,2967 1866,2974 1925,2982 1985,2989 2044,2996 2103,3002 2162,3008 2221,3014 2280,3020 2339,3024 2399,3029 2458,3034 2517,3038 2576,3042 2635,3046 2694,3050 2754,3053"/>
                <TextEquiv>
                    <Unicode>Wohl gestehe er, Es seye geredt worden; Wann</Unicode>
                </TextEquiv>
            </TextLine>
            <TextLine id="r5l31" custom="readingOrder {index:30;}">
                <Coords points="1544,3108 2075,3143 2127,3183 2193,3144 2305,3203 2357,3177 2561,3219 2733,3178 2738,3128 2444,3065 2028,3032 1908,3067 1853,3027 1800,3055 1737,2993 1673,3033 1555,3006"/>
                <Baseline points="1559,3045 1617,3054 1675,3062 1734,3070 1792,3077 1851,3085 1909,3091 1967,3098 2026,3105 2084,3110 2143,3117 2201,3122 2259,3128 2318,3133 2376,3138 2435,3145 2493,3150 2551,3155 2610,3160 2668,3164 2727,3170"/>
                <TextEquiv>
                    <Unicode>Einer von ihnen Arrestirt und Gefangen ge¬</Unicode>
                </TextEquiv>
            </TextLine>
            <TextLine id="r5l32" custom="readingOrder {index:31;}">
                <Coords points="1569,3164 1870,3196 1974,3274 2092,3260 2140,3292 2294,3263 2331,3294 2408,3273 2564,3308 2573,3239 2494,3193 2305,3203 2189,3146 2129,3190 2067,3143 1574,3118"/>
                <Baseline points="1578,3144 1627,3152 1676,3159 1725,3166 1774,3173 1823,3179 1872,3186 1922,3192 1971,3198 2020,3204 2069,3210 2118,3215 2167,3221 2216,3226 2266,3233 2315,3238 2364,3243 2413,3248 2462,3255 2511,3260 2561,3266"/>
                <TextEquiv>
                    <Unicode>nomen werden solte, Man denstelben</Unicode>
                </TextEquiv>
            </TextLine>
            <TextLine id="r5l33" custom="readingOrder {index:32;}">
                <Coords points="1550,3252 1598,3270 1629,3260 1671,3293 1766,3292 1789,3316 1824,3302 1857,3334 1895,3320 1939,3327 1947,3273 1902,3253 1854,3194 1775,3197 1762,3182 1717,3190 1687,3172 1564,3162"/>
                <Baseline points="1560,3239 1585,3241 1610,3245 1635,3249 1660,3252 1685,3256 1710,3260 1735,3264 1761,3268 1786,3271 1811,3275 1836,3278 1861,3282 1886,3285 1911,3289 1937,3291"/>
                <TextEquiv>
                    <Unicode>Retten Bolle.</Unicode>
                </TextEquiv>
            </TextLine>
            <TextLine id="r5l34" custom="readingOrder {index:33;}">
                <Coords points="1519,3406 1575,3458 2043,3468 2239,3551 2506,3518 2665,3558 2674,3483 2561,3425 2403,3449 2355,3403 1896,3367 1821,3302 1535,3278"/>
                <Baseline points="1530,3384 1586,3395 1643,3404 1699,3411 1756,3420 1812,3427 1869,3435 1925,3442 1982,3449 2038,3456 2095,3462 2152,3469 2208,3475 2265,3481 2321,3488 2378,3494 2434,3501 2491,3507 2547,3514 2604,3521 2661,3528"/>
                <TextEquiv>
                    <Unicode>Auf dißhin, und da der Inquisit bey¬</Unicode>
                </TextEquiv>
            </TextLine>
            <TextLine id="r5l35" custom="readingOrder {index:34;}">
                <Coords points="2524,3636 2545,3634 2599,3658 2641,3691 2693,3673 2731,3683 2743,3604 2707,3592 2689,3599 2666,3568 2644,3557 2609,3580 2579,3551 2536,3558"/>
                <Baseline points="2535,3611 2562,3612 2590,3615 2618,3619 2646,3625 2674,3629 2702,3634 2730,3638"/>
                <TextEquiv>
                    <Unicode>diesen p.</Unicode>
                </TextEquiv>
            </TextLine>
            <TextEquiv>
                <Unicode>109.
Lieutenant Pueter

geseht gebesten, Wie er solches in seinem 2
Eeaden paeg. 67. auß gesagt.
Obmit, und bas für Conespondenz er in und

Außertlandt, mit Wen, und in Bas Absicht
gehalten?
V. Er habe mit Niemand frombden, oder Landsmann
hievon geredt, oder Correspondenc gehalten, Als
bas er in ansehen des Lambelet schon hievor
bekanmt.
Ob ihme dann auch nicht bekandt, daß jemand
H
anders von dieses Implots begen in oder
Außertkands Correspondenz gehalten?
Er buße Niemand:
2.
.
Obdie, so in das Complob getretten, nicht auch

geschworen, und sich verbunden; Obschon die
mnt, und andern von ihnen entdeket und ge¬
Jänglich gehalten würden, Sie diesen leydigen
Hlozeit, über Kurtz oder lang nichts desto
minder außführen vollind?
Er bezeuge vor Bottes angesucht, daß das
nicht im Eyd gebesten, noch abgeredt borden;
Wohl gestehe er, Es seye geredt worden; Wann
Einer von ihnen Arrestirt und Gefangen ge¬
nomen werden solte, Man denstelben
Retten Bolle.
Auf dißhin, und da der Inquisit bey¬
diesen p.</Unicode>
            </TextEquiv>
        </TextRegion>
    </Page>
</PcGts>
