3024 4032
407 481 520 570 470.
704 498 1390 757 Rudo Pie
347 667 570 794 Confiont
604 648 1526 883 dirauf zukommen, und er glaube, erbu
432 768 520 828 me
378 800 571 868 Einteihen
613 764 1497 972 hmg dießes nicht in Sinn gekommen siyn
370 844 524 940 Auh.
600 879 1497 1061 von der Wermer diese Wort nicht zu¬
609 962 1481 1147 ihme geredet. Auch eben auf dießer
583 1044 1491 1230 habe er dem Wermer geantbortet, er¬
594 1151 1503 1331 bende am Tanztag den Kupffer umn ulen
593 1263 1507 1413 bach auf der Schutzen Matt sehen, Aller
593 1356 1381 1480 endenn mit ihme recen könne.
575 1445 1497 1612 der Wermer hingegen Beharrete daß
588 1561 1494 1662 nohrts gäntzlich auf der Negatio, und
593 1642 1493 1776 betheirete, daß er dem H  Subger¬
602 1743 1488 1896 nicht gesagt, Er solle auf seine Stukin¬
594 1851 783 1952 komen.
1324 1929 1371 1995 4
354 1936 597 2056 Confiont.
673 1942 1503 2070 Dannoch burde auch Meister 3rihigden
412 2033 512 2115 mit
645 2033 1487 2145 Haffner bescheiden, welchem seine le
331 2097 655 2232 Haßtenn frutig
664 2101 1488 2244 25t July von sich gestellte Sepositun
576 2193 1482 2361 gleichfalle abgelesten wurde, so er nochmh¬
585 2281 1484 2445 rlen bestätigte, auß genommen, Ratu
573 2402 1484 2532 daß ihme Mermier gesagt, Man bee
568 2463 1477 2610 Mediatorin erwoehlen, welche die Buren
570 2553 1478 2738 glichen Sachen schlichten, habe ergeglaut
572 2629 1476 2816 solches über den Leuber und nicht überden
563 2746 1481 2918 Mernier deponirt zu haben, Allegebl
565 2845 1475 3032 aber biede er dene Vermer unter licht
551 3000 811 3113 erhalten.
552 2978 1466 3209 Wor auf Sie beyde Beutig und eree
555 3060 1461 3346 ae tisend
543 3298 982 3439 frontirt worden.
545 3261 1462 3516 Dr . Früulig Socterit. der Mn
1357 3445 1441 3528 90.
538 3394 1447 3602 Augen, daß er Mermier ihme prosse
2575 629 2666 710 471.
1787 589 2433 778 Rudolf Manier.
1664 736 2638 937 ihen zum Kupster in Sulgenbach zu führen,
1670 861 2634 983 dann ohne welches er von dem Kupfter nur
1677 931 2602 1053 nichts gelaußt oder vernommen hätte.
1661 1030 2603 1163 dießer laugnete der Mermer vollkomen,
1661 1117 2604 1268 und bezeugete, daß er dem Beutig mit¬
1666 1205 2587 1355 keinem Mert proponiit, ihne zum Kupster
1661 1315 2612 1437 in Solgenbach zu führen, das aber könne
1661 1397 2578 1543 vielleicht seyn, daß er dem Mstr. drutig ge¬
1643 1496 2572 1624 sagt, der Kupser im Sulgenbar konte hren
1656 1595 2304 1711 ein Mehrers hierüber sagen.
1644 1675 2567 1821 Vorauf 11str. Frutig erbiederet: Einmoh.
1659 1775 2570 1896 vom Küpfter habe der Wernier ihm gere¬¬
1642 1865 2583 1992 rdet, könne sich aber an dir eigentlichen
1649 1958 2562 2088 Worte ohnmöglich erinneren, so daß er
1649 2042 2566 2163 nicht praecise sagen könne, ob der Mermer
1639 2134 2492 2263 ihne zum Küpster zu führen, oder nur
1643 2231 2541 2353 dorthin zu gehen, ihme proponirt habe.
1641 2320 2580 2423 Aleß gleichen erhielte Meister hrutig dem
1626 2402 2598 2531 Wermer, daß er ihme gesagt, die Execution
1632 2488 2589 2619 der Sach Berde ohne Blut vergießen vor
1621 2571 1850 2697 sichgehen.
1643 2655 2549 2790 Über welches der Mermer geantbortet:
1631 2755 2574 2872 Er habe von Blut vergießen nichts anders
1638 2845 2524 2963 geredet, als dergleichen Sachen komnund
1629 2934 2583 3061 ohne Blutvergießen nicht geschehen, und
1637 3022 2586 3158 derolegen habe er ein Mißfallen darüber¬
1647 3205 2581 3340 aler Meister Hrutig aber wolte nicht ein¬
1626 3307 2523 3428 "gestehen, daß der Mermer auf obige¬
2334 3409 2520 3524 Mlei
