3024 4032
382 339 533 436 230.
866 347 1259 470 2u Exaner
687 408 1398 619 Rusolß Reinsard.
566 574 1542 789 Sein Schlager seye darauf alsobald wieder
551 705 1527 874 zu dem Stettler gegangen, habe ihnein
574 779 1538 964 Wein hauß geführt, und ihme seine ohn¬
569 896 1538 1061 Vorsichtigkeit, einen solchen briefzuschreite
574 988 1530 1165 Verwißen, da dann er Inquisit und
559 1099 1548 1256 Vermer, ihne den Stettter gesucht wieder
558 1209 1524 1369 zu engagieren, welches er aber Außge¬
573 1298 1539 1472 schlagen; Wahe seye es, daß am Aben
570 1397 1542 1575 Juvor Wermer dem Stettler Verdentet
581 1496 1534 1656 daß, wann jemand etwas Verrahten
581 1612 1501 1740 werde, so werde man ihme einen Schuz
575 1683 1485 1858 geben, welches auch er der Inquisit
586 1786 1496 1933 ihme Auch schon beym Zietzen, Graben
590 1893 855 2001 eröffnet.
565 1978 1522 2148 Er habe auch an eben diesem Zinstag mit
566 2083 1513 2249 dem Studioso Maußlin geredt, deme er
568 2196 1532 2332 auch das Vorhaben gleichfahls entlebet,
565 2274 1536 2431 und ihne angeborben, auch zum Brund
550 2383 1531 2535 geben, sein Bruder der Rohtgießer seye
539 2472 1513 2655 Auch in dem Complot; Nach dem Nachteßen
538 2576 1539 2739 stene der Maußlin Auf sein des Deponentz
541 2664 1521 2859 invitation zu seinem Schlager Vermier
527 2775 1533 2952 komen, daer dann den Eyd gleich dem
519 2856 1553 3046 Stettbe beschlohren, hernach steyeer Man
535 2975 1539 3164 nochmahls zu dem Weriner gegangen¬
522 3060 1474 3286 und habe auch den anderen Eydt b¬
497 3192 1524 3397 haubtmann händti Aufgesetzt, geschworen
386 3367 1289 3551 Rp. Wie dieser Eydt gelantet.
1593 707 1667 856 9.
2663 380 2734 430 a
1928 392 2178 512 9t6 Ex.
2600 412 2723 525 231.
1778 470 2492 678 Ruholf Reinhardt.
1695 614 2742 800 Weilen sie sahen, daß ihnen ihre Freyheiten
1699 735 2725 906 nach und nach benommen berden, so haben sie
1695 832 2725 1012 sich entschloßen, dieselben mit gebaßneter ham¬
1691 938 2690 1124 zuschuhen, und wieder zu recuperiren; Es
1707 1025 2730 1211 seye in diesem Eydt Auch vom Stillschbeigen
1711 1133 2739 1285 enthalten gewesen, und habe seines erachtenn
1696 1224 2717 1389 der Eydt zbey Sachen in sich gehalten, Nam¬
1707 1326 2719 1492 lichen: den Teystans, und das Stillschbeige
1708 1400 2677 1586 diesen Eydt habe man in denen Verstam¬
1706 1505 2675 1666 lungen, mit aufgehabenen händen, doch¬
1695 1628 2407 1763 Ihne nachsprechen, geschwohren.
1706 1637 2701 1847 Morndrigen Tages Alß am Mikzochen, seye
1720 1803 2706 1967 er zu gedeutem Sudioso Maußlin gegan¬
1712 1898 2674 2057 gen, und habe ihme gesagt, wan er sich
1720 1988 2689 2125 etban anders bedenkt, so solle er solches
1715 2088 2626 2220 dem Mermer Mundlich, Aber nicht
1686 2194 2155 2330 schriftlich anzeigen.
1704 2246 2725 2423 Bleichen Tages, Am Abend und 4. Uhr. habe
1721 2350 2739 2514 ee in H. Von Erlachs Marzihli den Studios.
1711 2461 2664 2596 Walther und villmann Angetraffen.
1725 2551 2725 2707 denen er die Sache auch eröffnet, habind
1723 2647 2735 2798 Ihmesogleich das Stillschbeigen Versprochen
1733 2749 2689 2888 sich aber in die Sachnicht beiters ein¬
1710 2848 2730 2988 laßen wollen, Äußert daß sie gesagt:
1714 2940 2733 3089 Hann sie Angegriffen werden, wollen sie
1711 3044 2770 3193 sich wahren, habend auch zu Weemer gehen
1723 3149 2674 3308 sollen, sie seyen Aber nicht gegangen.
1712 3252 2731 3443 Noch gleichen Nachmittagd, ohngefahrd
