3024 4032
390 1703 505 1888 2
354 466 498 602 196.
396 760 499 883 2.
674 418 1117 518 zleytes Examen
497 491 1440 668 Mit Johan Rusolf Ruppen
501 593 987 742 von Vohrlausfen s.
503 725 1453 886 Mann könne sich an seinem vorigen Era¬
509 837 1446 969 mine noch nicht erstättigen; derohalben
507 932 1447 1066 seye er ermahnt, sein Gewußen völlig
515 1026 1423 1153 zu entladen, und in Göttes Nahmen
513 1117 1363 1251 Alles zu erzehlen und zu beteuen
534 1218 1472 1365 was ihme dieser Sachen halber in louz¬
518 1314 1459 1480 Insonderheit aber, was in der bey sei¬
536 1409 1442 1543 nem Beuce gehaltenen Verstamlung
530 1505 1377 1662 vorgegangen, Alß vorüber er sich
529 1605 1455 1745 vorigen mahls nicht klar erlautheret.
531 1722 1408 1890 Er volle ganz Aufrichtig über alles, so
546 1815 1448 1965 weith es ihme bekant, die pure Wahe¬
523 1899 1463 2040 heit weden, Wie er von seinem Bruder¬
514 2009 1445 2163 (o welcher der erste gewesen, so ihme von
518 2099 1435 2230 diesen Sachen geredet) in die bey
514 2189 1466 2344 ihme gehaltene Versamlung eingeladen
519 2299 1455 2418 worden, das habe er bereits in seinem
509 2379 1463 2544 ersten Cocamine gestagt: Alß er un
508 2457 1439 2618 bebußten Abends in Obige Verstamlung
505 2560 1441 2724 gekommen, habe in derselben der Haubte
494 2664 1459 2814 haudzi eine Schrifft Abgeleßen, an deren
492 2748 1452 2924 Iuhalt er sich gar nicht reinere: Roch
489 2876 1441 3015 Warts habe er auch noch aus dem soge¬
490 2965 1438 3124 nanten Schirin Brief abgelesen, War
501 3048 1423 3209 nämlich vor Altem die Bueger für
464 3134 1449 3333 Freyheiten gehabti hierauf habe der
478 3242 1475 3423 haubtman händt einen Eydt abgebsn
2545 216 2678 336 191.
1804 303 2052 417 1. I8 C X
1638 332 2364 606 z. pi d. Kster
1561 462 2663 753 wolchen alle anwestende geschwohren; dieser
1567 574 2653 861 todt habe die Verschwiegenheit in sich gehalten
1569 693 2634 953 vnd daß man sich an dem, so etwas vom
1563 797 2665 1032 diesen Sachen entdaben wurde, rächen solle,
1567 895 2663 1165 Nachdiesem seyen von den eint und Anckrn
1583 1011 2641 1215 unterschiedliche Reden gefallen, Unter¬
1584 1099 2635 1323 andterem habe der Kentl. Pueter gestagt:
1562 1203 2639 1437 wan man fünffzig Man hätte so könte
1586 1323 2644 1524 nan stchon die Thor bestezen, auch seyen
1573 1416 2656 1609 Pistolets hervorgezogen worden, und die
1582 1536 2661 1704 mit und Andern haben sich verlautet, sie
1571 1639 2646 1815 seyen Auch mit Potoln versehen. Von
1582 1745 2671 1918 renen Gotts vergeßenen Reden, so in der
1572 1851 2662 2008 gleichen Versamtung auch geredet worden,
1581 1951 2664 2093 und über welche der Inat ernsthaft zu
1587 2051 2674 2214 Ved gestoßen wurde, betheurete er, daß
1582 2144 2619 2298 er davon Gantz und gar nichts gehöret.
1516 2265 1575 2421 G.
1595 2251 2611 2430 Ob er nicht mit dem Haubtman Kupfer
1588 2381 2347 2513 dieser Sachen halber geredet?
1509 2428 2616 2612 R. der Haubtmann händzi habe in Obiger
1582 2566 2679 2729 Versamlung die Angelorbene Aufgescheiben
1589 2653 2668 2819 und bey deren Ablesung habe er auch den
1575 2749 2530 2916 Haubtmann Küpfer Ablesten gehöret:
1577 2856 2615 3010 daruf, als er zbey Tage hernach in die
1588 2959 2658 3124 Statt gekommen, habe er im Vorbeygang¬
1594 3047 2707 3228 den Haubtmann Küpfer angeredet, und ihme
1598 3156 2716 3318 gesagt, er habe auch an einem Ohet von ihme
1601 3278 2723 3441 reden gehöret, Allo Man den Endt geschworen
2443 3419 2707 3568 darauf,
