3024 4032
196 321 256 442 1
335 272 445 389 7.
564 257 1436 493 Lieutenant Queter
447 427 1484 651 Er aufgetragen, er solle machen, daß¬
478 572 1466 728 mit haubtman Marchthaler redens kömm¬
476 673 1205 821 welches aber nicht geschehen.
473 808 1491 1015 Shleilte in übrigen bey seiner vorwigen
475 949 817 1073 Declaration.
461 1041 1493 1234 Regirte gäntzlich, daß er dem Marchan
450 1196 1462 1340 Weriner von 400. Bauren geredt, seye
465 1282 1043 1440 absolute nicht bahr.
327 1432 1488 1636 EEr Inquisit und antere haben offt von dem
439 1583 1482 1738 Schiem drieff genedt, Wer ihme denstelben
445 1695 1242 1837 gebiesten und gegeben habe?
302 1869 412 2035 R
438 1889 1472 2037 Er habe den Schiembrief bey dem Chorbeiben
426 1995 1478 2135 Scheurer gestehen, welcher ihme denselben
422 2090 1453 2230 Entlehnet, und er Inquisit habe selbigen
423 2192 1471 2346 Nachbährts dem Gabeiel Hueter gegeben
428 2286 1490 2435 der haubtman Handti aber habe ihme ge¬
412 2382 1483 2529 sagt, er lige mehr als in 100. Bürgern
397 2501 1478 2651 händen, sie seyen aber nicht alle durch
400 2581 902 2723 aus gleichlautend
254 2769 400 2945 z
398 2762 1469 2931 von bem die Remarques steyen, so sich in
400 2885 1465 3037 dem hinter ihme gefundenen Memorial
378 2992 737 3128 befinden
251 3189 1430 3352 R. diese Remargices stegen von seiner
359 3318 1249 3497 Composition und erfindung
2615 294 2739 431 72.
1827 291 2613 507 Lieutenant Bueter.
1551 457 2697 691 6 Was ihme von damiel hueter dem Mar¬
1641 617 2290 757 Mhand bekandt seye?
1630 814 2718 964 Er Bezeuge vor Bott, daß der Gabeil
1526 827 1626 1009 2.
1645 916 2698 1060 Gueter ihme offt gesagt, sein Bruder der
1627 1031 2703 1186 Damiel seÿe ein Poechtstammer Mann, mit
1630 1127 2629 1264 deme Gar nichts außzurichten, heut
1621 1232 2688 1375 wolle er eins, Morgen ein anders, und
1630 1323 2616 1468 er Inquisit köne versicheren, daß er
1625 1431 2638 1554 Damiel Gueter nicht die Minste und
1627 1532 2674 1669 Geringste demarcke gethan, bohl aber
1633 1631 2667 1765 werde derselbe die Sachen alle gelaufft
1613 1737 1834 1861 haben.
1661 1894 2509 2072 Cutum den 9ten Juliÿ 1749.
