3024 4032
348 227 475 322 336.
400 2164 510 2322 G.
426 2519 514 2648 2.
429 2829 498 2964 9
420 3110 515 3246 d
664 252 1409 480 Eeulenans Wegermann
533 370 1440 601 ihne der Mermegr eingeladen nih en
526 476 1422 679 zu Nacht zu sprißen, er bolle ihne dan
541 593 1432 803 nach dem NachtEßen zu dem Licutenan
523 679 1434 882 hunterführen, belches er aber beyder
545 785 1454 988 außgeschlagen, mit Verdeuten, Er kenn¬
541 895 1449 1087 den Licutenant Bueter nicht; der Ver¬
537 994 1442 1173 imner habe ihme darauf versetzt: Erselle¬
524 1089 1455 1279 Morndrigen Sags um Ein Uhr zu Iheen¬
532 1205 1436 1342 kommen, so bolle er krachten ihme die
524 1293 1451 1460 Schrifft zeigen zu können, Morndrigen
541 1402 1443 1543 Togs seyn er um gesetzte Stund zu deß¬
540 1494 1438 1625 Merniers Hauß gegangen, habe noch¬
545 1584 1445 1721 ihme gefragt, aber zur Antbort bekornen
539 1692 1448 1837 eo seyn nicht zu Hauß, sonder seye zum
539 1780 1435 1922 Schor hinauß gehn backen gegangen;
535 1872 1444 2000 Bald darauf habe er Vernommen, daß
541 1959 1272 2103 der Merier arristicit seÿn.
545 2133 1438 2262 Ob er nicht gesehen oder gehört, daß der¬
523 2236 1418 2368 Wermer dem Hauftman Küpster ein¬
523 2335 1356 2498 Eydt, oder Gelubdt abgenommen.
538 2526 1430 2646 Nei, das habe er weder gesehen noch ge
520 2617 711 2753 höret.
541 2781 1398 2942 Ob der Mernier Ihme Depionent ber¬
493 2893 1312 3045 Gelübes oder Eyde angemuthet?
534 3074 1371 3216 Nein? Nur allein habeer ihm u
1237 3158 1410 3329 1
2552 277 2660 385 397
1670 306 2414 478 Lieutenanit Weyermann.
1622 428 2547 557 Statt aufgehen, als er mit ihme begen¬
1616 530 2629 662 dir Schriffs Expostulirt, gebätten, Niemanden
1619 630 2597 758 ten diester Sach zu sagen Übrigens und¬
1625 731 2584 867 Beiters seyn ihme von diesen Sachen ger¬
1627 828 2014 954 nichts bekannt.
1688 927 2402 1073 vorgelehre und bestätiget
1614 1091 2494 1283 Actum d. 22ten July 1789.
