3024 4032
297 289 425 412 96
515 290 1238 532 Haubtman Haud
418 446 974 648 Wirmier Marihand.
418 608 753 739 Er Inquisit.
351 679 1288 848 Gueter, damiel der Holdschend¬
413 809 1401 928 Möß, Rndolst an der Hormans Gaß
394 907 1413 1053 Händl Lieute sein Inquisitem Bruder.
412 1013 1170 1139 Hagn der Goldschuid, und
410 1112 974 1237 Roder, der Küefter
289 1209 1445 1429 E. Wnd in dlicster Versamlung behandtet borden
411 1399 1419 1566 Er steyen etliche Plätter von einem Project
285 1432 385 1536 R.
400 1502 1430 1659 betreffend die Bürgerliche Hreyheiten, abgele¬
400 1610 1425 1767 sen worden, so dene seye ein Laisonement
403 1704 1422 1856 gelesten, denenselbigen zu remediren; und
389 1797 1412 1978 Zwahe habe man davon gesagt, daß man
390 1905 1397 2062 glaubte, ban, bie zu Zurich man nach
382 1994 1419 2173 denen Zunffen zu Bürgern machen wurde,
361 2087 1379 2272 solches der Bürgerschafft sehr Vortheilhaft
376 2200 583 2306 Bäre.
267 2279 1413 2496 De Ob sin damahlen in Bemelter Versamlung
379 2456 1402 2610 nicht mit auffgehabenen handen und Aurih¬
338 2553 1403 2706 fung des heil. Nahmen Rottes sich zusammen
327 2653 1361 2788 Verschworen, Einander Treub und Ver¬
327 2764 994 2910 schwigenheit zu halten
998 2777 1049 2900 2
187 2887 1379 3071 R Ja, dieser Actus steye ohngefährd in
339 3006 1370 3175 Mitten der Versamlung vorgegangen
183 3165 1372 3388 Z. Vesage, in dieser Versammlung steyeston
290 3298 1327 3483 Bürgerlichen Freyheiten geredet,
1154 3456 1311 3561 ie
1477 1812 1507 1951 i
1455 1149 1557 1330 Z
1472 2319 1596 2431 16
2647 185 2751 317 97
1668 278 2460 554 Hauttman Hand
1579 457 2744 656 Wie auch von schrifftlichen Projecten, so verle¬
1577 568 2752 764 sen boeden, durch welche eine andere Einrich¬
1584 683 2723 874 tung, betreffend die Burger Besatzung steye
1568 772 2720 971 projectirt worden so wer solche Projecten
1570 931 2274 1082 producirt und abgelessen.
1595 1094 2744 1276 Dieser Projesten seyen drey bey der Stell ge¬
1597 1200 2747 1357 besten, deren den einten er Inquisit selbsten
1588 1318 2772 1466 außgeseht, ein andern habe der Lieutl Bueter¬
1577 1434 2726 1566 gemacht, und den dritten habe der Rudolff
1568 1527 2728 1645 Wysentborsten, damahlen aber seyn nur
1575 1647 2763 1765 sem Inquisiten project abgelesen, die andern
1567 1715 2683 1853 Bbey aber steyen erst Nachbährts abgelesten
1578 1834 2680 1964 borden; Ein jeglichen habe dadurch seine
1588 1928 2761 2087 gedanken Comumiirt: Über sein Inquisiten
1570 2045 2699 2146 project seye damahlen laisonirt worden.
1570 2129 2702 2286 biß an den Morgen, Allwann man bider
1588 2226 2236 2373 von einander gegangen¬
1612 2319 2726 2483 Imn 12. Julÿ als gegenbärtiges Exumen
1577 2400 2706 2593 dem Inquisit handzi vorgelesten worden,
1554 2517 2754 2718 hat er Nächst obstehende Antbort also abge¬
1568 2616 2752 2814 Anderet: In dieser Versammlung seyen 2.
1556 2742 2725 2892 Memorial zum Vorschein bomen, deren
1570 2817 2768 3050 das einte der Lientl. Gueter, und das andere
1563 2921 2750 3120 er aufgesezt, deß Lieutl. Hueters seye aber
1557 3006 2752 3253 damahlen nicht abgelesten, Aus dem seinigen
1545 3105 2756 3354 hingegen stege etwas, betreffend die Alten Con¬
1545 3232 2760 3501 stitutionen und die saon Zeit zu Zeit beschehe¬
1572 3339 2707 3550 nen Abänderungen, Abgelesen worden;
2473 3540 2757 3689 ansehende
