3024 4032
459 295 590 422 257.
466 504 563 649 2.
650 410 1304 620 Leutenant Handtzi
626 518 1510 765 Darüber mache er sich Mühr zu antborten,
607 636 1425 833 begen dem starcken Eydt, so er gethan.
586 796 1528 1038 Auf nochmahlige bräffige Errinnerung, nicht¬
591 922 1511 1117 in seiner Koßheit und Versterkung zu beharren
597 1043 1520 1212 inmaß an ihme schon verdenctet borden, hin¬
588 1113 1503 1301 daß er diesen Eyd unrechtmäßiger und
591 1234 1504 1408 Goctlofer Weise gethan; bie dan Mohghe
592 1347 1498 1501 schon denselbigen von hohen Oberbeits begen
595 1446 1489 1592 aufgehoben, solle also Godt die Ehen geben,
592 1531 1494 1694 und die Warheit sagen. Wurde dernach¬
354 1703 564 1822 tfragt.
594 1692 1244 1849 Wad dieser Erd in sich halte?
346 1898 523 2019 Anfli.
572 1889 1454 2038 Dieser Erd seye gelesen, Man solle von
538 2006 1451 2140 Versamblungen oder dergleichen Sachen nichts
545 2094 1124 2252 entdecten und verrahten.
548 2267 1381 2437 Wo er diesen Eyd geschlochen habe?
398 2265 498 2426 9.
520 2466 1459 2619 Bey dem Küpfer im Sulgenbach; der Mar¬
375 2474 492 2624 E
509 2591 1440 2702 Ghand Wermer habe ihn hohlen laßen, mit
500 2673 1447 2833 ihme zu dem Küpfter in die Versamblung zu¬
491 2791 1444 2929 gehen, Allbo Nachts gegen 1. Uhr alle die,
471 2863 1454 3027 so schon in der vorigen Inquisiten Vergichten¬
480 2958 1429 3127 vernambset sind, sich eingefunden und tes¬
456 3105 933 3258 samelt gebesen?
302 3250 1073 3472 I Mar den Eyd abgelesen?
1525 3077 1577 3211 2
1515 2890 1591 3023 7
1537 2584 1582 2691 G
2648 256 2761 342 258.
1682 347 2379 645 Fart srndig.
1707 527 2740 714 Der Sändt habe denselben dahin abgelesen, daß
1589 642 1681 785 9.
1687 630 2733 834 von den Versammblungen nicht solle geredt berden.
1597 848 2611 1051 I. Ob der Eyd nichts beiters in sich gehalten?
1572 996 2672 1230 Gh. Sich zurächen mit dem Slut, an dem, so etbar¬
1652 1152 2041 1304 terrahten werde.
1563 1357 2503 1527 . Obvon nichts anderes geredt worden?
1561 1537 2687 1694 2. Sein Zruder habe ein Raisonnement schrifflich
1646 1653 2406 1786 gehabt, so er nicht gantz abgelesen.
1643 1817 2533 1979 Ob nichts anders seyn verhandelt worden?
1551 1852 1640 1973 J.
1550 2005 1608 2155 8.
1649 2014 2625 2174 Man habe auch von einer Versamblung geredt,
1629 2120 2371 2268 so noch habe sollen geholten wercken.
1630 2328 2617 2471 Ob nichts beiters seÿn gereit worden, als¬
1621 2400 2306 2562 von Projecten und dergleichen.
1630 2565 2655 2759 von Projecten seÿn nichts gerect worden, noch¬
1610 2708 2580 2846 was er eihalten solle, beilen deßenthalber
1607 2778 2472 2952 nichtsschrifftliches verhanden gewesen.
1592 2912 2670 3101 Ob nicht geredt borden seye, daß man die Waaßer
1599 3020 1951 3143 ergreißfen Wolle?
1587 3125 2560 3292 Man habe nicht gesagt, Man Holle die Waaßen
1605 3243 2607 3389 ergreiffen; Aber in dem zu errichtenden Project¬
2450 3382 2573 3467 solle
