3024 4032
403 450 524 581 164.
497 535 526 603 3s
420 568 568 679 I. ex.
673 429 1419 645 Michel ducrest
563 605 1516 772 ad je neclame la Loy Divine, appli¬
586 709 1508 885 quant le Prapitie 29. d Gsage (. 2
650 871 1501 1013 He Droct Remain, qui ne punit pa¬
640 975 1486 1124 les paroles, mais seulemens les faite
771 1067 1468 1207 Ccitat: de Grotius Facite
618 1172 1520 1355 da Loc de Geneve (dont il sedit Citorsen
625 1277 1489 1425 qui permet an Criminel un Qvocat, it
629 1365 1415 1501 la Comunuation de la Procedure
591 1494 1522 1678 Auf befragen, ober keine Neibe saite
595 1638 1488 1764 und erlänterungen anzubringen, sat
579 1736 1417 1861 er deßen nichts hervor gebracht;
588 1817 1482 1959 darauf ihme Obiges vorgelesten, und
583 1913 1427 2051 er wieder anseinen Ohrt geführt.
568 2026 1368 2168 actum den 12t Augusti 1749.
2672 262 2826 350 105.
1913 456 2364 629 Oxamen
2045 551 2176 638 mit
1768 585 2513 778 Brantz Hermann
1790 694 2440 822 dem Seiden fabruant:
1740 799 2828 1009 Nachdeme er gewohnter maßen ermahnt
1764 890 2820 1079 worden, die Johrheit gewußenhofft an Tag
1739 1011 2771 1190 zugeben, hat er folgende Declaration
1758 1172 2233 1299 von sich gegeben:
1630 1232 2805 1432 Erhabe von dieser Sach eigentlich nichts gewußt
1658 1337 2775 1485 biß Sontags den 30 st verleichenen Monaths
1659 1432 2776 1595 das erste, so er davon gehört, seye, daß der
1634 1526 2720 1689 Pfißer Wiß sein Schwager dem Haubtmann
1646 1647 2794 1765 herbort etwas abgebehrt, worüber aber, seye
1655 1751 2771 1884 ihme nicht beloußt, sonder gäntzlich Unbebaug
1647 1853 2726 1975 gewesten, Vor etwann 5. Wochen seye er
1636 1925 2782 2090 Inquint, Kupfterschnid ytth, Pfister waß,
1648 2043 2729 2175 und Boldschund Bueter im daad gewesen,
1645 2137 2774 2292 allwo sie von diesen Sachen geredt; da ihme
1648 2229 2788 2373 dann der Boldschuid Hueter zugemichtet, den
1638 2330 2794 2464 Eyd der Verschwiegenheit zu thun, welchen er¬
1647 2428 2802 2573 aber, sowohl als der Pfister Corß und Küpfter
1641 2516 2771 2656 Schund Htth zu schwohren außgeschlagen, In¬
1654 2635 2770 2765 maßen man ihnen den Project nicht comie
1645 2731 2768 2882 nuiren wollen, ehe und bevor sie den Eyd
1642 2793 2733 2991 praestirt, belches ihnen allzubedemklich
1642 2895 1976 3016 Vorgebommen
1602 2983 2713 3228 Damtags den 30sten Zuey letzthin, habe
1622 3145 2764 3358 ihne der Boldschund Christen angetroffen,
1622 3254 2751 3441 und ihme gesagt, es seyen gute Freund
1623 3381 2731 3563 in Marchand Wermers hauß, wann er
2545 3555 2709 3683 auch
