3024 4032
346 225 481 305 418.
598 216 1220 409 Waetser, Studiosus
554 375 1472 575 heumbgehen wolle, habe der Reinhardt
559 469 1428 656 versezt, wohl, er solle nur hingehen,
559 576 1458 741 maßen er ihne schon albereits seinem
547 655 1471 847 Schlager beschrieben, Es habend sich derte
551 780 1468 942 auch schon viel brage Bürger unterschri¬
545 869 1466 1044 ben, solle nur auch gehen, sich zu unter¬
548 990 1488 1158 schreiben, zumahlen sein oncle der Schloße
557 1066 1469 1255 Walther es auch gethan; Er habe ihme
557 1181 1472 1333 aber diß begehren gäntzlich aufge¬
565 1281 1466 1443 schlagen, und seyn nicht dorthin gelesen,
548 1386 1469 1513 von Projecten der Bürger und vom Con¬
554 1485 1456 1618 flgst habe er ihme gantz und gar nichts¬
536 1578 1455 1721 shoffenbahret. Das seyn alles, so er¬
548 1667 1459 1783 ihme deß ohrts und in Particularigen
531 1771 1455 1884 redet, Er Deponent habe ihme aber über
548 1866 1462 1996 diß alles geantbortet, Er seyn ein Hu¬
534 1957 1446 2108 dent, und habe für seine Persohn Krgi¬
523 2059 845 2209 heits genug.
538 2134 1473 2275 Verschlengenheit habe er dem Reinhort ben
527 2244 1451 2377 Versprechen, wohl habe selbiger ihme grad¬
511 2347 1445 2474 Anfänglich gesagt. Er welle ihme etbas
513 2393 1453 2545 eröffnen, Aber er müße es niemand sogen
519 2501 1355 2646 darauf er ihme dann obiger geredet:
487 2604 1437 2731 Nachwerts habe er von allerhand Sachen, Sie
502 2667 1443 2849 auch von der Theirung angefangen zureken
495 2735 1461 2927 Jedoch habe er nichts gesagt, so emichen en
503 2851 1452 3006 Racht einer Comploto häde geben sollen
496 2925 1457 3123 Seye auch sonsten in keiner genauben behedte
492 2989 1444 3207 schafft mit dem Reinhark gestanden und
483 3108 1442 3284 habe er weiters Beder vor, nach siuthie nicht
483 3212 1337 3386 dar geringste von dießer Sachen gehöret¬
1294 3258 1445 3358 1197
2536 298 2659 435 to9
1704 334 2315 508 Waetser, Studiosus.
1661 507 2628 682 Abgelesten und bestätiget, zugleichobige
1655 633 2646 774 beyde Studiosos, von nun an, unter ger
1656 718 2636 877 nwohnlichem Gelubd, deß Arresto dimittirt
1649 844 2474 1002 Actum d. 26.t Julÿ. 1749.
