3024 4032
391 315 556 432 186.
665 367 1220 632 Datis Jug.
569 510 1468 822 Ben  en seten
550 654 1480 922 erinnere, haben Lieutenant durten¬
549 737 1486 1041 deiten hent und Greten
534 852 1476 1110 von gebaltthätigen Midtlen geredet.
522 988 1480 1211 sagende: Man müße mit Belehrter¬
530 1087 1457 1292 Gand ihre Anforderungen suchen,
533 1202 1471 1405 bie auch deß Rathe und Zeuge Huße
524 1290 1111 1463 sich bemeisterm p.
523 1394 1476 1566 Da aber man angefangen dergleichen¬
518 1516 1467 1689 ohnbesonnene Reden zu führen, seyn¬
530 1605 1403 1781 die mehresten ab der Gänie; in ein
502 1707 1462 1873 Stübl; darneben gegangen, Er Inqui¬
509 1822 1403 1957 Sit aber seyn draußen geblieben,
500 1913 1454 2078 und habe sich auf eine Baller Tuch schlofe
491 2032 1458 2167 gelegt, maßen er wegen gethaner
484 2124 1452 2249 schlären Arbeit züeblich mude gen¬
487 2214 1445 2352 "wesen; Im übrigen dan kömmer¬
496 2301 1445 2448 mit gutem Gelißen bezeugen, daß¬
478 2407 1426 2557 er gantz nicht mit Wohlgefallen diese
472 2489 1431 2635 ihme Vorher völlig ohnbekant, gebesee
487 2582 1436 2730 Verhandlungen beygelohnet, sondern
463 2677 1426 2827 Allerdingen ein gransames Abschieden
469 2775 1408 2930 darab gefaßet. Und Versichwes
444 2867 1432 3030 daß er so gleich sich entschloßen, nicht
459 2952 1429 3105 mehrers mit dießer Sach zu thun zu¬
447 3039 1421 3177 haben, welcher er dann ohnsterbrüchlich
432 3127 1430 3280 observirt, habe Auch nachberts getrachte
455 3240 1408 3384 dem Goldschwird Zueter selbige auß i
431 3315 1417 3472 zurecken, dleßen er wurde Zeugnuß abse
1187 3413 1362 3519 hoatten
1482 2398 1536 2522 9
1502 2657 1558 2767 .
2527 335 2684 455 187.
1680 418 2172 687 A1. p.
1599 535 2671 851 geages chle dh lighen
1592 664 2672 938 verzeiget, kan nicht die geschwehrene
1600 721 2696 1019 Nnoch ihme abgehalten hätte. Ahngefahrt
1594 904 2640 1105 umb habber 4. Uhren Morgens seÿn er
1580 992 2673 1207 sanstem Goldschmid Kunter und dem
1579 1110 2660 1287 Cristen Bieder nacher Hauß gebehret.
1581 1209 2608 1392 Dint der Versamblung habe ihne der¬
1588 1327 2654 1480 Goldschmied Kunter ermahnet, sich mit
1578 1420 2580 1587 gelehr- und sonderheitlich mit Sack¬
1577 1533 2641 1682 Pistoleten zu versehen, welches er aber
1575 1651 2637 1779 nicht gethan noch je thun wollen. Auch in
1575 1737 2616 1885 der Versamblung habe der Küpffer seine
1578 1836 2610 1953 Sach, Piocolets auf den Tisch gelegt,
1565 1935 2639 2067 und Lieutenan und BoldSchmund Bueter
1574 2043 2636 2175 bie auch Haubtman Hantzi und Mar¬¬
1558 2133 2655 2278 ctand Mermer habend damahlen Sack¬
1564 2228 2638 2387 Pistolen auf sich getragen, und selbige
1562 2324 2023 2451 Einander gezeigt.
1573 2397 2612 2568 Weßenbegen Er sich fortgemacht, und¬
1557 2520 2589 2673 loder sich sinth seinem Außtridt auf¬
1573 2593 1855 2707 gehalten?
1573 2684 2623 2871 als bebußten Kreytags die Sachauß¬
1552 2776 2635 3004 gebrochen, und er sich derselben in seinem
1563 2871 2629 3085 Gelißen fehlbahr gefunden, habe er sich
1557 2964 2617 3164 in der Angst fortgemacht, und zlar seÿn
1552 3052 2612 3251 er von hier hinloegg Recta auf Arles¬
1555 3151 2637 3399 Semb geliesen, Allloo er sich drey Tage¬
1551 3233 2573 3458 aufgehalten, von dannen seyn er auf¬
1552 3328 2534 3555 Basel, und nach zweyen Tagen auf¬
2265 3521 2616 3662 Prontrut
