3024 4032
377 443 537 562 228.
419 912 496 1072 8
417 1039 522 1175 H
763 389 989 500 2te Ex.
592 468 1174 629 Rudolf Reinhart.
526 638 1443 805 beygetretten, und die anderen dardurg
536 752 1457 897 encouragirt werden, diesere Eiste seyn
542 823 1225 960 sein Wermers liste gewesen.
551 926 1495 1074 Ob er von Niemand anders reden gehört
553 1022 1491 1182 Mann habe von atbelchen Mezgeren gerae
558 1127 1372 1263 habe sie aber nicht gehört namsten.
551 1223 1470 1372 Kuesfer, habe man auch einen genamstet
568 1306 1215 1443 nämlich den Kueffer Rohe.
542 1408 1480 1575 Von Schnieden oder Schloßeren seye auch
556 1517 1456 1655 geredt worden, allein Auch ohne benam¬
557 1600 1468 1756 tung, und habe es geheißen, man wolle
568 1719 960 1843 mit ihnen reden.
549 1792 1467 1949 Von seinem Schwager Weemer habeer ge¬
550 1893 1473 2022 hort, der Rudolf Vyß, StubenSchreiber zu
540 1995 1469 2133 Möhren werde mit Tischmacheren reden.
542 2072 1453 2224 mit hinzuthun, s. Vöß solle schon im
535 2186 1464 2330 Vinter von dischmacher Schieber gehöret
525 2274 1498 2435 haben, Es seyen etwann Acht Tischmacher,
538 2376 1491 2524 die wegen ihrem Handbert Mughlen ein
532 2467 1492 2620 Memorial praesentiren wollen, und bann
518 2550 1477 2721 ihnen nicht gehör gegeben berde, mit
521 2673 1026 2803 Gebalt dazu zu thun.
527 2744 1477 2914 Regen s. Jacob. Siner, habe, wre er glaube,
478 2856 1477 3044 Er händi gesagt, erwolle mit ihme reden
484 3001 1474 3182 Zbey Syttenbach seyen nicht auf der Leste
494 3104 1499 3305 gebesten, sonder unter denen Vernaustt,
506 3247 1277 3350 mit denen man reden wolle.
470 3320 1445 3521 Von denen beyden Sandel, seye eiet
1537 1994 1608 2145 I
2558 242 2694 375 229.
1809 320 2063 451 14 6x.
1658 383 2399 622 Ritol Rimnzart
1586 579 2119 789 sich de Cotegelase
1598 602 2658 889 Von denen beyden Kelleren habe Vermier
1598 722 2684 996 sin Schlager gesagt, der Schumacher seye
1611 822 2686 1084 angeworben worden, von wei aber, habe er
1619 955 2705 1174 nicht gesagt, der andereseye nicht genam¬
1611 1034 2693 1278 set worden, Auch nur einer auf der Ciste
1606 1229 1817 1378 gelesen.
1609 1242 2670 1470 Ein jeder habe gestagt, er wolle mit denen
1626 1347 2665 1527 und denen reden, er werde sie geluß be¬
1607 1457 2677 1639 komen, und habe sie dann auf die Liste
1618 1562 2647 1768 gesetzt, bauschon würklich man mit ihnen
1629 1702 2075 1846 nichts geredt habe.
1637 1740 2715 1936 Obersteimth dem Sontag, da er in der Verstan¬
1623 1845 2599 2041 lung gsten, nicht mehr in der Statt gewesen?
1612 1950 2711 2126 Iinstags darauf seye er wieder in die Statt
1623 2047 2687 2209 kommen, da habe er mit dem Ctudioso Stettler
1627 2137 2637 2323 geredt, Ihme das Vorhaben, die Bürger¬
1638 2239 2707 2395 Wollen mit Bebehrter hand, ihre Freyheiten
1642 2347 2706 2484 Sontenieren, eröffnet, und ihne Angeworben
1647 2432 2730 2614 welcher ihme bey seinem gebußen das Geheim
1656 2532 2714 2699 nuß versprochen; Den Abend habe er den
1635 2634 2734 2799 Stettler zu steinem Schlager Meeiner geführt.
1652 2739 2622 2869 deme er nach dem Nachteßen, in seinem
1651 2804 2717 2986 deß Inquisiten Reyseyn den Eydt deß Still
1649 2921 2702 3093 schweigens geschboren; Morndeigen Tags
1675 3026 2734 3182 Vber habe er Stettler dem Werier gescheie
1681 3119 2722 3279 ben: Er für seine Persohn, wolle sich dieser
1682 3207 2691 3376 Nach nicht mehr annemen; Im übrigen
1684 3327 2503 3491 Aber wolle er sie nicht entdeben;
