<?xml version="1.0" encoding="UTF-8" standalone="yes"?>
<PcGts xmlns="http://schema.primaresearch.org/PAGE/gts/pagecontent/2013-07-15" xmlns:xsi="http://www.w3.org/2001/XMLSchema-instance" xsi:schemaLocation="http://schema.primaresearch.org/PAGE/gts/pagecontent/2013-07-15 http://schema.primaresearch.org/PAGE/gts/pagecontent/2013-07-15/pagecontent.xsd">
    <Metadata>
        <Creator>prov=University of Rostock/Institute of Mathematics/CITlab|PLANET AI GmbH/Gundram Leifert/gundram.leifert@planet-ai.de:name=Transkribus German Kurrent M2(htr_id=29820)::::v=2.6.7
prov=University of Rostock/Institute of Mathematics/CITlab|PLANET AI GmbH/Tobias Gruening/tobias.gruening@planet-ai.de:name=de.uros.citlab.module.baseline2polygon.B2PSeamMultiOriented:v=2.6.7
prov=University of Rostock/Institute of Mathematics/CITlab|PLANET AI GmbH/Gundram Leifert/gundram.leifert@planet-ai.de:name=Kurrent_1515_ENHG_v3(htr_id=40510)::::v=2.6.7
prov=University of Rostock/Institute of Mathematics/CITlab|PLANET AI GmbH/Tobias Gruening/tobias.gruening@planet-ai.de:name=de.uros.citlab.module.baseline2polygon.B2PSeamMultiOriented:v=2.6.7
prov=University of Rostock/Institute of Mathematics/CITlab|PLANET AI GmbH/Tobias Gruening/tobias.gruening@planet-ai.de:name=/net_tf/LA73_249_0mod360.pb:de.uros.citlab.segmentation.CITlab_LA_ML:v=2.6.7
Transkribus</Creator>
        <Created>2022-05-02T15:17:52.649+02:00</Created>
        <LastChange>2022-09-12T15:24:03.634+02:00</LastChange>
        <TranskribusMetadata docId="1334849" pageId="52363547" pageNr="193" tsid="114645565" status="IN_PROGRESS" userId="9570" imgUrl="https://files.transkribus.eu/Get?id=YIXYPWVVDKMUEUVRIVIJECXK&amp;fileType=view" xmlUrl="https://files.transkribus.eu/Get?id=BEOQMNASBUOMJWJBJCSDWFFQ" imageId="30687961"/>
    </Metadata>
    <Page imageFilename="IMG_5893.jpg" imageWidth="3024" imageHeight="4032">
        <ReadingOrder>
            <OrderedGroup id="ro_1687513638809" caption="Regions reading order">
                <RegionRefIndexed index="0" regionRef="r1"/>
                <RegionRefIndexed index="1" regionRef="r2"/>
                <RegionRefIndexed index="2" regionRef="r3"/>
                <RegionRefIndexed index="3" regionRef="r4"/>
                <RegionRefIndexed index="4" regionRef="r5"/>
            </OrderedGroup>
        </ReadingOrder>
        <TextRegion orientation="0.0" id="r1" custom="readingOrder {index:0;}">
            <Coords points="341,262 341,568 530,568 530,262"/>
            <TextLine id="r1l1" custom="readingOrder {index:0;}">
                <Coords points="353,333 367,332 371,327 382,329 391,323 408,335 418,336 432,328 437,331 450,319 452,322 476,313 474,259 450,257 442,264 430,265 419,259 404,264 386,262 378,256 368,263 351,262"/>
                <Baseline points="359,311 386,312 414,311 442,309 470,308"/>
                <TextEquiv>
                    <Unicode>380.</Unicode>
                </TextEquiv>
            </TextLine>
            <TextLine id="r1l2" custom="readingOrder {index:1;}">
                <Coords points="444,410 470,407 479,415 489,412 497,417 509,407 517,407 517,313 506,313 497,319 490,316 461,333 456,329 444,331"/>
                <Baseline points="450,401 480,401 510,401"/>
                <TextEquiv>
                    <Unicode>85</Unicode>
                </TextEquiv>
            </TextLine>
            <TextLine id="r1l3" custom="readingOrder {index:2;}">
                <Coords points="336,563 376,551 414,567 430,561 463,572 536,550 535,487 483,513 440,478 415,468 408,474 387,471 377,480 358,470 335,479"/>
                <Baseline points="341,542 368,540 395,539 422,539 449,540 476,540 503,540 530,539"/>
                <TextEquiv>
                    <Unicode>eclauert</Unicode>
                </TextEquiv>
            </TextLine>
            <TextEquiv>
                <Unicode>380.
85
eclauert</Unicode>
            </TextEquiv>
        </TextRegion>
        <TextRegion orientation="0.0" id="r2" custom="readingOrder {index:1;}">
            <Coords points="516,352 516,3333 1443,3333 1443,352"/>
            <TextLine id="r2l1" custom="readingOrder {index:0;} person {offset:0; length:16;}">
                <Coords points="550,416 818,396 1058,449 1190,435 1428,531 1439,423 1280,338 1084,358 954,268 823,320 702,315 668,279 559,324"/>
                <Baseline points="558,399 601,399 644,398 687,398 731,398 774,396 817,396 861,398 904,398 947,400 991,402 1034,406 1077,411 1120,417 1164,425 1207,433 1250,444 1294,457 1337,473 1380,491 1424,512"/>
                <TextEquiv>
                    <Unicode>Daniel Bruner- der a </Unicode>
                </TextEquiv>
            </TextLine>
            <TextLine id="r2l2" custom="readingOrder {index:1;}">
                <Coords points="568,548 1178,557 1399,631 1407,520 1305,472 991,480 867,446 767,498 646,431 575,459"/>
                <Baseline points="576,533 616,533 657,533 698,533 739,533 780,533 821,533 862,533 903,533 944,533 985,534 1025,536 1066,540 1107,543 1148,548 1189,556 1230,563 1271,573 1312,585 1353,599 1394,614"/>
                <TextEquiv>
                    <Unicode>Vorohngefahrd 4. oler 5. Wochen,</Unicode>
                </TextEquiv>
            </TextLine>
            <TextLine id="r2l3" custom="readingOrder {index:2;}">
                <Coords points="538,652 688,641 767,678 856,635 908,673 1006,641 1145,685 1315,683 1436,736 1439,684 1175,560 847,610 806,566 669,607 545,556"/>
                <Baseline points="546,633 590,634 634,635 678,635 723,635 767,635 811,635 855,635 900,635 944,636 988,638 1032,640 1077,644 1121,647 1165,653 1209,659 1254,666 1298,676 1342,687 1386,701 1431,716"/>
                <TextEquiv>
                    <Unicode>als er ob seiner Arbeit gewesen,</Unicode>
                </TextEquiv>
            </TextLine>
            <TextLine id="r2l4" custom="readingOrder {index:3;} person {offset:14; length:4;}">
                <Coords points="545,740 970,739 1152,792 1261,773 1433,835 1437,785 1207,676 1140,704 1070,658 991,699 857,637 775,680 688,641 552,650"/>
                <Baseline points="552,726 595,728 639,729 683,729 727,731 771,729 814,729 858,729 902,729 946,731 990,731 1033,733 1077,737 1121,740 1165,746 1209,752 1252,761 1296,771 1340,785 1384,799 1428,816"/>
                <TextEquiv>
                    <Unicode>seye der Gerber Ruhe zu ihrem ge¬</Unicode>
                </TextEquiv>
            </TextLine>
            <TextLine id="r2l5" custom="readingOrder {index:4;}">
                <Coords points="539,853 1126,851 1429,949 1435,868 1363,817 1140,824 1094,779 944,745 785,799 658,798 547,740"/>
                <Baseline points="546,834 592,836 638,837 684,837 731,837 777,837 823,837 869,837 916,837 962,839 1008,840 1054,842 1101,846 1147,850 1193,858 1239,866 1286,876 1332,890 1378,906 1425,924"/>
                <TextEquiv>
                    <Unicode>kommen, und habe ihme gesagt, er¬</Unicode>
                </TextEquiv>
            </TextLine>
            <TextLine id="r2l6" custom="readingOrder {index:5;}">
                <Coords points="538,965 641,938 745,966 966,950 1135,993 1256,983 1447,1059 1453,991 1406,960 1069,865 955,908 842,901 790,860 689,902 630,860 547,864"/>
                <Baseline points="546,936 590,938 635,939 680,941 725,942 770,943 815,944 859,944 904,945 949,947 994,948 1039,951 1084,955 1129,960 1173,966 1218,973 1263,982 1308,992 1353,1004 1398,1019 1443,1037"/>
                <TextEquiv>
                    <Unicode>solle mit ihme ins Herb Hauß gehen¬</Unicode>
                </TextEquiv>
            </TextLine>
            <TextLine id="r2l7" custom="readingOrder {index:6;}">
                <Coords points="542,1089 606,1099 706,1059 833,1101 1204,1065 1430,1136 1434,1070 1380,1042 1213,1037 1115,986 997,1015 946,981 863,1024 760,1013 715,972 548,1005"/>
                <Baseline points="551,1041 594,1043 638,1044 682,1046 725,1046 769,1047 813,1047 856,1047 900,1047 944,1049 988,1049 1031,1052 1075,1054 1119,1057 1162,1062 1206,1068 1250,1074 1293,1083 1337,1093 1381,1106 1425,1119"/>
                <TextEquiv>
                    <Unicode>er habe ihme etbas zusagen, Allein¬</Unicode>
                </TextEquiv>
            </TextLine>
            <TextLine id="r2l8" custom="readingOrder {index:7;}">
                <Coords points="538,1159 791,1173 875,1149 1203,1195 1260,1174 1434,1228 1445,1176 1204,1089 1142,1109 1075,1087 1021,1117 920,1085 541,1110"/>
                <Baseline points="546,1136 590,1138 635,1141 679,1143 724,1144 768,1145 813,1146 857,1146 902,1146 946,1148 991,1149 1036,1151 1080,1154 1125,1156 1169,1160 1214,1165 1258,1170 1303,1178 1347,1189 1392,1198 1437,1211"/>
                <TextEquiv>
                    <Unicode>er müße es Niemand offenbahren,</Unicode>
                </TextEquiv>
            </TextLine>
            <TextLine id="r2l9" custom="readingOrder {index:8;}">
                <Coords points="530,1249 871,1261 896,1285 945,1260 1092,1293 1249,1270 1423,1327 1429,1224 1353,1213 1295,1247 1053,1162 916,1201 724,1152 534,1173"/>
                <Baseline points="537,1235 581,1238 625,1240 669,1241 713,1242 757,1244 801,1244 845,1245 889,1245 933,1247 978,1248 1022,1248 1066,1251 1110,1253 1154,1257 1198,1260 1242,1265 1286,1271 1330,1278 1374,1286 1419,1296"/>
                <TextEquiv>
                    <Unicode>Worauß Er versetzt, daß ehe und Be¬</Unicode>
                </TextEquiv>
            </TextLine>
            <TextLine id="r2l10" custom="readingOrder {index:9;}">
                <Coords points="548,1359 726,1364 817,1410 897,1357 962,1385 1060,1349 1431,1393 1433,1322 1364,1309 1304,1339 1117,1293 1068,1326 926,1269 836,1300 797,1277 740,1314 662,1317 613,1265 550,1286"/>
                <Baseline points="555,1340 598,1342 642,1346 685,1348 729,1349 772,1350 816,1352 859,1352 903,1352 946,1352 990,1352 1033,1353 1077,1353 1120,1355 1164,1356 1207,1358 1251,1362 1294,1366 1338,1371 1381,1377 1425,1383"/>
                <TextEquiv>
                    <Unicode>vor er versprechen wollen nichts¬</Unicode>
                </TextEquiv>
            </TextLine>
            <TextLine id="r2l11" custom="readingOrder {index:10;}">
                <Coords points="521,1470 708,1490 1118,1458 1258,1498 1328,1474 1369,1509 1437,1480 1437,1429 1336,1390 1272,1422 1188,1377 1085,1425 974,1378 862,1430 779,1389 723,1411 680,1376 641,1407 524,1376"/>
                <Baseline points="528,1446 573,1449 618,1451 663,1451 708,1452 753,1452 798,1452 844,1454 889,1454 934,1454 979,1454 1024,1454 1069,1455 1114,1456 1160,1458 1205,1460 1250,1462 1295,1466 1340,1470 1385,1474 1431,1479"/>
                <TextEquiv>
                    <Unicode>zu offenbahren, wolle er vorerst bißen</Unicode>
                </TextEquiv>
            </TextLine>
            <TextLine id="r2l12" custom="readingOrder {index:11;}">
                <Coords points="546,1564 593,1575 643,1550 659,1561 683,1549 727,1576 761,1570 808,1585 836,1561 872,1570 873,1518 816,1474 793,1491 739,1480 677,1510 657,1494 618,1505 587,1479 547,1493"/>
                <Baseline points="552,1544 578,1545 604,1545 630,1544 656,1544 682,1544 709,1544 735,1544 761,1544 787,1544 813,1545 839,1547 866,1548"/>
                <TextEquiv>
                    <Unicode>Was es seÿe.</Unicode>
                </TextEquiv>
            </TextLine>
            <TextLine id="r2l13" custom="readingOrder {index:12;}">
                <Coords points="537,1654 1245,1665 1298,1692 1440,1677 1441,1631 1233,1630 1054,1575 957,1600 908,1567 831,1593 693,1559 538,1591"/>
                <Baseline points="543,1641 587,1643 632,1643 676,1644 721,1644 765,1644 810,1646 854,1646 899,1646 943,1646 988,1646 1033,1646 1077,1647 1122,1647 1166,1649 1211,1650 1255,1652 1300,1655 1344,1656 1389,1661 1434,1664"/>
                <TextEquiv>
                    <Unicode>Auf dießes der Kuhe ihmen ange¬</Unicode>
                </TextEquiv>
            </TextLine>
            <TextLine id="r2l14" custom="readingOrder {index:13;}">
                <Coords points="540,1782 813,1750 1010,1782 1102,1761 1149,1789 1202,1747 1254,1785 1434,1787 1435,1730 1261,1669 1132,1731 984,1657 824,1690 793,1670 713,1723 628,1670 540,1664"/>
                <Baseline points="546,1749 590,1749 634,1748 678,1748 722,1748 766,1748 810,1748 854,1748 898,1748 942,1748 987,1748 1031,1748 1075,1748 1119,1749 1163,1749 1207,1751 1251,1751 1295,1752 1339,1755 1383,1757 1428,1758"/>
                <TextEquiv>
                    <Unicode>zen von der Theürung deß ge¬</Unicode>
                </TextEquiv>
            </TextLine>
            <TextLine id="r2l15" custom="readingOrder {index:14;}">
                <Coords points="534,1846 661,1876 878,1846 1391,1870 1443,1858 1443,1790 1265,1788 1209,1755 1047,1821 974,1771 933,1798 820,1770 702,1799 626,1763 534,1807"/>
                <Baseline points="540,1839 584,1841 629,1842 674,1842 719,1842 764,1842 809,1842 853,1841 898,1841 943,1839 988,1839 1033,1838 1078,1838 1123,1836 1167,1836 1212,1838 1257,1838 1302,1839 1347,1841 1392,1844 1437,1848"/>
                <TextEquiv>
                    <Unicode>"loschss zu redken, mid verdenten,</Unicode>
                </TextEquiv>
            </TextLine>
            <TextLine id="r2l16" custom="readingOrder {index:15;}">
                <Coords points="540,1944 646,1982 801,1932 986,1940 1048,1984 1179,1928 1431,1947 1431,1883 1290,1854 1221,1886 879,1855 780,1909 693,1911 654,1878 540,1899"/>
                <Baseline points="546,1931 592,1931 638,1932 684,1932 731,1931 777,1931 823,1930 869,1929 916,1928 962,1928 1008,1926 1054,1926 1101,1925 1147,1925 1193,1925 1239,1925 1286,1926 1332,1928 1378,1930 1425,1934"/>
                <TextEquiv>
                    <Unicode>es seyn eine Schinderey; Darüber¬</Unicode>
                </TextEquiv>
            </TextLine>
            <TextLine id="r2l17" custom="readingOrder {index:16;}">
                <Coords points="525,2060 837,2034 1015,2066 1198,2035 1246,2061 1433,2031 1432,1959 1381,1943 1208,2009 1127,1969 1017,1990 968,1958 809,1949 728,2002 524,1972"/>
                <Baseline points="530,2025 574,2026 619,2027 664,2028 709,2028 754,2029 799,2030 843,2030 888,2030 933,2031 978,2031 1023,2030 1068,2030 1113,2030 1157,2028 1202,2027 1247,2026 1292,2024 1337,2022 1382,2019 1427,2016"/>
                <TextEquiv>
                    <Unicode>Er geantwortet, er solle nur gedalt¬</Unicode>
                </TextEquiv>
            </TextLine>
            <TextLine id="r2l18" custom="readingOrder {index:17;}">
                <Coords points="540,2144 801,2121 878,2160 974,2126 1030,2149 1164,2116 1409,2130 1439,2124 1438,2054 1320,2032 1250,2064 1149,2035 1058,2077 994,2057 954,2091 759,2045 539,2075"/>
                <Baseline points="545,2115 589,2117 633,2118 678,2120 722,2120 767,2121 811,2121 855,2121 900,2121 944,2120 989,2120 1033,2119 1077,2118 1122,2117 1166,2115 1211,2112 1255,2111 1299,2109 1344,2106 1388,2103 1433,2099"/>
                <TextEquiv>
                    <Unicode>haben biß nach der Ernd, es berde¬</Unicode>
                </TextEquiv>
            </TextLine>
            <TextLine id="r2l19" custom="readingOrder {index:18;}">
                <Coords points="538,2212 630,2244 774,2216 835,2249 1168,2226 1217,2197 1272,2217 1394,2203 1393,2129 1330,2118 1228,2167 1133,2136 969,2170 844,2136 778,2185 661,2130 537,2148"/>
                <Baseline points="545,2207 587,2207 629,2208 671,2208 713,2208 755,2209 797,2210 840,2210 882,2210 924,2210 966,2208 1008,2208 1050,2207 1092,2207 1135,2205 1177,2204 1219,2201 1261,2199 1303,2196 1345,2193 1388,2189"/>
                <TextEquiv>
                    <Unicode>dann schon beßen Berden. Über¬</Unicode>
                </TextEquiv>
            </TextLine>
            <TextLine id="r2l20" custom="readingOrder {index:19;}">
                <Coords points="540,2316 974,2333 1145,2292 1416,2295 1414,2234 1275,2215 1157,2253 1089,2219 976,2261 895,2233 787,2283 571,2225 539,2249"/>
                <Baseline points="546,2295 589,2298 632,2300 675,2300 718,2301 761,2301 804,2301 848,2301 891,2301 934,2300 977,2299 1020,2297 1063,2296 1106,2295 1150,2292 1193,2291 1236,2288 1279,2285 1322,2283 1365,2280 1409,2277"/>
                <TextEquiv>
                    <Unicode>ließer nun habe Er dem Kuhe die¬</Unicode>
                </TextEquiv>
            </TextLine>
            <TextLine id="r2l21" custom="readingOrder {index:20;}">
                <Coords points="534,2442 659,2397 759,2442 866,2409 1055,2429 1163,2386 1266,2413 1417,2390 1422,2291 1303,2333 1233,2301 1150,2362 1081,2320 815,2373 595,2322 531,2340"/>
                <Baseline points="539,2391 585,2392 631,2393 677,2394 724,2394 770,2394 816,2394 862,2394 909,2394 955,2393 1001,2392 1047,2390 1094,2388 1140,2387 1186,2384 1232,2381 1279,2378 1325,2375 1371,2369 1418,2364"/>
                <TextEquiv>
                    <Unicode>Verschlonegenheit lediger Dingen Ver¬</Unicode>
                </TextEquiv>
            </TextLine>
            <TextLine id="r2l22" custom="readingOrder {index:21;}">
                <Coords points="527,2534 865,2500 1168,2523 1226,2485 1413,2521 1413,2421 1229,2401 1124,2453 969,2461 867,2419 752,2444 649,2404 524,2466"/>
                <Baseline points="531,2498 574,2498 618,2496 662,2496 706,2496 750,2496 794,2495 838,2495 882,2494 926,2493 970,2492 1013,2490 1057,2489 1101,2487 1145,2484 1189,2481 1233,2479 1277,2474 1321,2469 1365,2464 1409,2459"/>
                <TextEquiv>
                    <Unicode>sprochen, dennoch ohne Abstattung¬</Unicode>
                </TextEquiv>
            </TextLine>
            <TextLine id="r2l23" custom="readingOrder {index:22;}">
                <Coords points="535,2593 635,2625 857,2589 1125,2590 1159,2613 1376,2556 1375,2527 1237,2494 1048,2560 984,2514 909,2510 715,2562 533,2557"/>
                <Baseline points="540,2589 581,2589 623,2589 664,2589 706,2589 747,2589 789,2589 830,2589 872,2588 913,2588 955,2586 996,2585 1038,2583 1079,2582 1121,2579 1162,2576 1204,2572 1245,2568 1287,2563 1328,2558 1370,2552"/>
                <TextEquiv>
                    <Unicode>einechen Gelubdes noch Eyds.</Unicode>
                </TextEquiv>
            </TextLine>
            <TextLine id="r2l24" custom="readingOrder {index:23;}">
                <Coords points="510,2696 1051,2717 1428,2643 1425,2591 1351,2572 1289,2614 1240,2588 1186,2615 1015,2593 972,2636 858,2601 731,2635 669,2601 508,2645"/>
                <Baseline points="516,2688 561,2687 606,2687 651,2687 697,2687 742,2687 787,2687 832,2687 878,2687 923,2687 968,2685 1013,2684 1059,2683 1104,2679 1149,2676 1194,2673 1240,2667 1285,2661 1330,2654 1375,2645 1421,2636"/>
                <TextEquiv>
                    <Unicode>Von Zerrückung der Handbertern</Unicode>
                </TextEquiv>
            </TextLine>
            <TextLine id="r2l25" custom="readingOrder {index:24;}">
                <Coords points="511,2803 742,2783 954,2817 1053,2783 1142,2819 1400,2753 1395,2667 1355,2656 1221,2726 1116,2694 1055,2726 932,2696 822,2735 770,2705 695,2735 573,2697 507,2721"/>
                <Baseline points="516,2786 559,2783 603,2781 647,2780 691,2780 735,2778 778,2778 822,2778 866,2778 910,2778 954,2777 997,2775 1041,2774 1085,2772 1129,2767 1173,2764 1216,2759 1260,2752 1304,2744 1348,2734 1392,2724"/>
                <TextEquiv>
                    <Unicode>Projecten, Freyheiten pu. und</Unicode>
                </TextEquiv>
            </TextLine>
            <TextLine id="r2l26" custom="readingOrder {index:25;}">
                <Coords points="535,2900 604,2923 754,2892 837,2909 977,2867 1071,2903 1414,2835 1411,2787 1332,2763 1173,2844 1083,2800 1039,2836 888,2811 836,2850 637,2833 572,2784 529,2791"/>
                <Baseline points="540,2885 583,2884 626,2882 670,2882 713,2881 756,2880 800,2880 843,2879 886,2879 930,2877 973,2876 1016,2873 1060,2871 1103,2868 1146,2864 1190,2860 1233,2854 1276,2847 1320,2840 1363,2832 1407,2822"/>
                <TextEquiv>
                    <Unicode>dergleichen habe er ihme nichts ge¬</Unicode>
                </TextEquiv>
            </TextLine>
            <TextLine id="r2l27" custom="readingOrder {index:26;}">
                <Coords points="526,3000 748,3003 844,3035 901,2991 1200,3003 1424,2910 1421,2870 1174,2886 1126,2930 1048,2897 974,2948 667,2906 599,2948 522,2946"/>
                <Baseline points="531,2993 575,2989 619,2985 664,2984 708,2981 752,2980 797,2979 841,2978 885,2977 930,2976 974,2975 1018,2973 1063,2971 1107,2967 1151,2965 1196,2958 1240,2952 1284,2945 1329,2936 1373,2926 1418,2912"/>
                <TextEquiv>
                    <Unicode>wedet; Auch nicht gefragt, Obr¬</Unicode>
                </TextEquiv>
            </TextLine>
            <TextLine id="r2l28" custom="readingOrder {index:27;}">
                <Coords points="517,3112 602,3097 645,3127 682,3095 778,3116 1219,3075 1273,3098 1393,3035 1388,2960 1232,3023 1173,2994 1092,3022 950,2994 875,3043 753,3023 640,3059 513,3052"/>
                <Baseline points="522,3093 565,3089 608,3086 651,3084 694,3083 738,3081 781,3081 824,3081 867,3081 910,3080 954,3080 997,3078 1040,3077 1083,3074 1126,3070 1170,3066 1213,3058 1256,3051 1299,3041 1342,3029 1386,3015"/>
                <TextEquiv>
                    <Unicode>ein Gebehr oder Munition hl</Unicode>
                </TextEquiv>
            </TextLine>
            <TextLine id="r2l29" custom="readingOrder {index:28;}">
                <Coords points="521,3220 642,3200 783,3223 866,3186 1122,3207 1376,3126 1402,3111 1398,3053 1347,3043 1270,3099 1219,3074 1084,3094 1014,3131 931,3101 800,3134 514,3119"/>
                <Baseline points="525,3191 568,3187 612,3184 655,3182 699,3181 742,3180 786,3179 829,3178 873,3177 916,3176 960,3174 1003,3173 1047,3170 1090,3167 1134,3162 1177,3156 1221,3150 1264,3142 1308,3132 1351,3121 1395,3108"/>
                <TextEquiv>
                    <Unicode>Von dießer Zeit an seÿn der Kuhe</Unicode>
                </TextEquiv>
            </TextLine>
            <TextLine id="r2l30" custom="readingOrder {index:29;}">
                <Coords points="543,3322 781,3278 1014,3325 1151,3266 1216,3275 1410,3217 1404,3145 1174,3226 1039,3194 863,3238 750,3219 625,3259 536,3243"/>
                <Baseline points="546,3282 588,3281 631,3281 674,3279 717,3279 760,3278 803,3278 845,3277 888,3276 931,3275 974,3272 1017,3270 1060,3266 1103,3261 1145,3257 1188,3250 1231,3243 1274,3235 1317,3225 1360,3213 1403,3200"/>
                <TextEquiv>
                    <Unicode>nemahls mehr bey ihm gebehte</Unicode>
                </TextEquiv>
            </TextLine>
            <TextLine id="r2l31" custom="readingOrder {index:30;}">
                <Coords points="1286,3342 1305,3338 1328,3320 1351,3325 1362,3304 1411,3267 1394,3228 1368,3227 1362,3237 1349,3241 1318,3237 1315,3245 1305,3245 1285,3262 1278,3281 1264,3292"/>
                <Baseline points="1281,3315 1311,3309 1342,3294 1373,3278 1404,3267"/>
                <TextEquiv>
                    <Unicode>A</Unicode>
                </TextEquiv>
            </TextLine>
            <TextEquiv>
                <Unicode>Daniel Bruner- der a 
Vorohngefahrd 4. oler 5. Wochen,
als er ob seiner Arbeit gewesen,
seye der Gerber Ruhe zu ihrem ge¬
kommen, und habe ihme gesagt, er¬
solle mit ihme ins Herb Hauß gehen¬
er habe ihme etbas zusagen, Allein¬
er müße es Niemand offenbahren,
Worauß Er versetzt, daß ehe und Be¬
vor er versprechen wollen nichts¬
zu offenbahren, wolle er vorerst bißen
Was es seÿe.
Auf dießes der Kuhe ihmen ange¬
zen von der Theürung deß ge¬
"loschss zu redken, mid verdenten,
es seyn eine Schinderey; Darüber¬
Er geantwortet, er solle nur gedalt¬
haben biß nach der Ernd, es berde¬
dann schon beßen Berden. Über¬
ließer nun habe Er dem Kuhe die¬
Verschlonegenheit lediger Dingen Ver¬
sprochen, dennoch ohne Abstattung¬
einechen Gelubdes noch Eyds.
Von Zerrückung der Handbertern
Projecten, Freyheiten pu. und
dergleichen habe er ihme nichts ge¬
wedet; Auch nicht gefragt, Obr¬
ein Gebehr oder Munition hl
Von dießer Zeit an seÿn der Kuhe
nemahls mehr bey ihm gebehte
A</Unicode>
            </TextEquiv>
        </TextRegion>
        <TextRegion orientation="0.0" id="r3" custom="readingOrder {index:2;}">
            <Coords points="1484,1870 1484,2459 1536,2459 1536,1870"/>
            <TextLine id="r3l1" custom="readingOrder {index:0;}">
                <Coords points="1478,2005 1484,2005 1491,1998 1510,1991 1524,1981 1539,1981 1539,1891 1519,1890 1494,1905 1478,1908"/>
                <Baseline points="1484,1970 1532,1970"/>
                <TextEquiv>
                    <Unicode>G</Unicode>
                </TextEquiv>
            </TextLine>
            <TextLine id="r3l2" custom="readingOrder {index:1;}">
                <Coords points="1482,2274 1498,2281 1516,2269 1531,2269 1544,2120 1531,2115 1495,2120"/>
                <Baseline points="1493,2217 1529,2220"/>
                <TextEquiv>
                    <Unicode>.</Unicode>
                </TextEquiv>
            </TextLine>
            <TextLine id="r3l3" custom="readingOrder {index:2;}">
                <Coords points="1493,2449 1504,2447 1519,2436 1526,2438 1532,2432 1541,2434 1545,2337 1535,2335 1524,2340 1523,2338 1515,2344 1497,2338"/>
                <Baseline points="1500,2408 1536,2409"/>
                <TextEquiv>
                    <Unicode>9.</Unicode>
                </TextEquiv>
            </TextLine>
            <TextEquiv>
                <Unicode>G
.
9.</Unicode>
            </TextEquiv>
        </TextRegion>
        <TextRegion orientation="0.0" id="r4" custom="readingOrder {index:3;}">
            <Coords points="1511,2660 1511,2755 1559,2755 1559,2660"/>
            <TextLine id="r4l1" custom="readingOrder {index:0;}">
                <Coords points="1505,2695 1511,2695 1519,2688 1525,2692 1531,2686 1544,2694 1565,2691 1565,2609 1557,2608 1552,2613 1546,2609 1531,2618 1520,2614 1513,2619 1505,2617"/>
                <Baseline points="1511,2687 1559,2687"/>
                <TextEquiv>
                    <Unicode>B</Unicode>
                </TextEquiv>
            </TextLine>
            <TextLine id="r4l2" custom="readingOrder {index:1;}">
                <Coords points="1510,2790 1525,2787 1539,2796 1554,2798 1542,2681 1533,2684 1526,2692 1518,2689 1511,2696 1501,2698"/>
                <Baseline points="1512,2742 1542,2739"/>
                <TextEquiv>
                    <Unicode>E</Unicode>
                </TextEquiv>
            </TextLine>
            <TextEquiv>
                <Unicode>B
E</Unicode>
            </TextEquiv>
        </TextRegion>
        <TextRegion orientation="0.0" id="r5" custom="readingOrder {index:4;}">
            <Coords points="1586,279 1586,2996 2625,2996 2625,279"/>
            <TextLine id="r5l1" custom="readingOrder {index:0;} person {offset:3; length:1; continued:true;}">
                <Coords points="2510,363 2521,359 2533,371 2563,374 2576,384 2628,369 2636,296 2623,295 2608,282 2599,283 2590,277 2568,288 2550,275 2533,286 2519,285"/>
                <Baseline points="2520,326 2546,328 2572,331 2598,335 2625,338"/>
                <TextEquiv>
                    <Unicode>381.</Unicode>
                </TextEquiv>
            </TextLine>
            <TextLine id="r5l2" custom="readingOrder {index:1;} person {offset:0; length:10; continued:true;}">
                <Coords points="1650,444 1861,435 1932,406 1975,431 2224,424 2316,389 2316,355 2222,346 2074,270 1872,356 1780,298 1677,370 1649,360"/>
                <Baseline points="1656,431 1688,426 1721,419 1754,414 1786,411 1819,408 1852,405 1884,404 1917,403 1950,402 1983,402 2015,402 2048,404 2081,404 2113,405 2146,407 2179,408 2211,410 2244,411 2277,411 2310,413"/>
                <TextEquiv>
                    <Unicode>Demel Bruner</Unicode>
                </TextEquiv>
            </TextLine>
            <TextLine id="r5l3" custom="readingOrder {index:2;}">
                <Coords points="1611,553 1984,507 2089,553 2310,529 2485,566 2582,538 2583,473 2459,490 2396,442 2269,463 2213,430 2097,455 2042,418 1870,476 1743,456 1611,507"/>
                <Baseline points="1617,545 1667,533 1717,523 1768,516 1818,510 1869,507 1919,504 1970,503 2020,503 2071,504 2121,506 2172,509 2222,512 2273,515 2323,519 2374,522 2424,525 2475,528 2525,531 2576,533"/>
                <TextEquiv>
                    <Unicode>Obschon er zuvor öffters zu ihre ge¬</Unicode>
                </TextEquiv>
            </TextLine>
            <TextLine id="r5l4" custom="readingOrder {index:3;}">
                <Coords points="1623,653 2036,609 2140,645 2269,620 2519,657 2604,642 2605,575 2413,541 2183,571 1941,545 1799,589 1710,546 1624,597"/>
                <Baseline points="1629,638 1677,629 1725,621 1774,617 1822,612 1871,608 1919,606 1968,605 2016,605 2065,605 2113,607 2161,609 2210,612 2258,615 2307,618 2355,623 2404,626 2452,631 2501,635 2549,639 2598,644"/>
                <TextEquiv>
                    <Unicode>kommen als ein Nachbahr und alle¬</Unicode>
                </TextEquiv>
            </TextLine>
            <TextLine id="r5l5" custom="readingOrder {index:4;}">
                <Coords points="1620,746 2098,719 2579,760 2588,645 2428,679 2346,641 2267,688 2194,637 2085,672 1979,633 1797,670 1687,635 1621,657"/>
                <Baseline points="1626,734 1673,726 1721,721 1769,717 1816,713 1864,710 1912,708 1959,708 2007,708 2055,708 2103,710 2150,711 2198,713 2246,716 2293,719 2341,722 2389,724 2436,728 2484,730 2532,733 2580,735"/>
                <TextEquiv>
                    <Unicode>statter, Muße glauben, daß, beilen</Unicode>
                </TextEquiv>
            </TextLine>
            <TextLine id="r5l6" custom="readingOrder {index:5;}">
                <Coords points="1628,834 1930,828 1995,860 2122,826 2330,831 2489,851 2569,902 2566,757 2354,801 2274,751 2116,786 1972,730 1898,771 1629,784"/>
                <Baseline points="1634,827 1680,823 1727,821 1773,818 1820,816 1866,815 1913,813 1959,813 2006,813 2052,813 2099,815 2145,816 2192,818 2238,821 2285,824 2331,827 2378,831 2424,835 2471,840 2517,844 2564,849"/>
                <TextEquiv>
                    <Unicode>er gesehen, daß er ratione deßen</Unicode>
                </TextEquiv>
            </TextLine>
            <TextLine id="r5l7" custom="readingOrder {index:6;}">
                <Coords points="1603,969 1672,936 1956,920 2135,958 2194,935 2303,987 2531,984 2571,973 2573,898 2487,879 2299,910 2159,832 1873,897 1605,874"/>
                <Baseline points="1610,936 1657,932 1705,928 1753,924 1801,921 1848,920 1896,920 1944,920 1992,920 2039,921 2087,923 2135,924 2183,927 2230,930 2278,933 2326,936 2374,940 2421,944 2469,947 2517,952 2565,956"/>
                <TextEquiv>
                    <Unicode>so er ihme über die Sheürung gesagt,</Unicode>
                </TextEquiv>
            </TextLine>
            <TextLine id="r5l8" custom="readingOrder {index:7;}">
                <Coords points="1607,1045 1942,1018 2055,1058 2145,1032 2202,1059 2535,1064 2536,993 2238,997 2116,941 2043,977 1884,938 1817,971 1732,957 1675,999 1609,972"/>
                <Baseline points="1614,1037 1659,1029 1705,1025 1751,1021 1797,1018 1842,1017 1888,1016 1934,1016 1980,1017 2025,1019 2071,1020 2117,1023 2163,1026 2208,1028 2254,1032 2300,1035 2346,1037 2391,1040 2437,1043 2483,1044 2529,1044"/>
                <TextEquiv>
                    <Unicode>nicht eintretten wollen, er ein Miß¬</Unicode>
                </TextEquiv>
            </TextLine>
            <TextLine id="r5l9" custom="readingOrder {index:8;}">
                <Coords points="1603,1135 2295,1131 2539,1179 2541,1083 2427,1088 2383,1057 2313,1091 2136,1036 2067,1061 2018,1039 1937,1091 1791,1058 1742,1084 1695,1046 1605,1067"/>
                <Baseline points="1610,1128 1656,1124 1702,1120 1748,1116 1794,1114 1841,1113 1887,1112 1933,1112 1979,1112 2025,1113 2072,1115 2118,1116 2164,1119 2210,1121 2256,1124 2303,1127 2349,1130 2395,1133 2441,1136 2487,1140 2534,1143"/>
                <TextEquiv>
                    <Unicode>trauben auf ihne Deponent gesetzt.</Unicode>
                </TextEquiv>
            </TextLine>
            <TextLine id="r5l10" custom="readingOrder {index:9;}">
                <Coords points="1598,1239 1812,1251 1946,1215 2075,1253 2138,1227 2298,1259 2338,1227 2511,1241 2512,1175 2430,1158 2249,1188 2150,1152 1950,1188 1861,1147 1789,1189 1691,1137 1600,1142"/>
                <Baseline points="1604,1217 1649,1215 1694,1212 1739,1211 1784,1210 1829,1209 1874,1209 1919,1209 1964,1209 2009,1211 2054,1212 2099,1214 2144,1215 2189,1217 2234,1218 2279,1221 2324,1223 2369,1226 2414,1227 2459,1229 2505,1232"/>
                <TextEquiv>
                    <Unicode>alas einzige mahl, so er ihne sinthar</Unicode>
                </TextEquiv>
            </TextLine>
            <TextLine id="r5l11" custom="readingOrder {index:10;}">
                <Coords points="1589,1326 1644,1347 1760,1315 1793,1339 2068,1313 2345,1345 2520,1328 2551,1289 2455,1256 2361,1282 2324,1246 2192,1232 2109,1254 1991,1232 1939,1267 1879,1229 1590,1269"/>
                <Baseline points="1595,1307 1642,1305 1689,1304 1737,1303 1784,1302 1832,1302 1879,1302 1927,1302 1974,1302 2022,1304 2069,1304 2116,1305 2164,1307 2211,1308 2259,1311 2306,1313 2354,1314 2401,1317 2449,1320 2496,1323 2544,1325"/>
                <TextEquiv>
                    <Unicode>gesehen, seÿn der Abend zu vorgelden</Unicode>
                </TextEquiv>
            </TextLine>
            <TextLine id="r5l12" custom="readingOrder {index:11;}">
                <Coords points="1583,1453 1669,1403 1993,1439 2099,1413 2235,1446 2312,1412 2532,1435 2542,1319 2378,1374 1960,1318 1585,1367"/>
                <Baseline points="1590,1401 1637,1400 1684,1398 1731,1398 1779,1397 1826,1397 1873,1397 1920,1397 1968,1397 2015,1398 2062,1400 2109,1400 2157,1401 2204,1403 2251,1404 2298,1406 2346,1407 2393,1409 2440,1411 2487,1412 2535,1413"/>
                <TextEquiv>
                    <Unicode>esen, ehe die Sach außgebrochen, da¬</Unicode>
                </TextEquiv>
            </TextLine>
            <TextLine id="r5l13" custom="readingOrder {index:12;}">
                <Coords points="1599,1520 2125,1495 2433,1537 2539,1512 2540,1442 2375,1427 2254,1471 2066,1428 1941,1466 1838,1408 1646,1418 1600,1449"/>
                <Baseline points="1605,1490 1651,1490 1697,1490 1744,1490 1790,1490 1836,1490 1883,1490 1929,1490 1975,1490 2022,1490 2068,1491 2114,1491 2161,1492 2207,1493 2253,1494 2300,1496 2346,1497 2392,1499 2439,1502 2485,1505 2532,1508"/>
                <TextEquiv>
                    <Unicode>seye er daher gekommen; Damahlen</Unicode>
                </TextEquiv>
            </TextLine>
            <TextLine id="r5l14" custom="readingOrder {index:13;}">
                <Coords points="1594,1624 1678,1587 1843,1616 1992,1594 2061,1624 2111,1602 2242,1637 2310,1600 2468,1615 2521,1597 2523,1507 2228,1573 2072,1515 1931,1543 1889,1508 1760,1559 1698,1525 1597,1541"/>
                <Baseline points="1602,1580 1647,1580 1693,1581 1738,1581 1784,1583 1830,1584 1875,1585 1921,1586 1966,1587 2012,1589 2058,1590 2103,1592 2149,1593 2194,1594 2240,1595 2286,1596 2331,1598 2377,1599 2422,1599 2468,1600 2514,1601"/>
                <TextEquiv>
                    <Unicode>habe er Deponent ihme ein Glar Mein</Unicode>
                </TextEquiv>
            </TextLine>
            <TextLine id="r5l15" custom="readingOrder {index:14;}">
                <Coords points="1596,1693 1677,1718 1815,1680 1879,1717 1921,1688 2492,1702 2493,1655 2381,1670 2293,1609 2241,1642 2115,1610 2041,1644 1976,1612 1891,1631 1734,1603 1650,1646 1598,1621"/>
                <Baseline points="1602,1676 1646,1676 1690,1676 1734,1676 1778,1677 1823,1677 1867,1679 1911,1680 1955,1681 1999,1682 2044,1683 2088,1685 2132,1686 2176,1687 2220,1688 2265,1689 2309,1690 2353,1691 2397,1691 2441,1692 2486,1692"/>
                <TextEquiv>
                    <Unicode>anErbotten, so er aber nicht annemen</Unicode>
                </TextEquiv>
            </TextLine>
            <TextLine id="r5l16" custom="readingOrder {index:15;}">
                <Coords points="1592,1813 1705,1791 1825,1814 1892,1775 2030,1825 2281,1785 2367,1812 2493,1772 2494,1717 1593,1712"/>
                <Baseline points="1598,1773 1642,1771 1686,1769 1731,1768 1775,1767 1820,1767 1864,1767 1909,1767 1953,1767 1998,1769 2042,1769 2086,1770 2131,1772 2175,1772 2220,1773 2264,1775 2309,1775 2353,1776 2398,1776 2442,1776 2487,1778"/>
                <TextEquiv>
                    <Unicode>wollen, sondern seyn alsobald davon</Unicode>
                </TextEquiv>
            </TextLine>
            <TextLine id="r5l17" custom="readingOrder {index:16;}">
                <Coords points="1581,1914 1624,1908 1701,1871 1748,1902 1779,1879 1874,1890 1886,1886 1886,1848 1841,1836 1821,1847 1782,1834 1754,1842 1700,1825 1665,1836 1640,1822 1580,1834"/>
                <Baseline points="1586,1869 1612,1867 1639,1866 1666,1866 1692,1866 1719,1866 1746,1866 1773,1866 1799,1867 1826,1866 1853,1866 1880,1865"/>
                <TextEquiv>
                    <Unicode>gegangen.</Unicode>
                </TextEquiv>
            </TextLine>
            <TextLine id="r5l18" custom="readingOrder {index:17;}">
                <Coords points="1583,1964 1801,1993 1892,1965 2199,1994 2246,1966 2337,1999 2477,1954 2477,1906 1881,1873 1770,1915 1698,1885 1583,1913"/>
                <Baseline points="1589,1959 1633,1958 1677,1958 1721,1956 1765,1956 1809,1956 1853,1957 1897,1958 1941,1958 1985,1959 2030,1959 2074,1961 2118,1961 2162,1962 2206,1962 2250,1964 2294,1964 2338,1964 2382,1964 2426,1962 2471,1962"/>
                <TextEquiv>
                    <Unicode>Ob er mit Berter Knecht dießer</Unicode>
                </TextEquiv>
            </TextLine>
            <TextLine id="r5l19" custom="readingOrder {index:18;}">
                <Coords points="1584,2072 1997,2068 2041,2095 2148,2060 2202,2083 2280,2057 2351,2085 2430,2050 2490,2067 2489,1976 2463,1971 2282,2023 1978,2013 1916,1981 1764,2007 1653,1975 1584,1991"/>
                <Baseline points="1590,2051 1634,2049 1679,2049 1723,2049 1768,2049 1813,2049 1857,2049 1902,2049 1947,2049 1991,2049 2036,2051 2081,2051 2125,2051 2170,2051 2215,2051 2259,2051 2304,2049 2349,2049 2393,2048 2438,2047 2483,2046"/>
                <TextEquiv>
                    <Unicode>Sachen halber niemahls geredet</Unicode>
                </TextEquiv>
            </TextLine>
            <TextLine id="r5l20" custom="readingOrder {index:19;}">
                <Coords points="1585,2160 1595,2161 1618,2148 1628,2156 1638,2151 1664,2160 1670,2156 1696,2168 1708,2157 1720,2160 1732,2148 1746,2151 1747,2077 1731,2068 1696,2077 1674,2097 1664,2092 1652,2098 1635,2095 1621,2084 1587,2089"/>
                <Baseline points="1592,2133 1621,2135 1651,2135 1680,2135 1710,2135 1740,2138"/>
                <TextEquiv>
                    <Unicode>hhate.</Unicode>
                </TextEquiv>
            </TextLine>
            <TextLine id="r5l21" custom="readingOrder {index:20;}">
                <Coords points="1587,2264 1904,2231 2032,2263 2458,2238 2517,2230 2518,2155 2172,2160 2122,2190 2070,2160 2017,2183 1842,2161 1763,2200 1588,2161"/>
                <Baseline points="1593,2208 1638,2213 1684,2215 1730,2218 1776,2219 1822,2220 1868,2222 1914,2222 1960,2222 2006,2222 2052,2222 2097,2220 2143,2220 2189,2220 2235,2219 2281,2219 2327,2219 2373,2219 2419,2220 2465,2220 2511,2222"/>
                <TextEquiv>
                    <Unicode>kein, er habe ihme gar Niemand dator</Unicode>
                </TextEquiv>
            </TextLine>
            <TextLine id="r5l22" custom="readingOrder {index:21;}">
                <Coords points="1583,2347 1595,2341 1608,2351 1618,2343 1627,2348 1651,2334 1693,2341 1707,2332 1725,2345 1781,2321 1796,2325 1797,2246 1775,2255 1746,2248 1708,2272 1699,2266 1667,2273 1644,2258 1636,2265 1621,2258 1614,2265 1585,2263"/>
                <Baseline points="1590,2312 1615,2308 1640,2307 1665,2307 1690,2307 1715,2309 1740,2311 1765,2312 1790,2313"/>
                <TextEquiv>
                    <Unicode>gerecet.</Unicode>
                </TextEquiv>
            </TextLine>
            <TextLine id="r5l23" custom="readingOrder {index:22;}">
                <Coords points="1602,2418 1645,2402 1711,2448 1806,2408 1994,2405 2147,2439 2321,2403 2504,2472 2504,2272 2339,2358 2141,2371 2012,2304 1935,2350 1774,2327 1602,2351"/>
                <Baseline points="1608,2400 1652,2400 1697,2400 1741,2400 1786,2400 1830,2399 1875,2399 1919,2399 1964,2399 2008,2399 2053,2398 2097,2397 2142,2397 2186,2397 2231,2399 2275,2399 2320,2399 2364,2400 2409,2401 2453,2402 2498,2403"/>
                <TextEquiv>
                    <Unicode>Ob auch Niemand ihme proponit, </Unicode>
                </TextEquiv>
            </TextLine>
            <TextLine id="r5l24" custom="readingOrder {index:23;}">
                <Coords points="1595,2498 1812,2535 1936,2494 2313,2523 2490,2507 2504,2473 2367,2415 2278,2446 2219,2414 2162,2455 2122,2426 2010,2449 1828,2419 1714,2460 1667,2421 1595,2453"/>
                <Baseline points="1601,2493 1645,2493 1690,2493 1735,2493 1780,2493 1825,2493 1870,2493 1914,2492 1959,2492 2004,2492 2049,2491 2094,2490 2139,2490 2184,2490 2228,2490 2273,2491 2318,2492 2363,2493 2408,2495 2453,2496 2498,2499"/>
                <TextEquiv>
                    <Unicode>nthan zu guten Freunden oder in</Unicode>
                </TextEquiv>
            </TextLine>
            <TextLine id="r5l25" custom="readingOrder {index:24;}">
                <Coords points="1588,2602 1755,2596 1941,2649 2431,2600 2523,2641 2523,2518 2440,2541 2380,2504 2076,2537 2020,2505 1941,2544 1789,2521 1671,2570 1589,2556"/>
                <Baseline points="1595,2583 1641,2585 1687,2586 1733,2586 1779,2586 1825,2586 1871,2586 1917,2586 1963,2585 2009,2585 2056,2583 2102,2583 2148,2583 2194,2583 2240,2583 2286,2583 2332,2585 2378,2586 2424,2589 2470,2591 2517,2594"/>
                <TextEquiv>
                    <Unicode>eine Versammlung sich zu verfuegen</Unicode>
                </TextEquiv>
            </TextLine>
            <TextLine id="r5l26" custom="readingOrder {index:25;}">
                <Coords points="1604,2710 1814,2752 1857,2720 1973,2711 2039,2755 2186,2706 2321,2752 2409,2708 2409,2647 2364,2630 2306,2663 2129,2621 2073,2651 2030,2625 1940,2649 1895,2623 1759,2655 1672,2603 1604,2630"/>
                <Baseline points="1610,2691 1649,2691 1689,2691 1728,2690 1768,2690 1808,2690 1847,2690 1887,2689 1927,2688 1966,2688 2006,2688 2046,2688 2085,2688 2125,2688 2165,2688 2204,2688 2244,2688 2284,2690 2323,2691 2363,2693 2403,2694"/>
                <TextEquiv>
                    <Unicode>Müße beiters nichts hierüber¬</Unicode>
                </TextEquiv>
            </TextLine>
            <TextLine id="r5l27" custom="readingOrder {index:26;}">
                <Coords points="1672,2863 1802,2899 1992,2853 2300,2893 2495,2872 2496,2790 2452,2779 2388,2804 2300,2762 2166,2787 2142,2762 1984,2753 1890,2795 1837,2771 1674,2779"/>
                <Baseline points="1679,2858 1719,2855 1760,2855 1800,2853 1841,2853 1881,2852 1922,2852 1962,2852 2003,2853 2043,2853 2084,2855 2124,2855 2165,2856 2205,2858 2246,2859 2286,2861 2327,2862 2367,2864 2408,2865 2448,2867 2489,2868"/>
                <TextEquiv>
                    <Unicode>Abgelesten und bestätiget</Unicode>
                </TextEquiv>
            </TextLine>
            <TextLine id="r5l28" custom="readingOrder {index:27;}">
                <Coords points="1595,2959 1796,2966 1870,3019 2007,2970 2099,3033 2331,2978 2406,3034 2532,2987 2499,2913 2333,2877 2017,2860 1802,2917 1688,2869 1597,2894"/>
                <Baseline points="1602,2946 1648,2949 1694,2952 1740,2954 1786,2955 1833,2957 1879,2958 1925,2960 1971,2960 2017,2961 2064,2961 2110,2962 2156,2963 2202,2963 2248,2964 2295,2965 2341,2966 2387,2967 2433,2969 2479,2971 2526,2973"/>
                <TextEquiv>
                    <Unicode>Actum d. 24ten Julyj. 1749.</Unicode>
                </TextEquiv>
            </TextLine>
            <TextEquiv>
                <Unicode>381.
Demel Bruner
Obschon er zuvor öffters zu ihre ge¬
kommen als ein Nachbahr und alle¬
statter, Muße glauben, daß, beilen
er gesehen, daß er ratione deßen
so er ihme über die Sheürung gesagt,
nicht eintretten wollen, er ein Miß¬
trauben auf ihne Deponent gesetzt.
alas einzige mahl, so er ihne sinthar
gesehen, seÿn der Abend zu vorgelden
esen, ehe die Sach außgebrochen, da¬
seye er daher gekommen; Damahlen
habe er Deponent ihme ein Glar Mein
anErbotten, so er aber nicht annemen
wollen, sondern seyn alsobald davon
gegangen.
Ob er mit Berter Knecht dießer
Sachen halber niemahls geredet
hhate.
kein, er habe ihme gar Niemand dator
gerecet.
Ob auch Niemand ihme proponit, 
nthan zu guten Freunden oder in
eine Versammlung sich zu verfuegen
Müße beiters nichts hierüber¬
Abgelesten und bestätiget
Actum d. 24ten Julyj. 1749.</Unicode>
            </TextEquiv>
        </TextRegion>
    </Page>
</PcGts>
