3024 4032
395 470 525 556 160.
593 534 1327 738 Rusolf Weinierp.
586 666 1462 868 vermahnen, in ihren Häußeren zu
572 780 1469 974 verbleiben, alann am Morgen berden
571 865 1468 1054 Sie die Bemund versamblen, gegen
572 977 1464 1143 eint und andere Mogson der Räthen
557 1058 1450 1241 Klägden formiren, nach befindenden
581 1176 1478 1345 dingen selbige am Leben straffen, der
571 1273 1480 1434 Büther, so sie nicht legitimieren können,
567 1387 1475 1521 Confisciren, Ihr Korn denen Armen
565 1478 1472 1617 außmäßen laßen fu. s. So werde¬
571 1580 1484 1741 man auch Manifest ins Landausschen¬
560 1671 1478 1818 eben, denen Landgrichten ihre Ehemahlige
558 1785 1462 1902 Freyheit Restituiren, ieh einen aus¬
569 1868 1488 1998 einem Landgricht zu Burgeren nenen
561 1958 1479 2104 die LeibEigenschafft auf dem Landab¬
542 2068 1465 2208 schaffen, denen Eydgnoßen din er¬
561 2164 1463 2279 oberten Lond restituiren, dem Page
566 2259 1451 2382 de Wand seine Privilegia bieker er¬
563 2343 1469 2465 theillen, und, weiten ihres bedunden
563 2433 1464 2580 die Bürgerschafft auch zu blein, belen
545 2532 1461 2665 sie 1200. nenlde Bürger, meistens Gan¬
542 2615 1454 2769 dels Leuthe annemen, und ihnen Vor¬
545 2690 1458 2876 dem Oberen Thor, allso sie eine Vorstll
536 2800 1456 3013 Bauben sollen, Platz zu Manufactun
545 2997 927 3088 einräumer su.
524 2997 1410 3165 Als nun hierüber Er Inquisit seinem
539 3084 1434 3267 Brucker Vorstellungen über dieses sh
533 3160 1449 3386 fährliche Unternemmen gemacht und
537 3237 1450 3518 ich lenhti ge den bete
505 3350 1439 3598 zu machen gesucht, habe sein Beudensecl
1196 3455 1441 3622 sorlil
2553 606 2675 710 467)
1697 625 2288 780 Rudolß varnier.
1673 758 2609 907 Vorbeifung zleger Protoleten, so er aus¬
1655 854 2593 1004 seinen Sachen gezogen, ihne bedrohet,
1662 960 2596 1099 mit verdenten, daß derjenige, so nicht
1660 1045 2614 1167 in dee Complot eintretten wolle, nach dem
1640 1152 2609 1261 ihme der Vorschlag bekant gemacht worden
1650 1233 2618 1389 als ein Verräther der Bürgerschafft ange¬
1634 1339 2587 1482 "sehen, und kein Augenblich mehr seiner
1649 1435 2549 1561 Lebens sicher seyn burde, wan es gleich
1637 1527 2553 1650 thäte Brüder antreffen, und das, umb
1642 1608 2578 1731 zu verhinderen, daß der Complot nicht vor¬
1634 1705 2568 1863 der Zeit entdechet werde. Darauf habe¬
1649 1798 2577 1928 er Inquisit seinen Bruder nochmahlen
1646 1877 2561 2013 versicheret, daß er das Beheimbnuß¬
1629 1974 2575 2105 hierüber beybehalten werde, welchemnach¬
1630 2078 2523 2186 Selbiger wieder von ihme Abscheid ge¬¬
1632 2182 1851 2256 nnommen.
1643 2213 2548 2362 Ohngefehrt zehen Tag, an einem Sontag,
1620 2329 2550 2456 seyn obgemeldt sein Bruder Bieder zu ihm
1632 2421 2571 2540 gekommen und gesagt, Er habe ihme etloas
1610 2503 2519 2629 zu Comunicieren, derobegen solle er, bo¬
1621 2595 2566 2728 möglich, noch vor 1. Uhr zu ihme in sein Hauß
1625 2687 2568 2820 komen; Indem er aber Nachdenckens ge¬
1628 2781 2565 2911 halten und beforchtet, es möchte etbas von
1624 2872 2571 3005 obigen Sachen seyn, darvon er ihme zureden
1613 2953 2588 3102 begehre, Anderseits dan auch auf die gedancken
1625 3053 2570 3196 gerathen, Vielleicht sehe es seine Beschloeg an,
1614 3143 2556 3262 deren er Medicin verordnet, so habe er sich
1614 3234 2526 3361 erst gegen 2. Uhr in Gedacht seines Bruders
1604 3325 2518 3443 Hauß verfügt, in der Meinung, daß, Hau
1609 3403 2562 3544 ohngefahrd etbas Versamblungs dort seye,
