4032 3024
2048 285 2873 422 uff fryttag den 9tag seu
2105 368 2784 500 brib den 15. t jer
2083 443 2816 564 enntibuh Wilheld Wirtzen
2075 512 2833 625 des thats Grorg von Bom̄er
2092 573 2826 712 stals Grossweibeli e tatt
2170 681 2763 820 Ersi Müller von
2181 773 2806 889 lenngstgen Hanns Bar¬
2205 842 2737 955 Matters zu Jbistgi
2206 918 2603 1029 Ergmachell
2058 1010 2847 1149 Anzeigt, wie das sy sichs wuch
2065 1106 2870 1215 lanng eines teins franckglas
2080 1178 2813 1294 Also das sy gar bheinruw diran
2089 1228 2830 1344 shan unnd synnnd aber ir volck
2084 1304 2843 1411 allwegenn ganwerchen ganns
2077 1382 2838 1482 vnnd sy also allein dateinliggen
2084 1438 2837 1541 müssenn, so habe sy ir docfter
2070 1500 2829 1601 zu fraberufft doch seinlichs
2067 1564 2803 1661 irem eiman zuuor anzeigt
2071 1644 2859 1734 der habe ir sollichs nit gwert
2075 1700 2824 1809 unnd sy 9 tag lanng by iren
2078 1745 2861 1869 iin tus sgan die habe in inn¬
2099 1834 2837 1939 massenn huff und that than
2084 1886 2860 2013 das es Iren guttet vnnd hale
2071 1956 2841 2083 sy der sach nit sonil inn irem
2080 2039 2864 2150 siechtag nachducht, das es schac
2090 2107 2869 2225 bringen sölt unnd habennd
2080 2183 2859 2297 och die zyt obmninnitisch geste
2088 2250 2814 2353 unnd trunckenn ✳ unnd ouff
2095 2317 2845 2456 inn einem gnach glas
2093 2434 2812 2606 ist uff ein gmein urfrech
2092 2545 2774 2656 usglasbenn und ledig er
2075 2614 2376 2700 nt
