4032 3024
1213 99 1829 313 fnteegen den e
1170 189 1321 270 August
1347 217 1859 371 d
1166 251 1252 322 bus
1249 256 1844 432 Der denhe grslden
1177 314 1305 400 ato
1334 340 1808 476 Caspar Glaners der
1141 405 1844 563 Burgeren, Gröry von Tomenstal
1327 494 1580 592 eybels ist
1261 593 1868 735 ApVoelonia Salninger alhie
1337 677 1540 759 puitiy
1115 706 1861 865 zu Marckhilj fürghalten ✳ wie
1203 801 1293 859 11111
1315 805 1858 938 Eynnd an ir hiruor geben
1165 861 1855 985 vr jeppycht ment lich nit komen
1148 922 1853 1054 wollenndt dann us irem lieder
1153 1005 1833 1100 lichen wäsen unnd wanndell
1148 1060 1868 1186 so sy sid irer letsten pfanngen
1165 1152 1852 1261 safft ✳ unnd darüber erlittnen
1154 1228 1864 1336 traff beganngen yuf zu machten
1136 1303 1863 1422 unnd abzenemmen sye, das sy hin und
1146 1378 1836 1485 wider wo sy umbh pwanndlet
1133 1457 1829 1562 diewyl sy nienen gewrrchet ✳ noch
1161 1530 1846 1630 seinem Meyster zedienen jingen
1136 1600 1824 1686 stelt ✳ unnd aber vil in wùrts
1141 1668 1820 1760 höseren syn) den eiten damit
1144 1732 1812 1847 y sie für brins mochte) das
1115 1815 1844 1903 irvn enffrombdet habe unnd
1187 1886 1820 1995 halben die warfeyt zebe
1144 1904 1185 1976 1
1116 1957 1806 2075 ennen ✳ unnd was syff dem
1084 2020 1836 2146 Feundicht Tönni von Stäuwburg
1135 2103 1811 2219 s sy der er salb angsprochn
1123 2169 1817 2283 vor feissen unnd zugsagt anzu
1130 2247 1795 2361 vygen sannn ernstig klisch unr
1121 2331 1417 2420 mart worden,
1132 2410 1796 2510 Darüber sy disen bscheyd geg
1153 2481 1782 2579 aber unnd erstlich ippr
2049 211 2535 327 erung halb anzeypt, wie
1941 233 2042 327 Er
1942 300 2624 379 Den alle krecht von dem synecher
1958 354 2625 463 nalen ouch bredt ✳ zim theil pr
1970 413 2618 524 halten ✳ unnd ouch in zun zyten
2015 488 2694 594 ich gelt geben habe, aber doch
1943 561 2687 654 altein uß sinem verdiennten laussopr
1958 621 2703 733 nit siner artegt uberkhemen und
2590 699 2701 762 6a1
1959 694 2550 808 iust uß keines ainderen pi
2541 749 2711 804 zeväyen,
1951 759 2660 882 zuͦ gabe sy ouch ✳ ir von sy fùnd
1957 831 2696 950 geneyt, vnnd sich dardurch bißher
1961 924 2730 1025 wie sy gnog i halten ✳ unnd genzlich
1959 976 2673 1094 nirmandt ninitt weder wenig noch wil
1952 1052 2659 1159 ouch nd fleins noch grosers mit¬
1965 1129 2664 1229 römbdet noch unruntrüwet
2259 1301 2305 1367 57
1919 1278 2674 1415 Arnne des vormelten beundicht
1974 1397 2650 1458 tönnis halben, was sy inn doch
1988 1436 2683 1525 vrrgelss ✳ b gibt si eispant wurt
1976 1494 2664 1584 das sy deneselbigen nürit annders
1975 1554 2671 1649 zugsagt, dann das sy zu ime wirer
1974 1621 2663 1724 iren vilmalen uff dielep das
1980 1698 2716 1782 geionet ✳ nachgfolget ✳ unnd inne
1990 1750 2658 1847 jeneien an halten gredt habe ✳ vr
1994 1829 2670 1923 ebl noch ein wennig wartten, danns
2000 1885 2684 1975 nns vnnd willenns gsin sich dacob
1993 1944 2664 2046 zubedeuncken ✳ unnd nach dem sy im
1987 1995 2691 2111 zuuor anzeypt, wie es iren soschlafff
1993 2074 2679 2180 lich erganpnn ✳ ouch nachfrag ze¬
1984 2140 2681 2244 gaben was dochsin tun ✳ unnd las
1960 2199 2673 2306 bittmunal sy gar mit ggan ✳ damit
2013 2257 2709 2360 y sich erneren möchten) sye unnd was
1997 2314 2706 2424 er für gut habe ✳ da er aber unan¬
1985 2368 2709 2508 gersetgen, ✳ das er zudenen lit₎ dieze
