5472 7296
667 1468 843 1663 74
1015 1410 2411 1699 Inne weiffen werde, flüchtigen fuß
1058 1544 2408 1774 gesetzt sichen aber niemahlen
1076 1634 2384 1825 uß dem Land gemacht, handern etwas
1102 1724 2402 1936 Zeits vff den Alpen hin vnd der vfge¬
1095 1798 2384 2037 halten, Als er aber vernommen, wie
1116 1911 2402 2087 gnädig und wilt ein hochern sie ober
1084 1977 2306 2184 keit gegen dergleichen ungehorsammen
1099 2077 2367 2283 doch Ires schwären fählers hertzlich
1096 2158 2333 2344 Berewenden Vnderthanen verfahre,
1118 2231 2252 2450 leige er sich in solchem arbeitseligen
1102 2332 2360 2526 gntand verners nit ufhalten, sonder
1135 2404 2395 2604 marm gnaden und Barmhertzigkeit
1124 2505 2403 2701 seiner gen oberkeit (maßen dan mit
1126 2607 2422 2789 Personlicher stellung beschech werffen
1792 2697 2433 2807 nie bedan hiemit
1120 2727 1396 2833 wöllen
1161 2773 2375 2954 dieselbige in dieffer damit seiner
1121 2859 2381 3027 begangner groben fähleren umb gnad
1140 2943 2427 3124 und verzychung und ein gnädige urtheil
1142 3071 1458 3193 bittet etc. etc.
913 3214 2110 3442 Ist einmahl im streckin Chur gen
1067 3326 2103 3489 aber nicht gemarteret worden,
753 3458 2080 3684 Nach anhörung deß von Rebellis
792 3584 2099 3769 wegen nun lang drobe verhafften Hans
798 3686 2125 3845 alte weibels zu Signaw gethaner bek
781 3775 2214 3954 habe nicht rath vnd burg, in grandigen
829 3890 2329 4037 konne seiner ehren vnd lebens, zu einer
790 3964 2447 4126 wedt und gnediger straff, imme neben abtrag
812 4054 2329 4232 loßens 400 f. vferlegt, vff Martin
795 4175 2353 4335 1614. vnd 1655. alweg zum halben theill, in
803 4256 2388 4445 paren gelt ohne andere gnad, zu entrichten,
802 4375 2423 4548 und darumb vor seiner ußlaßung, gnugsame
765 4485 1935 4650 verschribne versicherung zegeben.
1952 4508 2333 4621 darbei
763 4573 2483 4752 wauch die newe schuldigung, mit abschwerung
770 4670 1795 4849 des Bundts letsten sol
1794 4682 2492 4830 Act 15. december.
1974 4803 2326 4947 1613.
715 4876 1905 5082 die verschreibung ist morndri
1948 4937 2467 5100 tags darnach
744 5022 1886 5187 ufgericht und nichts verner
1924 5050 2126 5199 sen
789 5133 1895 5303 yngehendiget worden.
4394 1427 4578 1581 ge
3091 1556 4106 1731 Ans Dinckler
3213 1672 4380 1835 Gebürtig von Hitz kilch in den freyen
3196 1758 4275 1911 eempteren, sonst ein zeit dahar
3221 1840 4264 2009 Wonhafft zu dignaw und seines
3203 1934 4017 2070 handwercks ein schmid.
3197 2091 4625 2281 Wylen derselbig bei vergangnem Rebellion
3198 2236 4515 2364 wesen, sich mit beschlagung der grausammen
3174 2320 4535 2461 Grüglen, auch verrichtung etlicher Gott¬
3195 2414 4491 2556 schafften vnd anderen sachen mehr zimlich
3203 2495 4430 2635 eifferig gebrauchen laßen, Vnd
3187 2596 4460 2699 deßwegen ein wenig zeits vor vfnam
3210 2686 4599 2811 der huldigung uß ime hiermit gemachtem
3205 2762 4576 2905 bösem gewüßen, flüchtigen fuß gesetzt,
3211 2851 4435 2984 Volgents aber sich widerumb heimlich
3214 2930 4241 3065 zun zeiten nach seinem hauß begeben,
3322 2973 4604 3153 aben inghen und oberen befolchen, uff
3182 3069 4579 3252 Jude zuachten, vnd nach vnnser behendigung
3143 3169 4551 3315 alhar in Ir gut Statt gfencklich einsetzen
3198 3261 4590 3392 Auch Inne daruff, von nichtt verordnet
3214 3341 4638 3473 Examinatoren erforderlicher maßen
3219 3429 4564 3579 seines verhaltens examinieren sein.
3204 3481 4612 3675 maßen, dan den 22. Novembr. 1. und
3159 3603 4426 3743 Decemb. 1613. durch die hochgracht
3198 3690 4561 3857 E. E. f. f. vnd Wyßen herren H. Daūid
3227 3796 4644 3948 müller herren Abraham am Mordt, herren dannerl
3210 3885 4576 4034 Huser des kleinen. H Diner Nöttinger,
3226 3975 4637 4129 H Steffan Percet, V. Großweibel von
3220 4078 4519 4217 Wattenweil des großen Raths, In
3215 4149 4311 4332 bysyn etlicher weiblen beschechen.
3234 4237 4567 4410 Der hatt nun theills freywillig theills
3220 4348 4550 4486 vff betröwte vnd hernach angewendte
4405 4445 4530 4543 Wie
3209 4433 4194 4585 Zimliche Marter bekent,
3236 4527 3531 4704 folget
3217 4619 4581 4797 Deß Ersten, Als vff ein Zeit ein weinig
3237 4755 4616 4907 vor osteren bei inen Zeitung eingelangt,
3225 4830 4673 4984 ob soltent vil fraude volcker sich umb und bei
3182 4931 4625 5085 Zoffingen gelegt, deß vorhabens sy zu überge
3208 4999 4653 5178 Ziechen, vnd das land zuuerderben, seye
3217 5102 4597 5267 er von etlichen, so im hochenhuß zu signaw
3218 5192 4608 5335 bei einanderen in der großen stul gewesen
3217 5272 4590 5428 beschickt, vnd volgents von Inen ernstlich
3216 5376 4612 5524 angemahnt und befelchnet worden, nacher
3198 5407 4675 5616 hoffingen zugehen, umb zu sehen, was für frömd
3211 5515 4690 5717 Volck daselbsten, vnd was er vorhaben seye,
3192 5649 4610 5798 Worüber er sich vff die straß gemacht,
3221 5712 4665 5892 aber nit weithers, weder biß gan langenthal
3206 5802 4609 5981 alda erzeitung bekommen, daß kein frau
3217 5889 4572 6081 volck verhanden) gereißet, vnd mit disem
4715 5668 4789 5816 i
