5472 7296
642 1360 845 1525 113.
1050 1438 2454 1632 Der thätter zu ruk gesprungen, vnd seyn wehr
1126 1542 2457 1735 auch gezukt, worüber der entlybte alß
1123 1659 2357 1803 bald wider zu fur gehouwen, diser aber
1135 1767 2439 1944 mit den dagen pariert und den entlybte
1146 1855 2489 2031 abweichen wollen, Alß der entlybte aber
1123 1961 2455 2155 starck vf Ime zugetrukt, habe er den
1100 2072 2436 2276 lagen gegen imme gestreckt und uf innen
1111 2193 2395 2381 gestoßen, also daß in der dägen in lyb
1123 2301 2456 2495 gegangen und sye hiemit synes bedunckens
1083 2417 2385 2581 der entlybte schier selbs in das wehr
1125 2513 2415 2685 gesprungen und alß der stich geschechen, sye
1108 2621 2404 2790 der thutter zur thüren usgangen, jedoch uf
1099 2736 2428 2909 der Stägen stehen bliben, der entlebte
1147 2828 2438 3018 aber zu imme bezig gesprochen Jehus
1082 2932 2364 3132 Bruder ich bin gestochen, darüber er
1123 3066 2403 3231 in syne arm gefallen, allßbald vollendts
1126 3152 2300 3342 gesuncken und verscheiden. Woruff in
1100 3280 2299 3453 zwen andere Cameraden ins hus
1109 3382 2484 3576 kommen, sy heimb ze suchen, oder daß sy sonst
1107 3510 2321 3671 das gestühel gehordt haben möchten
1103 3609 2424 3786 Und wylen ihr wirth Marthi Waltert
1117 3708 2398 3903 auch darzu kommen, habe er disen zwey
1102 3821 2414 4017 beuolchen den thätter nit gehen gelaßen.
1097 3938 2403 4124 er wölle die wacht holen, welches auch
1102 4048 2370 4230 beschehen, da sie er gezug nebendt
1081 4163 2427 4367 dem thätter in grest genommen worden.
1107 4279 2421 4452 anders seye in mit unwüßen, dan
1076 4387 2327 4571 daß dißem alten grollen und der
1110 4507 2348 4693 entlebte den thäter vor disem auch
1083 4626 2384 4808 schon herus genorderet habe, welches
1063 4735 1897 4928 Im aber nit begegnet.
1031 4892 2444 5152 Disere beide abgemelte gezügen habendt
1066 5070 2435 5252 hernach disere ihre ussag, mit ufgehabten
1066 5193 2376 5381 handen und einen geschwornen endt be-
1068 5290 1399 5445 stättiget.
1002 5461 2430 5732 N. Caria Mahler von Trachselwaldt ein
1059 5666 2389 5855 meitli von 14 jahren, so by hern Marthi
1068 5781 2406 6004 walterdt dienet bezüget, das
4363 1391 4597 1561 114.
3047 1465 4537 1694 Diel aus Jordan der Thäter einzig zum hus
3114 1630 4585 1808 kommen und geklopfet, und alß es imme die hußthür
3109 1722 4550 1891 uf gethan, habe er gefragt, ob seine Cameraden
3080 1831 4593 1976 da syen. Habe es geantwortet nein. Daruf er
3124 1930 4572 2112 gesagt, es solle warten, sy die schellmein werden.
3097 2035 4595 2195 bald kommen, aber ich wil nach hinacht mit dem
3127 2130 4585 2308 großen müsteren, sag du aber ant und halt dyn
3145 2237 4576 2412 manen, daruf seye er hinf gangen, aber bald
3130 2334 4643 2534 wider die stägen abgefallen und schutzlich gefluchet,
3126 2461 4638 2598 Alß er aber wider die stuben zunf kommen,
3107 2563 4565 2727 habe er den dägen in die Stuben geworffen,
3123 2673 4592 2850 und damit ein schyben brochen und zu der fr
3115 2783 4543 2961 gesagt du garonie, wilten unß dan gar
3129 2899 4620 3078 für hundts etc. halten, müeßen wir nit allwochen
3110 3024 4581 3207 6 bz geben, und konst vnß nit mit der
3103 3140 4632 3304 Latternen schicken rechen, daß wir nit müeßen
3137 3243 4623 3405 die stagen abfallen und den halß zerbrechen
3109 3356 4652 3554 darüber die er gesagt, was zu Lumpwas
3112 3477 4651 3647 hastu mich in mynem hus zu schelten, gang nider
3101 3583 4656 3769 hastu ettwas mit nur zu reden, so thun es morn,
3104 3711 4593 3903 zetteste desto minderen getruncken, daß den
3157 3818 4591 4025 wnstest was zu sagtest. Darüber er
3135 3937 4644 4137 geantwortet, was meinste du haronien
3140 4062 4664 4251 verbünsum es, du hast nur es nit bezalt
3098 4182 4636 4374 Ich mag sauffen, so vill alß Ich wil vber
3114 4284 4654 4504 Diß seye der entlybete auch in die stuben
3135 4408 4613 4607 kommen und zum thätter gesagt, es bruder
3154 4526 4625 4721 was denkste, daß da mit der fr so balgiste
3167 4647 4650 4825 wir haben doch mit anders, weder alles liebs
3160 4738 4677 4931 und guts von ihro empfangen und hast also mit
3116 4858 4665 5082 Fra hus, woruf der thädter geantwortet.
3174 4966 4704 5212 was geheit es sich die Schelm, Inzwüschen habe
3164 5091 4661 5308 sie er ins die gezügin ihren man zurechen
3129 5201 4632 5461 zum thor geschickt und alß es die stägen ab-
3171 5287 4674 5544 kommen, habe es die beiden abgemelten gezügen
3157 5404 4721 5681 Geörg Kall und sich mundt Ullrich von Strachwitz
3187 5554 4672 5773 angetroffen, und habe Sigmundt Ullrich zum
3185 5593 4779 5905 anderen gesagt, wyl die er also balget, so will
3164 5739 4762 6018 Ich nit hinf, sonder heimbgehen, welches auch beschehen
