5472 7296
773 1386 942 1527 165.
1133 3175 1201 3336 s
1218 1457 2557 1671 gerathen, dan ermelter H. Predicant
1227 1593 2620 1750 seine empfangne zwentzig Malter widerumb
1230 1681 2569 1843 wannen laßen, vnd bei ein vnd dryßig
1185 1766 2523 1936 Viertel Sprecher darunder gefunden.
1213 1871 2594 2023 Deßen der S. Rothbletz dan auch verwahrnet
2054 1968 2527 2094 Darüber dan
1225 1989 1530 2108 worden.
1867 2006 1973 2125 l
1222 2046 2588 2202 erfolget, daß er nicher Ime Ingebildet,
1205 2148 2567 2300 Hans Schub der Träyer seiner gespanen
1203 2239 2573 2359 seiner in gemeltem zenden, habe Inne verleidet
1218 2336 2605 2476 Dannenharer anlaß genomen findtschafft
1225 2415 2448 2559 wider Inne gehaben, Inmaßen als er
1223 2488 2657 2662 Lüscher gedachten Fräyer ein wenig darnach
1206 2602 2569 2742 zu Craw angetroffen, vnd da dannen
1207 2680 2510 2833 mit einanderen nacher Endtfelden als
1174 2766 2600 2913 irem heimath gegangen, berührter wäger
1226 2846 2578 2993 mit anders dan ein steckli in seiner hand
1215 2927 2526 3087 gehabt, tüscher aber mit einem wehr
1215 3016 2566 3169 vnd buffer in seinem Sack versechen war
1187 3116 2546 3248 habe er disen seinen gespanen den wäger
1203 3214 2517 3339 ohne gegebnen anlaßen angriffen, selbige
1178 3290 2461 3435 nit allen wol zerschlag, und mit dem
1198 3374 2562 3517 wehr dergestalten am Haupt verwundt,
1226 3458 2529 3610 daß als er befangne daruf fortgangen
1169 3546 2481 3683 zu einem seiner angetroffnen nachburen
1215 3627 2550 3776 befolchen zu im verwunden zu sach, daß er
1165 3712 2494 3858 sich nit verblute, sondern habe auch
1197 3805 2513 3950 nachdem er inne zu boden gelegt hatte, zu
1175 3888 2571 4032 Ime gesprochen, wan ich die demen verdien¬
1187 3971 2612 4124 Lohn anthete, so wurde Ich dich jetz alßo
1174 4048 2510 4190 bald zu boden schießen, wie er dan be¬
1166 4136 2587 4277 kantlich sein müßte, daß anfencklich, da
1161 4228 2595 4359 Inne der Jorg deme er sonst über die mas
1166 4309 2531 4467 vnderworffen seye) übernommen hatte,
1171 4395 2447 4521 er bedacht gsein were, Inne vollendts
1171 4493 2470 4619 und gar ußen zu machen, wyl er aber an syn
1158 4560 2575 4712 Trägers kleine kinder gesinnet, habes
1171 4650 1709 4769 gune geruwetz.
1153 4733 2556 4907 Sonst müße er auch bekennen, daß er Jeder¬
1179 4850 2604 4993 wylen ain buffer bei sich gehabt, zu dem end
1187 4904 2556 5037 daß er sich wider die weibel vnd pro¬
1149 4981 2570 5129 fosen, fahls sy inne antasten wurdent, dar-
1129 5088 2596 5256 ait zu wehren und im fahl der noth sich
1142 5183 2084 5326 deßelben gebrauch könne.
1105 5279 2486 5521 fentlichen dan syn vff Ires weibels zu
1137 5447 2467 5600 Engfelden Eidtliches gebieten, auch mit
1154 5561 2463 5692 anderen nacher Melligen Jogel, aber kein
1149 5609 2509 5769 überwehr, sondern nur ein feld pfeiffen
1113 5688 2511 5862 gehabt, im übrigen habe erstiche
4552 1478 4714 1602 166.
3229 1510 4588 1758 Der verndrige rebention bim wenigste
3290 1649 4693 1847 nichts angenommen, sittenmahlen er auch
3269 1751 4708 1924 Damahlen wenigs zeits im land, sondern
3282 1853 4596 1992 mehrentheils im Frickthal und Elsas
4580 1878 4669 2013 7
3282 1936 3653 2051 gewesen.
3266 2053 4737 2247 Ist vorräth und isturger erkent, daß
3302 2180 4718 2349 er uff ermelt unghen rath und Jurgeren
3274 2275 4756 2442 gnad hin ins Schallenwerch sölle geschmidet
3289 2384 3599 2514 werd.
3750 2377 4509 2549 22. augusti 1654.
