<?xml version="1.0" encoding="UTF-8" standalone="yes"?>
<PcGts xmlns="http://schema.primaresearch.org/PAGE/gts/pagecontent/2013-07-15" xmlns:xsi="http://www.w3.org/2001/XMLSchema-instance" xsi:schemaLocation="http://schema.primaresearch.org/PAGE/gts/pagecontent/2013-07-15 http://schema.primaresearch.org/PAGE/gts/pagecontent/2013-07-15/pagecontent.xsd">
    <Metadata>
        <Creator>prov=University of Rostock/Institute of Mathematics/CITlab|PLANET AI GmbH/Gundram Leifert/gundram.leifert@planet-ai.de:name=German_Kurrent_XVI-XVIII_M1(htr_id=19584)::::v=2.6.6
prov=University of Rostock/Institute of Mathematics/CITlab|PLANET AI GmbH/Tobias Gruening/tobias.gruening@planet-ai.de:name=de.uros.citlab.module.baseline2polygon.B2PSeamMultiOriented:v=2.6.6
prov=University of Rostock/Institute of Mathematics/CITlab|PLANET AI GmbH/Tobias Gruening/tobias.gruening@planet-ai.de:name=/net_tf/LA73_249_0mod360.pb:de.uros.citlab.segmentation.CITlab_LA_ML:v=2.6.6
Transkribus</Creator>
        <Created>2020-10-05T15:04:08.140+02:00</Created>
        <LastChange>2022-09-09T16:02:48.723+02:00</LastChange>
        <TranskribusMetadata docId="1334831" pageId="52361586" pageNr="134" tsid="114643372" status="IN_PROGRESS" userId="9570" imgUrl="https://files.transkribus.eu/Get?id=PWYIEJIMEGDJKORCIKBZHRBW&amp;fileType=view" xmlUrl="https://files.transkribus.eu/Get?id=SAJFBFQHKYYYLPSGRPSHNHHI" imageId="16067811"/>
    </Metadata>
    <Page imageFilename="Turmbuch_StAB B IX 476_00134-20200925_084601.jpg" imageWidth="5472" imageHeight="7296">
        <ReadingOrder>
            <OrderedGroup id="ro_1687513732170" caption="Regions reading order">
                <RegionRefIndexed index="0" regionRef="r1"/>
                <RegionRefIndexed index="1" regionRef="r2"/>
            </OrderedGroup>
        </ReadingOrder>
        <TextRegion orientation="0.0" id="r1" custom="readingOrder {index:0;}">
            <Coords points="848,1694 848,6288 2680,6288 2680,1694"/>
            <TextLine id="r1l1" custom="readingOrder {index:0;} place {offset:0; length:4;} place {offset:19; length:10;}">
                <Coords points="845,1776 2069,1754 2228,1831 2293,1776 2651,1815 2651,1727 2548,1681 2268,1644 2106,1722 1901,1709 1770,1625 846,1638"/>
                <Baseline points="856,1764 945,1764 1034,1766 1123,1766 1212,1764 1302,1764 1391,1762 1480,1762 1569,1760 1658,1760 1748,1758 1837,1758 1926,1758 2015,1758 2104,1760 2194,1762 2283,1766 2372,1770 2461,1776 2550,1782 2640,1790"/>
                <TextEquiv>
                    <Unicode>Baun, Datt, ab dem Renterbend ein unsch beisender</Unicode>
                </TextEquiv>
            </TextLine>
            <TextLine id="r1l2" custom="readingOrder {index:1;} place {offset:14; length:12;}">
                <Coords points="1153,1908 1280,1947 1478,1899 1610,1964 2018,1890 2503,1923 2503,1845 2330,1794 2261,1847 2009,1796 1838,1858 1661,1786 1153,1795"/>
                <Baseline points="1164,1898 1230,1898 1296,1898 1363,1898 1429,1898 1496,1896 1562,1895 1628,1894 1695,1892 1761,1892 1828,1890 1894,1890 1960,1890 2027,1890 2093,1890 2160,1892 2226,1894 2292,1896 2359,1901 2425,1904 2492,1910"/>
                <TextEquiv>
                    <Unicode>Sub, wird ins Schallenberk erkennt. 1783.</Unicode>
                </TextEquiv>
            </TextLine>
            <TextLine id="r1l3" custom="readingOrder {index:2;} person {offset:7; length:8;} person {offset:20; length:5;}">
                <Coords points="837,2123 1712,2054 1857,2117 2033,2049 2211,2128 2312,2061 2652,2104 2569,1991 2193,1964 2087,1901 1946,2004 1847,1937 1694,2015 1586,1957 1061,1976 838,1806"/>
                <Baseline points="848,2054 937,2058 1027,2060 1116,2062 1206,2060 1296,2060 1385,2057 1475,2055 1564,2052 1654,2050 1744,2047 1833,2044 1923,2044 2012,2044 2102,2045 2192,2048 2281,2052 2371,2059 2460,2068 2550,2080 2640,2094"/>
                <TextEquiv>
                    <Unicode>Synen, Christen, v. Baron, wegen Substählen d. 210</Unicode>
                </TextEquiv>
            </TextLine>
            <TextLine id="r1l4" custom="readingOrder {index:3;} person {offset:0; length:7;} person {offset:9; length:7;}">
                <Coords points="861,2321 933,2371 1066,2285 1223,2280 1374,2344 1505,2248 1798,2318 1872,2267 2052,2319 2124,2264 2281,2330 2445,2262 2623,2314 2622,2167 2509,2130 2394,2216 2273,2159 1842,2182 1666,2123 1581,2176 1350,2129 1154,2218 860,2131"/>
                <Baseline points="872,2270 959,2266 1046,2264 1133,2260 1220,2255 1307,2252 1394,2248 1481,2244 1568,2242 1655,2240 1742,2238 1829,2238 1916,2238 2003,2238 2090,2240 2177,2242 2264,2245 2351,2251 2438,2257 2525,2264 2612,2274"/>
                <TextEquiv>
                    <Unicode>Beymann, Abraham, der Sagter allhie, wegen dies¬</Unicode>
                </TextEquiv>
            </TextLine>
            <TextLine id="r1l5" custom="readingOrder {index:4;}">
                <Coords points="1270,2449 1302,2442 1351,2479 1482,2406 1595,2416 1651,2455 1715,2406 1877,2421 1927,2404 1926,2286 1799,2320 1753,2276 1716,2279 1688,2302 1640,2291 1576,2338 1497,2341 1444,2305 1375,2342 1335,2308 1268,2325"/>
                <Baseline points="1280,2400 1311,2399 1343,2398 1375,2398 1407,2398 1439,2398 1470,2396 1502,2396 1534,2396 1566,2396 1598,2395 1629,2394 1661,2394 1693,2394 1725,2394 1757,2394 1788,2394 1820,2394 1852,2394 1884,2394 1916,2394"/>
                <TextEquiv>
                    <Unicode>stahlen. 217. 226.</Unicode>
                </TextEquiv>
            </TextLine>
            <TextLine id="r1l6" custom="readingOrder {index:5;} person {offset:0; length:9;} person {offset:11; length:18;}">
                <Coords points="843,3228 1277,3307 1561,3266 1748,3334 1868,3281 1963,3319 2078,3236 2339,3317 2563,3289 2563,3178 2276,3126 2071,3194 1967,3132 1824,3188 1657,3118 842,3163"/>
                <Baseline points="854,3230 938,3234 1023,3238 1108,3239 1193,3240 1278,3240 1363,3240 1448,3239 1533,3238 1618,3236 1703,3234 1787,3234 1872,3232 1957,3230 2042,3230 2127,3228 2212,3228 2297,3230 2382,3232 2467,3234 2552,3238"/>
                <TextEquiv>
                    <Unicode>Chandrens, Joseph v. Cassanas, wegen geleidigung</Unicode>
                </TextEquiv>
            </TextLine>
            <TextLine id="r1l7" custom="readingOrder {index:6;}">
                <Coords points="1256,3411 1386,3468 1446,3431 1497,3449 1524,3430 1554,3437 1630,3386 1716,3395 1715,3312 1664,3291 1593,3312 1563,3299 1505,3322 1480,3301 1436,3299 1413,3318 1339,3290 1256,3312"/>
                <Baseline points="1268,3370 1293,3373 1319,3376 1344,3379 1370,3381 1396,3382 1421,3383 1447,3384 1473,3384 1498,3384 1524,3383 1550,3381 1575,3380 1601,3379 1627,3377 1652,3375 1678,3373 1704,3368"/>
                <TextEquiv>
                    <Unicode>Meyschl. 193.</Unicode>
                </TextEquiv>
            </TextLine>
            <TextLine id="r1l8" custom="readingOrder {index:7;} person {offset:0; length:12;} person {offset:22; length:6;} person {offset:33; length:5;}">
                <Coords points="865,4228 990,4176 1158,4206 1319,4122 1902,4181 1977,4128 2338,4170 2564,4109 2563,4037 2358,4006 2259,4078 2106,3993 1944,3987 1843,4048 1654,3996 1458,4057 1303,3981 1107,4044 864,3946"/>
                <Baseline points="876,4108 959,4110 1043,4112 1127,4114 1211,4114 1295,4116 1378,4116 1462,4116 1546,4118 1630,4118 1714,4116 1797,4116 1881,4116 1965,4114 2049,4114 2133,4112 2216,4110 2300,4108 2384,4106 2468,4102 2552,4100"/>
                <TextEquiv>
                    <Unicode>Dnoris strak, genannt Busset, v. Renan, wegen</Unicode>
                </TextEquiv>
            </TextLine>
            <TextLine id="r1l9" custom="readingOrder {index:8;} person {offset:16; length:8;} place {offset:29; length:9;}">
                <Coords points="1250,4323 1550,4321 1619,4365 1764,4287 2040,4366 2240,4266 2404,4348 2542,4268 2660,4312 2660,4205 2200,4153 1930,4226 1803,4153 1664,4200 1597,4152 1454,4183 1382,4126 1248,4145"/>
                <Baseline points="1260,4270 1329,4270 1398,4270 1468,4270 1537,4270 1607,4268 1676,4268 1745,4268 1815,4266 1884,4266 1954,4264 2023,4264 2092,4264 2162,4262 2231,4262 2301,4262 2370,4262 2439,4262 2509,4264 2578,4264 2648,4266"/>
                <TextEquiv>
                    <Unicode>Verfertigung v. Stempeln zum Falsahmen,</Unicode>
                </TextEquiv>
            </TextLine>
            <TextLine id="r1l10" custom="readingOrder {index:9;}">
                <Coords points="1216,4494 1313,4430 1371,4424 1422,4433 1461,4473 1493,4455 1541,4481 1645,4447 1673,4466 1784,4460 1819,4447 1820,4336 1727,4353 1663,4327 1614,4364 1568,4324 1503,4353 1464,4337 1406,4376 1217,4316"/>
                <Baseline points="1228,4422 1257,4421 1286,4420 1315,4420 1344,4419 1373,4418 1402,4418 1431,4418 1460,4420 1489,4420 1518,4420 1547,4422 1576,4422 1605,4422 1634,4423 1663,4424 1692,4424 1721,4424 1750,4424 1779,4424 1808,4424"/>
                <TextEquiv>
                    <Unicode>Den 243. 245.</Unicode>
                </TextEquiv>
            </TextLine>
            <TextLine id="r1l11" custom="readingOrder {index:10;} person {offset:14; length:9; continued:true;}">
                <Coords points="860,5167 1010,5174 1093,5107 1176,5147 1361,5106 1474,5168 1592,5134 1672,5162 1673,5012 1578,4993 1490,5025 1384,4993 1333,5036 1209,4969 1110,4987 1006,4934 930,4948 860,4920"/>
                <Baseline points="872,5098 911,5100 951,5100 990,5100 1030,5101 1069,5102 1109,5102 1148,5102 1188,5102 1227,5102 1267,5102 1306,5102 1346,5100 1385,5100 1425,5100 1464,5102 1504,5102 1543,5102 1583,5102 1622,5102 1662,5104"/>
                <TextEquiv>
                    <Unicode>Eberstold vnd aberstold</Unicode>
                </TextEquiv>
            </TextLine>
            <TextLine id="r1l12" custom="readingOrder {index:11;} person {offset:0; length:12; continued:true;}">
                <Coords points="858,5340 1007,5275 1149,5363 1434,5283 1717,5325 1953,5248 2361,5339 2692,5225 2531,5138 2317,5127 1689,5182 1599,5137 1475,5206 1141,5139 1036,5192 856,5167"/>
                <Baseline points="868,5264 958,5264 1049,5263 1139,5262 1230,5262 1321,5262 1411,5262 1502,5260 1592,5260 1683,5259 1774,5258 1864,5258 1955,5256 2045,5254 2136,5252 2227,5250 2317,5248 2408,5245 2498,5242 2589,5238 2680,5234"/>
                <TextEquiv>
                    <Unicode>Eichenberger, Hand, der hintend Bott, v. Rynach, wegen</Unicode>
                </TextEquiv>
            </TextLine>
            <TextLine id="r1l13" custom="readingOrder {index:12;}">
                <Coords points="1203,5497 1589,5526 1930,5446 2277,5519 2359,5446 2583,5459 2659,5409 2657,5285 2383,5356 2142,5307 1578,5387 1413,5321 1201,5342"/>
                <Baseline points="1214,5420 1285,5422 1357,5424 1428,5426 1500,5426 1572,5428 1643,5428 1715,5428 1786,5428 1858,5426 1930,5426 2001,5424 2073,5422 2144,5420 2216,5418 2288,5415 2359,5412 2431,5410 2502,5407 2574,5402 2646,5398"/>
                <TextEquiv>
                    <Unicode>Ausstangung Ihr Gnaden Unterthanen d. 25 J.</Unicode>
                </TextEquiv>
            </TextLine>
            <TextLine id="r1l14" custom="readingOrder {index:13;} person {offset:0; length:4;} person {offset:6; length:6;} place {offset:32; length:8;}">
                <Coords points="850,6168 1024,6199 1240,6113 1342,6169 1570,6083 1767,6185 2059,6096 2178,6198 2304,6100 2678,6054 2676,5934 2598,5916 2451,5994 2349,5956 2135,6012 1665,5946 1223,6002 972,5922 849,6004"/>
                <Baseline points="862,6094 952,6092 1042,6090 1132,6090 1222,6090 1313,6092 1403,6094 1493,6094 1583,6096 1673,6098 1764,6098 1854,6100 1944,6098 2034,6098 2124,6095 2215,6092 2305,6086 2395,6080 2485,6071 2575,6061 2666,6048"/>
                <TextEquiv>
                    <Unicode>Frey, sammel gebe Schultheiß zu Lantburg, begendern</Unicode>
                </TextEquiv>
            </TextLine>
            <TextLine id="r1l15" custom="readingOrder {index:14;} person {offset:10; length:11;}">
                <Coords points="1189,6322 1654,6339 1851,6258 2134,6340 2264,6262 2574,6249 2573,6166 2355,6097 2167,6210 2032,6131 1862,6212 1684,6189 1565,6089 1430,6169 1254,6137 1187,6170"/>
                <Baseline points="1200,6244 1268,6246 1336,6248 1404,6250 1472,6250 1540,6252 1608,6252 1676,6252 1744,6252 1812,6252 1881,6251 1949,6250 2017,6248 2085,6247 2153,6244 2221,6243 2289,6240 2357,6237 2425,6234 2493,6230 2562,6226"/>
                <TextEquiv>
                    <Unicode>dacht als Theilnehmer am Aufruhr M. 24.</Unicode>
                </TextEquiv>
            </TextLine>
            <TextEquiv>
                <Unicode>Baun, Datt, ab dem Renterbend ein unsch beisender
Sub, wird ins Schallenberk erkennt. 1783.
Synen, Christen, v. Baron, wegen Substählen d. 210
Beymann, Abraham, der Sagter allhie, wegen dies¬
stahlen. 217. 226.
Chandrens, Joseph v. Cassanas, wegen geleidigung
Meyschl. 193.
Dnoris strak, genannt Busset, v. Renan, wegen
Verfertigung v. Stempeln zum Falsahmen,
Den 243. 245.
Eberstold vnd aberstold
Eichenberger, Hand, der hintend Bott, v. Rynach, wegen
Ausstangung Ihr Gnaden Unterthanen d. 25 J.
Frey, sammel gebe Schultheiß zu Lantburg, begendern
dacht als Theilnehmer am Aufruhr M. 24.</Unicode>
            </TextEquiv>
        </TextRegion>
        <TextRegion orientation="0.0" id="r2" custom="readingOrder {index:1;}">
            <Coords points="2874,1699 2874,6296 4746,6296 4746,1699"/>
            <TextLine id="r2l1" custom="readingOrder {index:0;} person {offset:7; length:5;}">
                <Coords points="2919,1787 3070,1848 3256,1784 3450,1865 3538,1816 3706,1881 3827,1823 3999,1902 4072,1859 4415,1908 4425,1791 4384,1776 4253,1795 3890,1703 3440,1706 3023,1621 2931,1649"/>
                <Baseline points="2932,1778 3005,1774 3079,1772 3153,1772 3226,1772 3300,1774 3374,1778 3447,1783 3521,1787 3595,1794 3669,1802 3742,1809 3816,1817 3890,1825 3963,1834 4037,1843 4111,1851 4184,1859 4258,1866 4332,1873 4406,1880"/>
                <TextEquiv>
                    <Unicode>Posch, Lucia, v. thun, wegen diebstahl 118. 194.</Unicode>
                </TextEquiv>
            </TextLine>
            <TextLine id="r2l2" custom="readingOrder {index:1;} person {offset:10; length:5;} person {offset:17; length:11;}">
                <Coords points="2916,1959 3036,2044 3311,1930 3530,2035 3636,1987 3700,2059 3846,1994 4175,2088 4275,2052 4340,2108 4469,2057 4529,2089 4535,2011 3726,1869 3653,1908 3391,1818 3291,1894 3000,1814 2924,1843"/>
                <Baseline points="2926,1962 3005,1952 3085,1946 3165,1942 3244,1942 3324,1942 3404,1946 3483,1950 3563,1956 3643,1963 3723,1973 3802,1981 3882,1991 3962,2001 4041,2010 4121,2018 4201,2026 4280,2033 4360,2040 4440,2044 4520,2046"/>
                <TextEquiv>
                    <Unicode>Deviserin David, Hans Jakobr unehel. Sohn, wegen</Unicode>
                </TextEquiv>
            </TextLine>
            <TextLine id="r2l3" custom="readingOrder {index:2;}">
                <Coords points="3278,2129 3522,2112 3673,2129 3706,2159 3766,2130 3946,2168 3954,2043 3900,2056 3841,2031 3701,2059 3614,2000 3545,2038 3480,2003 3424,2011 3374,1962 3286,1995"/>
                <Baseline points="3292,2098 3324,2098 3356,2100 3388,2100 3420,2101 3453,2102 3485,2103 3517,2104 3549,2107 3581,2108 3614,2110 3646,2113 3678,2114 3710,2116 3742,2119 3775,2123 3807,2125 3839,2129 3871,2133 3903,2136 3936,2140"/>
                <TextEquiv>
                    <Unicode>Verwundung. 215.</Unicode>
                </TextEquiv>
            </TextLine>
            <TextLine id="r2l4" custom="readingOrder {index:3;} person {offset:11; length:6;} person {offset:22; length:6;} person {offset:30; length:9;}">
                <Coords points="2894,2268 3018,2246 3155,2315 3445,2262 3762,2327 3847,2276 3962,2358 4035,2300 4252,2370 4408,2324 4627,2371 4651,2224 3970,2150 3504,2204 3433,2132 3139,2162 2907,2068"/>
                <Baseline points="2908,2248 2994,2242 3080,2240 3166,2238 3252,2238 3339,2240 3425,2244 3511,2248 3597,2254 3683,2259 3770,2266 3856,2275 3942,2282 4028,2290 4114,2298 4201,2306 4287,2314 4373,2320 4459,2326 4545,2332 4632,2336"/>
                <TextEquiv>
                    <Unicode>Dat nacht, Rosina, H: Barthl. Waltharts des Predikanten</Unicode>
                </TextEquiv>
            </TextLine>
            <TextLine id="r2l5" custom="readingOrder {index:4;} place {offset:3; length:8;} place {offset:17; length:4;}">
                <Coords points="3240,2442 3446,2479 3534,2403 3610,2403 3679,2456 3840,2423 4009,2498 4316,2511 4394,2449 4506,2511 4606,2498 4613,2373 4257,2374 4184,2309 4063,2365 3859,2302 3783,2360 3692,2297 3631,2351 3429,2289 3248,2304"/>
                <Baseline points="3256,2382 3323,2383 3390,2386 3457,2387 3524,2390 3591,2393 3658,2396 3725,2400 3792,2404 3859,2408 3926,2412 3993,2416 4060,2420 4127,2425 4194,2429 4261,2434 4328,2438 4395,2443 4462,2446 4529,2452 4596,2454"/>
                <TextEquiv>
                    <Unicode>zu Cappelen Lohn Faun, wegen diebstahl. 229.</Unicode>
                </TextEquiv>
            </TextLine>
            <TextLine id="r2l6" custom="readingOrder {index:5;} person {offset:7; length:6;}">
                <Coords points="2892,3235 3079,3130 3211,3191 3529,3152 3646,3236 3842,3177 4054,3241 4175,3171 4341,3180 4463,3262 4666,3210 4670,3106 4519,3125 4390,3055 4314,3099 3771,3047 3653,3100 3564,3034 3416,3086 3306,3007 3186,3053 3025,2975 2902,3000"/>
                <Baseline points="2908,3120 2995,3124 3082,3126 3169,3130 3257,3132 3344,3135 3431,3136 3519,3138 3606,3141 3693,3142 3781,3146 3868,3148 3955,3152 4042,3155 4130,3159 4217,3165 4304,3170 4392,3176 4479,3183 4566,3192 4654,3202"/>
                <TextEquiv>
                    <Unicode>Gsell, Caster und dem Elsaß, wegen darüberterting 19.</Unicode>
                </TextEquiv>
            </TextLine>
            <TextLine id="r2l7" custom="readingOrder {index:6;} person {offset:0; length:5;} person {offset:7; length:3;} person {offset:20; length:7;} person {offset:29; length:12;}">
                <Coords points="2904,3319 3449,3316 3564,3417 3725,3353 3978,3329 4087,3398 4271,3339 4552,3427 4757,3378 4759,3328 4517,3243 4243,3292 4097,3213 3604,3255 3539,3195 3414,3258 3324,3194 2995,3172 2907,3227"/>
                <Baseline points="2916,3302 3007,3300 3099,3300 3190,3300 3282,3300 3373,3300 3465,3301 3556,3302 3648,3304 3739,3306 3831,3308 3922,3312 4014,3315 4105,3319 4197,3324 4288,3328 4380,3336 4471,3342 4563,3348 4654,3357 4746,3366"/>
                <TextEquiv>
                    <Unicode>Balli, Uli, und dem Eggilÿl, theilnehmern Redlichehrer</Unicode>
                </TextEquiv>
            </TextLine>
            <TextLine id="r2l8" custom="readingOrder {index:7;}">
                <Coords points="3339,3451 3593,3469 3816,3571 3925,3487 4247,3508 4251,3395 4214,3403 4142,3349 4087,3398 4038,3366 3867,3425 3762,3382 3562,3417 3493,3345 3396,3407 3341,3398"/>
                <Baseline points="3350,3444 3394,3444 3438,3446 3483,3448 3527,3450 3572,3452 3616,3453 3660,3455 3705,3457 3749,3459 3794,3461 3838,3463 3882,3464 3927,3466 3971,3468 4016,3469 4060,3470 4104,3470 4149,3470 4193,3470 4238,3470"/>
                <TextEquiv>
                    <Unicode>am Innernhering. 54. B</Unicode>
                </TextEquiv>
            </TextLine>
            <TextLine id="r2l9" custom="readingOrder {index:8;} person {offset:0; length:18;}">
                <Coords points="2869,3649 3006,3637 3117,3705 3286,3630 3839,3726 3941,3667 4151,3732 4373,3661 4615,3678 4618,3577 4529,3553 4437,3596 3924,3541 3818,3598 3712,3534 3091,3531 3007,3464 2874,3524"/>
                <Baseline points="2882,3610 2968,3610 3054,3611 3140,3612 3226,3614 3312,3616 3398,3618 3484,3622 3570,3624 3656,3627 3743,3632 3829,3634 3915,3638 4001,3642 4087,3644 4173,3648 4259,3652 4345,3654 4431,3658 4517,3660 4604,3662"/>
                <TextEquiv>
                    <Unicode>Burtheller Stoffel wegen Ehe versprechungen. 145.</Unicode>
                </TextEquiv>
            </TextLine>
            <TextLine id="r2l10" custom="readingOrder {index:9;} person {offset:0; length:7;} person {offset:9; length:4;} person {offset:18; length:11;}">
                <Coords points="2862,3789 3831,3824 3891,3888 4071,3829 4205,3909 4306,3843 4687,3854 4689,3775 4601,3715 4377,3794 4222,3725 4081,3783 3892,3703 3509,3761 3414,3703 3315,3763 3075,3668 2865,3666"/>
                <Baseline points="2874,3788 2964,3790 3054,3792 3144,3794 3234,3796 3324,3798 3414,3801 3504,3804 3594,3806 3684,3810 3775,3812 3865,3814 3955,3818 4045,3820 4135,3823 4225,3826 4315,3829 4405,3832 4495,3834 4585,3836 4676,3838"/>
                <TextEquiv>
                    <Unicode>Butmann, Anna, v. Müntscheman, wegen vierten</Unicode>
                </TextEquiv>
            </TextLine>
            <TextLine id="r2l11" custom="readingOrder {index:10;}">
                <Coords points="3346,4005 3410,4026 3549,4019 3628,4057 3718,3986 3800,3975 3890,4040 3923,4012 4018,4001 4022,3883 3911,3900 3834,3854 3772,3895 3732,3864 3662,3880 3599,3845 3551,3869 3473,3857 3431,3888 3351,3848"/>
                <Baseline points="3358,3954 3390,3954 3423,3954 3455,3954 3488,3956 3520,3956 3553,3958 3585,3960 3618,3960 3650,3962 3683,3962 3715,3964 3748,3966 3780,3966 3813,3968 3845,3969 3878,3970 3910,3972 3943,3972 3975,3973 4008,3974"/>
                <TextEquiv>
                    <Unicode>Ansuchtfehlers 198.</Unicode>
                </TextEquiv>
            </TextLine>
            <TextLine id="r2l12" custom="readingOrder {index:11;} person {offset:0; length:5;} person {offset:7; length:7;} person {offset:19; length:9;}">
                <Coords points="2888,4153 3026,4199 3092,4140 3226,4153 3289,4205 3646,4155 3730,4233 3816,4170 4051,4229 4144,4161 4310,4219 4699,4153 4700,4056 4538,4086 4281,4024 4148,4087 4026,4030 3478,4097 3343,4017 3190,4074 3023,3986 2890,4033"/>
                <Baseline points="2900,4124 2989,4128 3078,4130 3168,4133 3257,4136 3347,4138 3436,4140 3525,4142 3615,4142 3704,4144 3794,4146 3883,4146 3972,4148 4062,4148 4151,4150 4241,4150 4330,4150 4419,4152 4509,4154 4598,4154 4688,4156"/>
                <TextEquiv>
                    <Unicode>Baßer, Susanna, v. Jurg dorf, wegen diebstählen 200</Unicode>
                </TextEquiv>
            </TextLine>
            <TextLine id="r2l13" custom="readingOrder {index:12;} person {offset:0; length:8;} person {offset:10; length:5;}">
                <Coords points="2882,4321 3794,4314 3895,4389 4203,4323 4569,4405 4752,4340 4753,4275 4003,4192 3513,4267 2992,4172 2883,4245"/>
                <Baseline points="2894,4316 2986,4314 3078,4312 3170,4310 3263,4310 3355,4308 3447,4308 3540,4308 3632,4308 3724,4308 3817,4308 3909,4310 4001,4310 4093,4312 4186,4314 4278,4317 4370,4320 4463,4323 4555,4327 4647,4332 4740,4336"/>
                <TextEquiv>
                    <Unicode>Bauholer, Maria, eine Lands schleifende dirne, wegen</Unicode>
                </TextEquiv>
            </TextLine>
            <TextLine id="r2l14" custom="readingOrder {index:13;}">
                <Coords points="3264,4511 3343,4474 3509,4526 3604,4488 3700,4541 3835,4471 3906,4538 4040,4467 4135,4500 4283,4469 4414,4516 4447,4377 4260,4346 4128,4410 4039,4361 3858,4399 3755,4343 3653,4398 3406,4339 3265,4398"/>
                <Baseline points="3276,4452 3334,4452 3392,4454 3450,4455 3508,4456 3566,4456 3624,4456 3682,4456 3740,4456 3798,4456 3856,4456 3914,4458 3972,4458 4030,4458 4088,4458 4146,4458 4204,4458 4262,4458 4320,4460 4378,4461 4436,4462"/>
                <TextEquiv>
                    <Unicode>gottes lästerlichem Schlören M. 20t.</Unicode>
                </TextEquiv>
            </TextLine>
            <TextLine id="r2l15" custom="readingOrder {index:14;} person {offset:0; length:6;} person {offset:8; length:6;}">
                <Coords points="2873,4678 3455,4660 3698,4733 3836,4675 3996,4734 4111,4669 4330,4722 4711,4649 4664,4538 4371,4574 4205,4512 4069,4584 3639,4535 3473,4602 3300,4552 3222,4599 2986,4496 2873,4551"/>
                <Baseline points="2884,4646 2974,4648 3065,4648 3156,4648 3247,4648 3338,4648 3428,4648 3519,4646 3610,4646 3701,4644 3792,4642 3882,4642 3973,4640 4064,4640 4155,4640 4246,4640 4336,4640 4427,4642 4518,4644 4609,4646 4700,4650"/>
                <TextEquiv>
                    <Unicode>Berber, Sammel, den Elter, wegen diebstahl d. 200</Unicode>
                </TextEquiv>
            </TextLine>
            <TextLine id="r2l16" custom="readingOrder {index:15;} person {offset:0; length:7;} person {offset:9; length:3;}">
                <Coords points="2879,5619 2976,5627 3076,5542 3331,5615 3527,5540 3641,5610 3746,5560 3999,5612 4429,5518 4594,5589 4720,5532 4718,5396 4406,5377 4177,5462 3942,5377 3786,5435 3626,5398 3447,5482 2954,5401 2877,5462"/>
                <Baseline points="2888,5526 2979,5530 3070,5532 3161,5532 3252,5532 3343,5532 3434,5530 3525,5530 3616,5528 3707,5526 3798,5523 3889,5520 3980,5518 4071,5516 4162,5514 4253,5512 4344,5512 4435,5510 4526,5511 4617,5512 4708,5514"/>
                <TextEquiv>
                    <Unicode>Hilzolt, Uli genamt thöre, v. Schichmacht, Siebetten füh¬</Unicode>
                </TextEquiv>
            </TextLine>
            <TextLine id="r2l17" custom="readingOrder {index:16;} place {offset:7; length:11;}">
                <Coords points="3260,5732 3407,5690 3576,5724 3687,5692 3793,5710 3885,5790 4026,5690 4161,5722 4262,5695 4260,5605 4183,5578 4075,5583 4014,5642 3919,5625 3853,5569 3723,5636 3578,5571 3466,5638 3258,5624"/>
                <Baseline points="3272,5686 3320,5683 3369,5681 3418,5680 3467,5678 3516,5677 3565,5676 3614,5675 3663,5674 3712,5674 3761,5674 3809,5672 3858,5672 3907,5672 3956,5671 4005,5670 4054,5669 4103,5668 4152,5666 4201,5664 4250,5662"/>
                <TextEquiv>
                    <Unicode>ver im Laurenbring. 21. 89.</Unicode>
                </TextEquiv>
            </TextLine>
            <TextLine id="r2l18" custom="readingOrder {index:17;} place {offset:13; length:7;}">
                <Coords points="3243,5877 3626,5864 3683,5909 3763,5872 3889,5924 4028,5848 4210,5845 4339,5918 4493,5825 4635,5847 4633,5761 4430,5774 4120,5697 3941,5800 3744,5715 3685,5756 3513,5719 3240,5762"/>
                <Baseline points="3254,5850 3322,5848 3390,5848 3459,5846 3527,5844 3596,5843 3664,5841 3732,5840 3801,5838 3869,5836 3938,5834 4006,5832 4074,5830 4143,5828 4211,5826 4280,5824 4348,5821 4416,5818 4485,5816 4553,5813 4622,5810"/>
                <TextEquiv>
                    <Unicode>Stiblurt, v. Ruchsee, wegen Verderbung einer</Unicode>
                </TextEquiv>
            </TextLine>
            <TextLine id="r2l19" custom="readingOrder {index:18;}">
                <Coords points="2883,5918 2915,5897 2934,5902 2989,5865 3017,5883 3086,5854 3176,5863 3206,5847 3207,5725 3135,5748 3094,5734 3059,5699 3043,5708 3001,5699 2976,5678 2932,5701 2916,5689 2884,5701"/>
                <Baseline points="2894,5846 2919,5848 2944,5848 2969,5848 2994,5848 3019,5848 3044,5848 3069,5848 3094,5848 3119,5848 3144,5848 3169,5848 3194,5850"/>
                <TextEquiv>
                    <Unicode>bubenli</Unicode>
                </TextEquiv>
            </TextLine>
            <TextLine id="r2l20" custom="readingOrder {index:19;}">
                <Coords points="3263,5993 3317,6012 3357,5978 3460,6009 3554,5987 3707,6000 3701,5843 3644,5875 3618,5862 3585,5891 3497,5899 3470,5923 3372,5876 3259,5906"/>
                <Baseline points="3274,5982 3300,5982 3326,5980 3352,5980 3379,5979 3405,5978 3431,5976 3457,5976 3484,5975 3510,5974 3536,5972 3562,5972 3589,5971 3615,5970 3641,5969 3667,5968 3694,5966"/>
                <TextEquiv>
                    <Unicode>Rübe 121.</Unicode>
                </TextEquiv>
            </TextLine>
            <TextLine id="r2l21" custom="readingOrder {index:20;} person {offset:0; length:4;} person {offset:6; length:5;}">
                <Coords points="2877,6208 2992,6234 3505,6112 3633,6174 4233,6075 4467,6115 4656,5994 4504,5927 3541,6032 3254,5984 3097,6072 2865,6012"/>
                <Baseline points="2884,6128 2972,6128 3060,6128 3148,6127 3236,6124 3325,6122 3413,6118 3501,6112 3589,6106 3677,6101 3766,6095 3854,6087 3942,6082 4030,6074 4118,6068 4207,6061 4295,6055 4383,6050 4471,6044 4559,6040 4648,6036"/>
                <TextEquiv>
                    <Unicode>Hegg, Pater, der Statthalter zu Ruchten, als Ansichter</Unicode>
                </TextEquiv>
            </TextLine>
            <TextLine id="r2l22" custom="readingOrder {index:21;}">
                <Coords points="3246,6323 3369,6266 3571,6269 3712,6343 3871,6265 4014,6325 4132,6246 4369,6270 4504,6203 4648,6210 4640,6090 4263,6091 4188,6147 4025,6130 3811,6198 3452,6115 3238,6207"/>
                <Baseline points="3254,6262 3323,6260 3392,6260 3461,6258 3530,6255 3599,6252 3668,6248 3737,6244 3806,6238 3875,6232 3944,6228 4013,6223 4082,6216 4151,6212 4220,6206 4289,6201 4358,6197 4427,6192 4496,6188 4565,6184 4634,6182"/>
                <TextEquiv>
                    <Unicode>zu Verderbung einer Rybe. 14. 12. 134.</Unicode>
                </TextEquiv>
            </TextLine>
            <TextEquiv>
                <Unicode>Posch, Lucia, v. thun, wegen diebstahl 118. 194.
Deviserin David, Hans Jakobr unehel. Sohn, wegen
Verwundung. 215.
Dat nacht, Rosina, H: Barthl. Waltharts des Predikanten
zu Cappelen Lohn Faun, wegen diebstahl. 229.
Gsell, Caster und dem Elsaß, wegen darüberterting 19.
Balli, Uli, und dem Eggilÿl, theilnehmern Redlichehrer
am Innernhering. 54. B
Burtheller Stoffel wegen Ehe versprechungen. 145.
Butmann, Anna, v. Müntscheman, wegen vierten
Ansuchtfehlers 198.
Baßer, Susanna, v. Jurg dorf, wegen diebstählen 200
Bauholer, Maria, eine Lands schleifende dirne, wegen
gottes lästerlichem Schlören M. 20t.
Berber, Sammel, den Elter, wegen diebstahl d. 200
Hilzolt, Uli genamt thöre, v. Schichmacht, Siebetten füh¬
ver im Laurenbring. 21. 89.
Stiblurt, v. Ruchsee, wegen Verderbung einer
bubenli
Rübe 121.
Hegg, Pater, der Statthalter zu Ruchten, als Ansichter
zu Verderbung einer Rybe. 14. 12. 134.</Unicode>
            </TextEquiv>
        </TextRegion>
    </Page>
</PcGts>
