5472 7296
613 1494 706 1615 6
1192 1569 2380 1749 auch dem Statthalter angemuthet,
1193 1666 2391 1815 etwan drey viertel bloßes in die
1190 1728 2473 1920 müli zu thun, damit man die gottschafft
1205 1879 1748 2016 abferggen könne.
820 1941 2288 2133 NB. Von imme wirtzüget, daß er zu jetzgedachtem
973 2049 2317 2210 Statthalter geredt, seines benders se fraw
957 2141 2279 2307 habe vil gelt, deßwegen er iro anzeigen sölle.
960 2204 2358 2379 etwan 30 l. herfür zueben. Diß sye aber
952 2285 2391 2474 nur ein anmuthung gsen, und nichts daruß
961 2432 1291 2573 erfolget.
1171 2500 2425 2686 Ebnermaßen ist erauret, Als der
1149 2614 2375 2777 Amman von Arch den Amman zu Rüten,
536 2625 1124 2798 kundtschafft N. 13. 14.
1171 2708 2346 2870 heimsuch wöllen, daß er schlup
586 2778 725 2910 24.
1164 2798 2357 2949 (welcher mit synen anhengeren in
1188 2875 2359 3036 wehren gestanden) Ime Amman
1144 2963 2379 3138 hart angeredt, vnd befragt, ob er
1171 3036 2426 3208 nit zu inen stahn wölle, dan sonsten sy
1153 3122 2441 3293 Inne in ein Keller beschließen werden,
1179 3220 2428 3366 dan das vermöge er Bund. Und als
1170 3308 2461 3483 er Amman widerumb nach haußen wollen.
1145 3424 2399 3587 Zeuge er Schlug Inne vff ein newen
1147 3482 2373 3649 angefallen vnd bezwung, daß er
1162 3592 2293 3752 globen müßen, das Vatterland
1171 3675 2451 3852 so er ohne das schuldig) zu schützen helffen.
1160 3801 2386 3949 vnd nachdem solches beschechen heige
1146 3890 2364 4031 er schlug inne Amman mit dreyen
1154 3975 2361 4129 Musquetiereren vnd brönnenden
1152 4030 2439 4199 lunt, der gmeind zu Arch zu über¬
1138 4166 2180 4311 antworten, beleit laßen.
1090 4304 2383 4487 So habe er auch des Ammans sohn in
525 4409 1032 4597 G. kundschafft v. g.
1166 4441 2354 4603 Thiergarten ze gann, zwingen wöllen,
609 4533 714 4666 13.
1093 4527 2392 4691 selbiger aber sye mit guttem willen
1178 4630 1703 4775 dahin gezogen
1092 4680 1185 4788 1
711 4767 2361 4965 NB. Ist bericht, daß er gezwungen worden seye.
1122 4933 2394 5127 Er könne auch nit laugnen, dan das
507 4978 1094 5160 kundtschafft n. 13. 14.
1173 5075 2403 5225 er geredt, der Amptman vnd vnder¬
1092 5147 2390 5305 Amptlüth habent der gmeind Cre
1125 5244 2409 5398 gung lugenen fürgeben) sein ver¬
1121 5332 2407 5494 stand aber seye ghin, daß die Vnder¬
1076 5419 2349 5574 amptlüth mit dem gmeinen gutt
1108 5525 2451 5681 gar übel hauß haltet und umb
1102 5604 1498 5763 gangen.
4441 1455 4556 1613 7.
3146 1535 4489 1769 Verners habe er by 16 oder 20 per¬
3173 1677 4440 1845 sohnen, so von dubingen kommen und
3209 1794 4554 1960 in Thiergar gezogen, beherberget,
3160 1871 4471 2040 Denen der weibel abgewartet
3234 1968 3941 2124 und ufgetragen
2839 2064 4596 2269 Eß. den frömden hatt er allemahl ein trunck werden
2981 2204 4545 2323 laßen und den wirth oder wynschenck befragt,
2992 2253 4523 2412 ob man wyn geben wolle oder nit, man sölle es
3009 2344 3139 2437 mie
3135 2343 3897 2476 sagen, so müße es syn.
3164 2483 4580 2690 Item habe er geholffen, das reistgelt
3007 2559 3103 2756 d
2588 2563 2993 2744 kundtschafft n
3201 2617 4583 2761 abforderen, vnd als sy sölches be¬
2608 2730 2959 2844 33. 34. 3
3200 2706 4524 2865 kommen, trutziger weiß geredt, es
3192 2795 4639 2939 habe hütt trachet, wans disen ebent
3216 2888 4463 3034 nit ußher geben worden were, so
3201 2973 4470 3134 hette es morgens einanders
3218 3074 3708 3219 sein müßen.
3132 3226 4552 3422 Wÿthers als hr. hauptman Daniel
2635 3248 2967 3421 kundtschafft
3164 3339 4493 3501 werber nacher Reiti kommen, selbige
2619 3393 2865 3526 No 18.
3186 3440 4570 3593 lüth zur gehorsamme zuuermahnen,
3185 3534 4483 3695 syen sy in wehren gestanden, vnd
3218 3593 4604 3783 seige er schlup trutzig geantwortet
3217 3722 4541 3886 daß der, so das schwart zum erst ge¬
3197 3818 4491 3968 zuckt, zum erst auch widerumb
3220 3905 4525 4059 Instecken sölle, wan werde
3236 3981 4538 4136 denen Junckerleuen vnd hoffertigen
3220 4070 4584 4245 Herren dermahlen einest anzeig
3204 4161 4540 4339 Wan sy (die rebellen) schon nit
3209 4270 4564 4452 der schlachtordnung such, sy doch
3223 4358 4502 4546 sal. von) wie die schwyn dorgen
3182 4468 4457 4638 laūffen, vnd alles verherg vnd
4194 4511 4563 4685 Gott seye
3209 4575 3997 4696 dermach wöllint.
4035 4650 4553 4791 die oberkeit
2772 4646 3183 4834 ns 21. 2537.
3213 4655 3999 4828 Ir Redli fehrer
3205 4750 4294 4948 habe den krieg angefange
2728 4955 4569 5140 G. Von Imme wirt auch zuget, daß, als etliche von Ime
2922 5077 4522 5229 vndt seinen bößen anhengeren widerumb abfallen
2932 5142 4611 5306 wollen, habe er vilmahlen zu inen gsagt, warumb
2932 5229 4622 5404 sy das thügind und ermahnt sölches nit zuthun.
2861 5325 4483 5484 dan ein oberkeit habe inen bald vil versprochen,
2926 5420 3982 5578 aber wenig und nüt gehalten
3186 5540 4589 5722 Er seye auch bekantlich, daß als ein
3198 5670 4532 5839 Nagli Rüffli von Lengnow zu imme
2540 5647 3106 5836 15 ein gwüßer man
3196 5766 4547 5931 kommen und gesagt, Herr Damel
4616 2566 4671 2666 1
