5472 7296
656 1451 871 1603 244
942 1604 2677 1823 als was an gedentem Kupfer platt mangle
943 1759 2603 1948 von welchem blatt man den Testen in seiner
945 1875 2585 2072 Werckstatt gefunden, habe solches ohnge¬
979 2016 2653 2160 fahr ein monat, nach dem er sich verehelichet
939 2119 2627 2308 Jhan angefangen, nun seye es vngewahr 13
971 2246 2456 2434 wochen, sich er sich verehelichet habe.
951 2318 2576 2506 Weliche sein Bekandtnus er, nach dem er
934 2471 2563 2637 Zum dritten mahl ohne stein, vnd einmahl
978 2587 2606 2721 mit dem Kleinstenstein torturiert worden,
971 2689 2568 2884 also erhalten, daß dem in warheit also
946 2829 2625 3004 hat auch nichts weder darzu, noch daruon
981 2947 2616 3127 thun wollen, sonder wolle darbey leben
964 3060 2567 3178 vndsterben, hiemit Gottes deß herren,
986 3167 2623 3298 einer hochen oberkeit, des herren Landt¬
981 3280 2007 3458 vogts, Gnad anrueffende.
882 3409 2563 3593 Als nun angeregter hr. pfachtlan, die grichts
962 3541 2610 3690 geschwornen darüberhin vmb ihre meinung
948 3621 2616 3823 gefragt, habendt sie erkent, daß der ver¬
951 3752 2637 3935 haffte nit verners solle pressiert, sonderen
964 3873 2595 4039 zur haubt vrtheil geschritten werden,
891 3996 2632 4165 zu volg deßen ermelte Grichts gescheyden
974 4101 2663 4243 (nachdem sie Gott den Herren angeruffen
916 4154 1244 4304 Inne front
896 4225 2529 4364 der gefangnen einer Hochen Oberkeit
981 4339 2676 4489 mit Gut, Eyb, vnd leben zugesprochen
977 4462 2616 4647 vnd zu abstraffung soliches seines verbrechens,
937 4567 2601 4754 solle er dem Nachrichter vbergeben, vnd
978 4691 2626 4887 auff gewohnter Richtstatt Landeren der
957 4813 2644 4998 gleichen verbrocheren zum schrecken) mit
980 4923 2654 5076 dem Schwert vom leben zum Todt gerichtet
970 5035 2590 5230 werden: Jederzeit Jedoch einer Hochen
935 5150 2615 5322 Obrigkeit gnad vorbehalten, welcheren
960 5286 2624 5453 er vnderthenigest seine Jugent zubedencken
956 5384 2514 5547 gibt, daß er nit mehr als 22 Jar
956 5500 2579 5690 alt seye, seye sonsten in seinem handt-
973 5625 2568 5789 werck in allerhandt waaffen, ein wohl
962 5729 2632 5910 erfahrner meister und habe sich (ußert
949 5851 2550 6048 disem verbrechen, jederzeit wol, vnd
948 5991 2659 6189 vnstraffbar verhalten, auch keine klegten
2196 6087 2712 6278 Geben vnd
903 6118 2097 6278 von ihme gehört worden.
2370 6265 2558 6366 vor
2719 4512 3024 4667 ganckendung
4434 1575 4644 1700 245
2961 1626 4641 1874 vor Gricht passiert zu Vinin, vnder ermelts
3049 1745 4661 2015 hen Tschachtlands angewohntem ynsigel neben
3068 1852 4683 2096 deß underschribnen grichtschreibers gemel
3104 1967 4653 2205 ten orths donatur den 26. mertzen 1686.
3532 2114 4425 2352 Jugenm Noth.
3385 2155 3532 2307 E
2974 2240 4660 2492 Diß ist also vom Frantzosichen ins teütsche
2982 2400 3732 2586 vbersezt, durch
3987 2400 4701 2583 Anthonn Gratz solch
3029 2689 4576 2913 Nachdem nun diser sane Brons
3102 2831 4643 2998 miet vnd neben jezt abgelehnen seinem
3097 2924 4632 3096 riminal-Process, meinen Gn. Hr. vndt
3092 3043 4710 3241 oberen vberschickt, ist derselbig aus dero
3086 3183 4710 3331 bevelch, durch den hochgeachten, frommen,
3080 3305 4692 3481 fürsichtigen, wysen herren Herr Hans Rud
3070 3454 4668 3623 Kilchbergern, heimlicher von Burgeren, Im
3107 3579 4702 3755 bywesen Ir Großweibels von Lutern.
3070 3711 4659 3881 hrn Gleitschen Samuel Jenners, vnd Ern
3061 3837 4634 3980 Johannes Holzers, soll des Großen
3077 3932 4703 4120 Rahts, anfengklich vnd furs erste mahle
3102 4069 4654 4256 als den 21. jungst verwichnen Aprilis, in
3116 4193 4672 4391 der Gefangenschafft, ernst wortlich, vnd
3104 4322 4667 4512 by betroüwung der Marter volgents
3724 4428 4345 4544 im strecki thüren.
3126 4480 4641 4648 den 22. darnach mit appucierung der
3099 4561 4678 4786 2. Kleinsten steinen, dannothin mornderst
3090 4737 4702 4858 als den 23. ermelten monats, mit an¬
3098 4841 4807 5048 wendigung der vbrigen grösten Steinen,
3111 4963 4745 5170 aufs scherpste Examiniert vnd torturiert
3123 5109 4697 5276 worden. Der hat aber mehrerers
3109 5216 4719 5403 noch anders nichts bekennen wollen, weder
3112 5342 4645 5533 waß sein anfengkliche, vnd obgemelte
3057 5475 4739 5673 Bekandtnus außweist vnd zugibt, weder
3088 5576 4744 5800 allein hat er noch dißes hinzugethan,
3071 5721 4642 5925 daß er die obbedeuten Stempffel nicht
3037 5816 4635 6054 Ire geheim, sonderen in der wärckstatt
3074 5950 4677 6201 offentlich gemacht vnd gegraben, welches
4342 6071 4602 6233 Jacqui
