5472 7296
661 3206 954 3431 Amsle
749 1460 912 1587 84.
1129 1520 2473 1745 hinüber gahn oberburg kommen, haben
1125 1640 2421 1828 sy ihnen gseit, wöllend das fahr
1078 1762 2498 1949 wendische verwahren, auch gefragt
1138 1871 2446 2032 ob die wacht under stilli versetzen,
1135 1970 2357 2168 geantwortet da und bscheid
1142 2081 2433 2277 bekommen, wann sy es nit thun, so wollend
1122 2182 2386 2381 sy es versechen, deß volgenden drytags
1157 2290 2480 2483 der herren obervogt nach schritz nach kommen
1111 2421 2260 2591 Inne honi antroffen, der vill
1144 2529 2437 2679 klagens ghan, die wacht seye zu still
1123 2603 2453 2807 nit versehen, der darüber zwen ernstliche
1134 2756 2422 2946 befeld nach stilli geschikt, die wacht
1110 2869 2467 3048 zuuerstercken, inne khain aber by synem
1109 2995 2405 3153 Eidt verbotten, der stelli nacht sich zu
1148 3098 2393 3276 meeßigen, gleich wol seye er hernach
1115 3208 2411 3380 uf daß herren obernachts abscheid von
1126 3339 2457 3544 vogt Kussler ernstlich angemandt worden.
1129 3433 2362 3634 nach stilli zegahren zu sechen, ob die
1142 3548 2347 3745 wacht bestelt seye, alß er aber sich
1107 3675 2452 3848 denmal geweigereten und den ambster
1120 3794 2381 3965 geantwortete erwisen wol daß
1077 3894 2388 4100 Imme der hr. obervogt by synem endt
1088 4025 2445 4234 hoch verbotten, hab vogt Ambsler
1099 4159 2392 4342 zu imme gredt, er müeße wol gahn,
1091 4275 2436 4441 daruf ergangen, die wacht wol versech
1090 4370 2482 4586 funden und solchen bscheid wider heimb
1109 4498 2394 4717 bracht, so sy nit glouben wollen.
1058 4728 2437 4945 uf den abend sind zehen oder zwolf
1114 4877 2391 5049 andere von schintznacht und veldten
1107 4990 2496 5196 gahn stilli imme unwüßendt hingeschidet,
1119 5106 2368 5321 worden, die diracht aber zu stillstand
1117 5211 2384 5443 nit annemmen wollen, daß halb sch
1108 5366 2423 5554 in der nacht unwilligen wider heimk
1094 5478 2427 5669 kommen, darüber zu Schnitz nacht und
1073 5596 2366 5812 veldten noch in der nacht wohl in
1109 5715 2471 5934 wehren zu sohnen kommen und nach stilli
2755 5079 2794 5224 d
2697 1929 3048 2124 Amisber
2741 2622 3104 2881 Kühlen
2758 3318 3052 3549 Annser
4435 1429 4590 1556 s
3275 1529 4594 1766 wollen, sye aber von zur und dem
3207 1680 4632 1903 Spotz wegen deren von Brugg wachten,
3210 1806 4569 1990 die nach noch abgehalten worden, aber
3212 1897 4572 2095 Sontags morgen früer vogt Ambsler
3245 2011 4636 2222 und die gmeind zu Scheitznacht zu
3242 2147 4650 2327 sahmen kommen, sich bevorderst ins gmein
3261 2264 4583 2453 mit ufgehabnen henden alles ein mann
3217 2382 4631 2573 zu syn, es thunge wol oder wer zu
3250 2530 4644 2693 sahmen verbunden, wer aber anderst
3257 2627 4604 2822 abtredten sölle. Darnach habe Hanß
3219 2737 4543 2932 Simen der alt uf vogt Ambsalers
3241 2866 4664 3082 gethane anfrag, den ersten raht geben,
3233 2978 4623 3175 man sölle mit dem gantzen ußzug
3219 3106 4656 3330 daß oberen ambts nach stilli ziechen.
3245 3220 4706 3415 welches ein einhäliges mehr worden.
3193 3354 4628 3543 darzu vogt Ambsler syn handt auch
3221 3490 4720 3693 uf ghan, und darüber er thoni von Hanß
3204 3594 4664 3778 seinen den alten ernamset und zu
3228 3712 4717 3927 seinem thuerer dargeben von den vogt
3222 3836 4728 4045 und der gmeindt zu einem haubtman
3194 3980 4704 4172 deß Volles gemehret vnd bestättiget
3229 4116 4668 4301 und imme nach drey der spatz Ulli
3214 4220 4701 4454 Meyer und Bellis seineran zugeordnet
3238 4384 4684 4575 worden und sye daruf botten nach
3216 4517 4723 4700 Weldten vilmacheren und oberflachs
3211 4636 4754 4848 und von dannen wyters geschickt worden.
3195 4792 4734 4970 den ußzung uf zemahnen, er aber habes
3247 4896 3665 5096 nit ghaßen.
3170 5038 4762 5260 Darnach syend sy dran, und die drey vogt
3221 5181 4769 5364 von schintznacht, veldten und vilmacher
3227 5313 4718 5502 vor dranzogen und im underen ambt
3194 5405 4671 5636 zu stilli ankundt, der uszug komme
3199 5525 4667 5744 Ein stundt nach ihnen sye er auch zu
3197 5683 4670 5896 Stalli mit dem uszug ankommen, sich uf
3176 5815 4752 6026 dem platz vor dem wirtshus gestelt
