5472 7296
797 1526 948 1619 10.
1308 1548 2664 1784 dises alles aber seye imme hertzlich
1334 1675 2630 1873 leit, und habe sonst mit wyters
1349 1779 2623 1958 weder vor noch nach der gethanen
1312 1877 2141 2070 schuldigung verrichtet.
1437 4095 2273 4294 Benedickt spring.
1178 4174 2182 4413 der Meyer zu Schüpfen
1177 4423 2583 4644 Han bekennt, als eineß zinstags
1235 4601 2537 4726 der amman zu Haffen imme by den
1271 4659 2609 4833 schützen angezeigt, daß vill frömbdes
1270 4763 2641 4941 solle komme, habe er sich zwar ylens
1303 4845 2595 5046 nacher Heimat begeben und daselbst
1286 4973 2589 5141 under etlichen umbgefragt und gernten
1236 5052 2615 5243 daß man stürmen solle, volgendts da
1270 5175 2615 5337 sich das Volk alß a gesamlet, seye er
1270 5278 2677 5457 mit dem halben theil deßelben nacher
1235 5370 2637 5572 Brummenen, syn bruder aber mit dem
1271 5495 2657 5691 anderen halben theil in ehergardten gezogen
1248 5605 2621 5788 umb gesehen, wie die sach beschaffen und
1240 5694 2652 5877 fürzenemmen. Do im er dahin kommen.
1228 5811 2619 6008 habe hanß Mader und andere mehr,
1231 5927 2634 6132 zu eine gesagt, daß er mit synem
1217 6016 2651 6230 völkeren (wyl dieselbe brug bereits
4709 1398 4843 1497 11.
3488 1513 4791 1666 han verwart gewesen) inmal im
3467 1593 4868 1786 ehalten sölle, so geschehen, morndens aber
3482 1699 4861 1893 seye er mit den völkeren widerumb
4474 1781 4833 1935 nach disen
4382 1823 4473 1901 11
3456 1813 4360 1977 sab und nach husgezogen.
3451 1880 4859 2082 habe er sich in 2 hiergardten zu synem
3450 1949 4900 2188 bruder und volgendts zum lauwenberger
3452 2099 4853 2320 gahn ostermundigen, alwo sich der friden
3478 2189 4870 2408 machen sollen, begeben und inzwüschen
3455 2302 4867 2538 Synen bruder uf synen bscheid im hier
3480 2399 4840 2619 gardten gehalten befohlen. Habe aber
3492 2521 4885 2676 mit dem Louwenberger mitzit geredt,
3473 2615 4857 2793 sonderen imme nur ein zedelin geben laßen,
3489 2729 4905 2959 mgherren schuldtheiß Dachselhoffer yngehendigen
3456 2838 4230 3066 so doch nit beschechen.
3415 3090 4852 3334 So seye auch nit, weniger den daß er
3476 3204 4857 3422 nach geleisteter schuldigung, alß der
3445 3298 4871 3517 Irer weybel zu Radelfingen mit imme
3446 3404 4877 3612 der begerten pferdten zu den stucken
3470 3529 4877 3760 geredt, us angst und ersprochenen hertzen
3467 3663 4836 3887 gredt. Man hette solches in der ver
3479 3762 4852 3983 samlung sollen anzeigen, wo solches ge-
3476 3890 4649 4103 schechen er nit gehuldiget hette.
3354 4106 4847 4325 Weniger auch seye es nit, den daß er
3467 4213 4910 4430 anfangs verhinderet oder abgewert
3464 4317 4893 4534 die begerten pferdt ze geben, seye aber
3455 4433 4897 4644 us der ursach geschechen, daß wylen man
3489 4533 4888 4756 inß gemein gesagt, die sach werde
3451 4641 4896 4859 hierdurch nit gut aber wol böser
3486 4759 4863 4981 werden. Jedoch habe er darüber
3470 4872 4881 5095 selbs ein Pferdt, nach der abtheilung
3465 5050 3708 5209 geben.
3411 5155 4889 5410 Endtlich seye er auch darby gsein, da sy
3441 5305 4861 5518 bruder, die Copey vom mittigen
3485 5394 4797 5602 Pundt vnderschriben. Diß alles seÿ
3474 5480 4885 5732 imme hertzlich leid, bittet gott und ei
3460 5604 4832 5885 gnedige oberkeit umb verzychung.
