5472 7296
545 1345 776 1539 146.
909 1424 2268 1613 Babriel Klanckh, Gabriel
956 1584 2377 1752 Klancken deß Goldtschmidts von
942 1682 2339 1833 Krame, ehelicher Sohn, welicher
962 1793 2349 1961 ein junger knab, und uff dem
930 1904 2389 2117 Schnyder Handtwerckh hat warde
968 2012 2319 2194 ren sollen, Ist ebenmeßig vnder
955 2097 2302 2291 aruor gesetztem dato, durch nicht
957 2228 2346 2432 Mortet, wegen etwas er Adrian
970 2343 2353 2541 Bonngarteren, entwenten Zinß,
978 2468 2374 2626 ernstwortig examiniert worden.
959 2562 2325 2724 der hat bekendt, Ihme zu vnder¬
980 2655 2288 2845 schiderlichen mahlen, volgendes
932 2781 1937 2976 hinn genomen zu haben:
961 2935 2256 3132 Erstlich vff ein Zeit ein stucki von
1000 3047 2406 3218 ulanters zin, das 1 f 10 krütze
957 3238 2332 3438 ein ander mahl, ein Brenn keßi, so
993 3379 2133 3542 22 lb gewogen p 10 krich.
882 3536 2381 3782 Item ein mäßigekanten, hielte an
987 3681 2166 3882 der gewicht 4 lb f 10 kr
964 3837 2394 4027 Verners einhalb mäßigs käuli von
967 3942 1752 4146 2 lb f 10 kr
944 4080 2429 4292 mehr den blättli und ein Stängli zin
999 4236 2454 4409 jedes von 2 lb thut 4 lb 10 fl.
952 4341 2374 4545 denne ein große bladen, habe ge¬
986 4477 2157 4663 wogen 2 lb. p. 10 fl.
950 4637 2363 4849 Ein Vierteli Zanggen-bauli von 12
998 4764 1724 4951 vierling.  10 fl.
886 4898 2371 5113 Weiters zwey form stück, so vnge¬
996 5031 2273 5238 fahr 8 lb gewogen per 2 bz.
916 5210 2320 5423 Abermalen ein stuck gley hielte
957 5331 1678 5506 31 lb f 22 lb.
924 5497 2329 5709 Item 4 tod seinen, haben 10 lb ge¬
984 5638 2259 5808 trogen, die er dem glaser von
959 5738 2443 5929 Bumplitz, das vbrige obgemelte
960 5845 2414 6027 Im vnnd Bley aber alles, In
1953 5998 2489 6211 obgedachten
4345 1398 4535 1512 147.
3031 1439 4525 1655 obgedachtem pryß, Abraham Dul¬
3092 1569 4505 1741 liekeren, welicher ihne darzu vf¬
3069 1715 4481 1898 gewisen, nach vnd nach verkaufft
3072 1813 3339 1945 habe.
3030 2076 4531 2249 Neben disem zeigte diser knab an
3099 2186 4555 2340 er begehre das Ziegel handt
3101 2295 4482 2441 werck zu lehrnen, darumb er
3100 2404 4532 2530 auch albereit 14 tag vor ver¬
3094 2503 4526 2668 ehmen faßnachten versprochen,
3100 2616 4365 2784 und by ihme gewohnt habe.
2959 2854 4550 3085 Nachdem nun obgedachter Gullicker,
3081 3013 4609 3177 gegen disem Knaben Confrontiert wor¬
3124 3110 4499 3294 den, hat er gentzlich kernemet,
3101 3225 4609 3416 ihne Jemalen zu disen dingen aufge¬
3094 3352 4502 3535 wisen zu haben, aber wol ihne
3083 3466 4555 3636 wederweilen gefragt, wannen
3101 3551 4557 3759 har er mit dem ihme zugebracht
3083 3675 4531 3866 zin vnd Bley kommen. Darüber
3115 3784 4609 3987 er ihme zur antwort geben,
3115 3895 4565 4091 sein meister vnd fraw im Regel
3102 4008 4556 4184 Hoof gebe ihme daßelbig mit
3122 4104 4601 4310 beuelch, soliches In Irem namen
3065 4261 3743 4448 Zūverkauffen
3063 4424 4613 4622 Wider weliches diser Knab anderst
3149 4578 4643 4731 nichts geredt, weder daß er ver¬
3129 4673 4640 4858 meldet, daß delligken ihme be¬
3108 4774 4681 4965 folchen, allezeit mehr zubringen
3139 4878 4596 5053 welicher aber ehmalen gwest
3090 4984 4601 5216 habe, daß diß zug gstolen worden.
3109 5150 3578 5325 seye etc.
3106 5298 4521 5504 Ist den 14. junii 1654 von mich den
3110 5425 4638 5571 Räthe, vff ein gutte Censur der banden ledig
3127 5521 4548 5662 erkent, vnd Abraham dullicken, vmb
3130 5611 4353 5792 den refilos verfelt worden.
