5472 7296
854 1369 1064 1529 168.
1238 1359 2658 1598 undermachen und sein einigen passieren
1300 1508 1597 1670 laßen.
1273 1597 2652 1806 Nit minder wolle er auch glauben grett
1282 1743 2602 1892 zu haben, eingen oberkeit habe einest
1285 1821 2611 1982 gung pregiert, sy die Buren wellent
1248 1922 2639 2062 auch eines Meister sein, doch könne
1285 2030 2654 2158 er sich dißer wort eigentlich nit mehr
1293 2075 2591 2258 besinnen, das damahlen vil in
1275 2177 2579 2337 trunckner weiß, vnd wegen vilen
1273 2277 2530 2445 Inen zukommen faltsche Zeittungen
1279 2376 2641 2522 gredt worden. Welches Ime alles
1281 2458 2625 2620 von grund seines hertzens leid, hette
1244 2544 2444 2708 hiemit gott und ein h oberkeit
1276 2639 2661 2798 flächenlichst umb verzeichung und daß
1208 2721 2605 2885 sy eine wegen vile seiner Kinderen, mit
1264 2819 2645 2974 den auch der Barmhertzigkeit ansecht,
1230 2910 2530 3052 nit nach seinem verdienen straffen,
2548 2925 2596 3022 1
1227 2997 2531 3137 dondern bei der albereit vfferlegt
1253 3080 2565 3229 straff der 600 lb pf und neinan
1246 3160 2654 3325 Der jederen gnädigst verbleiben laßen.
1248 3238 1617 3397 wöllind.
1062 3341 2545 3551 Ist von mich nach und Burgeren erkent:
1215 3477 2562 3641 ehr und wehrlooß 1000 lb buß und
1230 3574 2570 3717 daß er droben zu Schwartzenburg wegen
1227 3662 2575 3811 Der wider sein hoche oberkeit usgoßner
1253 3754 2543 3897 wort, vnd seiner sonst groben fähleren
1268 3844 2571 3990 ge vor der gantzen gmeind einen
1233 3933 2598 4062 Enfahl thun, vnd sich seines verbrechens
1209 4019 2550 4171 erkennen solle etc. 22. aug 1654.
4644 1441 4863 1594 169.
3433 1574 4192 1757 Cadlena vnn
3352 1697 4815 1859 ahar schuners zu Dieters weil flei
3377 1774 4816 1926 weib ist umb daß sy mr Jacob Haber
3368 1886 4768 2063 vnter dem Schumacher alhie, ein laß
3362 1969 4836 2153 mit wyn, so ihr sohn Hans Schüner, ihme
3358 2063 4865 2245 von Arberg, alhar nacher Bern zu führen
3363 2159 4888 2324 verdinget, vnnd aber darmit zu bemeltem
3356 2261 4814 2421 Dieters weil benachtet, durch mitell
3328 2353 4846 2474 heraus gezognen 4 maßen weins, vnd
3356 2434 4893 2617 widerumb sovil hinein geschüteten was
3363 2525 4910 2666 sers, verfeltscht, zu gnädiger, doch wol¬
3381 2631 4846 2780 verdienter straff, neben aufgebunderer
3350 2739 4858 2880 bezahlung deß ihme haberreüter ver¬
3395 2806 4789 2956 feltschten weins, menigklichem
3346 2893 4837 3052 zu einem exempell vnd warnung, drey
3355 2981 4859 3129 stundt aushalbs ysen gestelt und her
3347 3054 4831 3210 nach mit einer guten, vnd scharpfen
3332 3155 4849 3314 ensur, sambt irem sohn (welicher von
3363 3244 4820 3380 diser wein verfeltschung nichts weß
3379 3325 4847 3468 wellen, neben abtrag Kostens, led
3357 3407 4803 3575 gelaßen worden. Actum 19.
3296 3506 4032 3695 Augusti 1654.
3338 4116 4845 4323 Christen Herman, der letzige
3401 4269 4924 4436 Canal-Müller, ist by mahn verklagt
3373 4376 4920 4551 worden, wie daß er die noch we
3366 4483 4954 4618 rende verhinderliche Vrsach seye, daß
3342 4583 4961 4767 das Hanß vnnd zugehördt zu Ansel¬
3355 4691 4990 4884 tingen, so seiner abgescheunen gehorin
3358 4797 4967 5002 vnnd dieselbe fur Ire pfrundmahl
3342 4927 4886 5084 geben, nit verkaufft, noch sonst zu
3361 5023 4838 5202 nutz vnd ehren gezogen werden
3363 5128 4910 5274 könne, Inn dem er sich, nebendt
3353 5253 4973 5441 anderem, betroüwlich Gnemen laßen
3340 5354 4958 5546 Die Siegel ab dem Tach zunemen,
3369 5469 5001 5669 eind zum Conal zu fuhren, vnd dann
3377 5583 4926 5780 das feur vns hauß gestecken etc.
3389 5712 4964 5864 dieweilen er nun ohne das bereits
3373 5802 4920 5983 eßem Ampt thun, vnd sonderlich
3359 5894 4900 6077 von Ansoltingen bauessiert sein
3358 6021 4972 6205 sölle. Als habendt mal bevelch
3394 6123 4963 6314 disen vernewigen vnd gefahrlichen
