<?xml version="1.0" encoding="UTF-8" standalone="yes"?>
<PcGts xmlns="http://schema.primaresearch.org/PAGE/gts/pagecontent/2013-07-15" xmlns:xsi="http://www.w3.org/2001/XMLSchema-instance" xsi:schemaLocation="http://schema.primaresearch.org/PAGE/gts/pagecontent/2013-07-15 http://schema.primaresearch.org/PAGE/gts/pagecontent/2013-07-15/pagecontent.xsd">
    <Metadata>
        <Creator>prov=University of Rostock/Institute of Mathematics/CITlab|PLANET AI GmbH/Gundram Leifert/gundram.leifert@planet-ai.de:name=German_Kurrent_XVI-XVIII_M1(htr_id=19584)::::v=2.6.6
prov=University of Rostock/Institute of Mathematics/CITlab|PLANET AI GmbH/Tobias Gruening/tobias.gruening@planet-ai.de:name=de.uros.citlab.module.baseline2polygon.B2PSeamMultiOriented:v=2.6.6
prov=University of Rostock/Institute of Mathematics/CITlab|PLANET AI GmbH/Tobias Gruening/tobias.gruening@planet-ai.de:name=/net_tf/LA73_249_0mod360.pb:de.uros.citlab.segmentation.CITlab_LA_ML:v=2.6.6
Transkribus</Creator>
        <Created>2020-10-05T15:04:03.529+02:00</Created>
        <LastChange>2022-09-09T16:01:53.527+02:00</LastChange>
        <TranskribusMetadata docId="1334831" pageId="52361404" pageNr="103" tsid="114643183" status="IN_PROGRESS" userId="9570" imgUrl="https://files.transkribus.eu/Get?id=RGQJUGMYDHBMRVHFACJSLIMS&amp;fileType=view" xmlUrl="https://files.transkribus.eu/Get?id=BHHSNDRCUEQSROZYEIVCCEYQ" imageId="16067419"/>
    </Metadata>
    <Page imageFilename="Turmbuch_StAB B IX 476_00103-20200925_084029.jpg" imageWidth="5472" imageHeight="7296">
        <ReadingOrder>
            <OrderedGroup id="ro_1687513724222" caption="Regions reading order">
                <RegionRefIndexed index="0" regionRef="r1"/>
                <RegionRefIndexed index="1" regionRef="r2"/>
                <RegionRefIndexed index="2" regionRef="r3"/>
            </OrderedGroup>
        </ReadingOrder>
        <TextRegion orientation="0.0" id="r1" custom="readingOrder {index:0;}">
            <Coords points="714,1456 714,1618 914,1618 914,1456"/>
            <TextLine id="r1l1" custom="readingOrder {index:0;}">
                <Coords points="705,1583 722,1579 759,1597 813,1563 851,1574 866,1563 883,1570 894,1557 924,1563 919,1495 907,1496 887,1516 862,1500 846,1507 838,1499 821,1512 799,1508 765,1479 697,1478"/>
                <Baseline points="714,1566 739,1568 764,1568 789,1565 814,1562 839,1559 864,1558 889,1556 914,1558"/>
                <TextEquiv>
                    <Unicode>200.</Unicode>
                </TextEquiv>
            </TextLine>
            <TextEquiv>
                <Unicode>200.</Unicode>
            </TextEquiv>
        </TextRegion>
        <TextRegion orientation="0.0" id="r2" custom="readingOrder {index:1;}">
            <Coords points="938,1599 938,5190 2674,5190 2674,1599"/>
            <TextLine id="r2l1" custom="readingOrder {index:0;}">
                <Coords points="1071,1693 2003,1636 2489,1689 2564,1664 2561,1551 2360,1583 2287,1533 2141,1588 1940,1546 1740,1610 1558,1531 1177,1635 1069,1613"/>
                <Baseline points="1080,1682 1153,1678 1227,1672 1301,1668 1374,1663 1448,1660 1522,1655 1595,1652 1669,1649 1743,1646 1817,1644 1890,1642 1964,1642 2038,1640 2111,1640 2185,1641 2259,1642 2332,1644 2406,1647 2480,1650 2554,1654"/>
                <TextEquiv>
                    <Unicode>wüstet, ansuch wolle, mit versprech sich</Unicode>
                </TextEquiv>
            </TextLine>
            <TextLine id="r2l2" custom="readingOrder {index:1;}">
                <Coords points="1163,1841 1304,1772 1405,1821 1582,1753 1710,1787 1960,1722 2182,1773 2539,1725 2537,1673 2452,1704 2325,1650 2217,1694 2007,1635 1769,1707 1479,1661 1396,1736 1295,1673 1158,1702"/>
                <Baseline points="1170,1772 1237,1768 1305,1765 1373,1762 1441,1757 1509,1754 1577,1750 1645,1746 1713,1743 1781,1738 1849,1736 1916,1732 1984,1730 2052,1728 2120,1726 2188,1726 2256,1726 2324,1727 2392,1730 2460,1732 2528,1736"/>
                <TextEquiv>
                    <Unicode>inskünfftig erlich und frau zu halten und</Unicode>
                </TextEquiv>
            </TextLine>
            <TextLine id="r2l3" custom="readingOrder {index:2;}">
                <Coords points="1185,1874 1427,1828 1640,1882 1836,1818 2021,1877 2158,1818 2504,1864 2501,1769 2053,1765 1968,1722 1837,1778 1612,1762 1344,1821 1259,1778 1183,1821"/>
                <Baseline points="1194,1864 1258,1858 1323,1853 1388,1848 1453,1843 1518,1837 1583,1833 1648,1828 1713,1823 1778,1819 1843,1816 1907,1814 1972,1812 2037,1810 2102,1810 2167,1810 2232,1812 2297,1814 2362,1817 2427,1822 2492,1828"/>
                <TextEquiv>
                    <Unicode>ein mußen und brot mit fleißigen arben</Unicode>
                </TextEquiv>
            </TextLine>
            <TextLine id="r2l4" custom="readingOrder {index:3;}">
                <Coords points="1181,2001 1269,1947 1620,1917 2107,1935 2243,1892 2446,1975 2594,1927 2520,1844 2321,1830 1709,1827 1617,1892 1406,1858 1256,1916 1178,1880"/>
                <Baseline points="1190,1946 1259,1943 1329,1940 1399,1935 1468,1930 1538,1925 1608,1919 1677,1914 1747,1910 1817,1906 1887,1902 1956,1898 2026,1896 2096,1894 2165,1894 2235,1896 2305,1899 2374,1903 2444,1910 2514,1917 2584,1926"/>
                <TextEquiv>
                    <Unicode>zu verdienen. Wie sy das auch vom Merch</Unicode>
                </TextEquiv>
            </TextLine>
            <TextLine id="r2l5" custom="readingOrder {index:4;} person {offset:8; length:10;}">
                <Coords points="1180,2044 1553,2008 1793,2039 1874,1991 2186,1978 2249,2023 2392,2005 2423,1947 2243,1890 2136,1945 1949,1904 1785,1964 1463,1927 1178,2000"/>
                <Baseline points="1190,2030 1251,2026 1312,2021 1373,2018 1434,2014 1496,2010 1557,2005 1618,2000 1679,1997 1740,1992 1802,1990 1863,1986 1924,1983 1985,1980 2046,1978 2108,1977 2169,1976 2230,1976 2291,1976 2352,1978 2414,1978"/>
                <TextEquiv>
                    <Unicode>meister Steinhawer handwercks, die</Unicode>
                </TextEquiv>
            </TextLine>
            <TextLine id="r2l6" custom="readingOrder {index:5;}">
                <Coords points="1200,2178 1381,2109 1790,2117 1902,2057 1962,2101 2035,2063 2214,2063 2279,2109 2409,2055 2500,2084 2494,1973 2409,2021 2172,1987 1193,2045"/>
                <Baseline points="1206,2118 1270,2114 1334,2110 1398,2107 1462,2102 1526,2096 1590,2092 1654,2086 1718,2081 1782,2076 1847,2071 1911,2067 1975,2061 2039,2058 2103,2056 2167,2053 2231,2052 2295,2050 2359,2051 2423,2053 2488,2056"/>
                <TextEquiv>
                    <Unicode>zegsamme hatt, daß sy im arbeiten gantz</Unicode>
                </TextEquiv>
            </TextLine>
            <TextLine id="r2l7" custom="readingOrder {index:6;}">
                <Coords points="1175,2259 1315,2195 1680,2215 1839,2148 2187,2143 2383,2202 2498,2150 2495,2092 2337,2091 2289,2048 2226,2097 2117,2067 1994,2114 1865,2071 1790,2117 1435,2105 1170,2162"/>
                <Baseline points="1182,2194 1247,2190 1312,2185 1377,2180 1442,2176 1508,2171 1573,2167 1638,2160 1703,2156 1768,2151 1834,2146 1899,2143 1964,2138 2029,2136 2094,2133 2160,2130 2225,2129 2290,2128 2355,2128 2420,2130 2486,2132"/>
                <TextEquiv>
                    <Unicode>fleißig, und mehr das kein andere Persohn</Unicode>
                </TextEquiv>
            </TextLine>
            <TextLine id="r2l8" custom="readingOrder {index:7;}">
                <Coords points="1185,2283 1369,2300 1547,2253 1609,2289 1858,2230 1984,2293 2067,2231 2121,2235 2117,2170 2018,2185 1894,2151 1861,2190 1740,2168 1662,2212 1373,2188 1182,2247"/>
                <Baseline points="1194,2270 1239,2266 1285,2263 1331,2259 1377,2256 1423,2253 1468,2248 1514,2244 1560,2239 1606,2235 1652,2231 1697,2229 1743,2224 1789,2222 1835,2220 1881,2216 1926,2215 1972,2214 2018,2212 2064,2212 2110,2212"/>
                <TextEquiv>
                    <Unicode>im Schallenwerch arbeite etc.</Unicode>
                </TextEquiv>
            </TextLine>
            <TextLine id="r2l9" custom="readingOrder {index:8;}">
                <Coords points="929,2418 1401,2375 1672,2433 2013,2415 2285,2333 2420,2388 2412,2241 2286,2298 1977,2300 1817,2231 1318,2348 1151,2283 922,2281"/>
                <Baseline points="938,2400 1011,2394 1084,2389 1158,2385 1231,2379 1305,2375 1378,2370 1451,2366 1525,2362 1598,2358 1672,2353 1745,2350 1818,2346 1892,2344 1965,2340 2039,2338 2112,2334 2185,2332 2259,2328 2332,2324 2406,2322"/>
                <TextEquiv>
                    <Unicode>Ist vff ein gutte centur ledig gelaßen worden</Unicode>
                </TextEquiv>
            </TextLine>
            <TextLine id="r2l10" custom="readingOrder {index:9;}">
                <Coords points="973,2503 1057,2523 1159,2482 1226,2512 1322,2481 1375,2510 1470,2462 1466,2388 1420,2377 1350,2376 1288,2408 1204,2390 1142,2419 1098,2393 1081,2410 1042,2380 1004,2416 967,2392"/>
                <Baseline points="980,2466 1005,2466 1030,2466 1055,2465 1081,2464 1106,2462 1131,2460 1156,2459 1182,2457 1207,2456 1232,2454 1257,2452 1283,2450 1308,2449 1333,2448 1358,2446 1384,2446 1409,2446 1434,2447 1460,2448"/>
                <TextEquiv>
                    <Unicode>5. julii 1655.</Unicode>
                </TextEquiv>
            </TextLine>
            <TextLine id="r2l11" custom="readingOrder {index:10;} person {offset:0; length:13;} place {offset:18; length:9;}">
                <Coords points="1260,2746 1496,2708 1568,2757 1658,2703 1865,2721 1941,2784 2050,2709 2211,2732 2298,2691 2614,2744 2662,2722 2661,2615 2548,2643 2339,2582 2216,2628 2074,2554 1974,2627 1864,2570 1707,2621 1494,2545 1258,2571"/>
                <Baseline points="1270,2720 1339,2714 1408,2710 1477,2705 1546,2702 1615,2697 1684,2694 1753,2691 1822,2688 1891,2687 1961,2686 2030,2686 2099,2686 2168,2686 2237,2688 2306,2689 2375,2692 2444,2696 2513,2700 2582,2705 2652,2712"/>
                <TextEquiv>
                    <Unicode>Susanna Gaßer von Burgdorff</Unicode>
                </TextEquiv>
            </TextLine>
            <TextLine id="r2l12" custom="readingOrder {index:11;}">
                <Coords points="1193,2935 1296,2872 1667,2847 2028,2887 2442,2838 2666,2890 2663,2786 2527,2738 2453,2798 1936,2784 1881,2738 1785,2798 1430,2744 1343,2824 1189,2786"/>
                <Baseline points="1202,2876 1274,2872 1347,2867 1419,2864 1492,2859 1565,2856 1637,2851 1710,2848 1782,2844 1855,2842 1928,2839 2000,2837 2073,2836 2145,2834 2218,2834 2291,2834 2363,2834 2436,2836 2508,2836 2581,2840 2654,2842"/>
                <TextEquiv>
                    <Unicode>Dieselbige ist vor etlich tagen wegen angeklagter</Unicode>
                </TextEquiv>
            </TextLine>
            <TextLine id="r2l13" custom="readingOrder {index:12;}">
                <Coords points="1227,3009 1586,2937 2162,2972 2303,2906 2666,2944 2589,2855 2280,2833 2236,2878 1667,2847 1559,2900 1476,2861 1224,2905"/>
                <Baseline points="1236,2964 1306,2958 1377,2953 1448,2948 1519,2942 1590,2938 1661,2932 1732,2928 1803,2925 1874,2921 1945,2918 2015,2916 2086,2914 2157,2912 2228,2912 2299,2912 2370,2912 2441,2914 2512,2916 2583,2920 2654,2922"/>
                <TextEquiv>
                    <Unicode>Diebstälen gfencklich eingezogen, vnd den</Unicode>
                </TextEquiv>
            </TextLine>
            <TextLine id="r2l14" custom="readingOrder {index:13;} person {offset:41; length:6;}">
                <Coords points="1209,3080 1471,3026 1970,3020 2129,3065 2182,3010 2277,3048 2440,3001 2592,3068 2686,3028 2683,2968 2521,2912 1862,2979 1586,2938 1206,3018"/>
                <Baseline points="1218,3056 1290,3050 1363,3043 1436,3037 1509,3030 1582,3023 1654,3018 1727,3012 1800,3007 1873,3004 1946,2998 2018,2996 2091,2992 2164,2990 2237,2988 2310,2988 2382,2988 2455,2990 2528,2992 2601,2994 2674,3000"/>
                <TextEquiv>
                    <Unicode>19. julii 1685 durch in herren rathschen Bucher</Unicode>
                </TextEquiv>
            </TextLine>
            <TextLine id="r2l15" custom="readingOrder {index:14;} person {offset:21; length:10;}">
                <Coords points="1213,3157 1470,3117 1631,3158 1694,3109 1866,3134 2059,3088 2593,3107 2591,3059 2494,3022 2302,3060 2183,3019 2088,3065 1687,3024 1605,3079 1546,3032 1210,3080"/>
                <Baseline points="1222,3140 1290,3135 1358,3130 1426,3126 1494,3120 1562,3115 1630,3112 1698,3106 1766,3103 1834,3100 1902,3096 1970,3092 2038,3089 2106,3088 2174,3086 2242,3084 2310,3084 2378,3084 2446,3084 2514,3086 2582,3088"/>
                <TextEquiv>
                    <Unicode>und h Großweibel von Luthernone ex-</Unicode>
                </TextEquiv>
            </TextLine>
            <TextLine id="r2l16" custom="readingOrder {index:15;}">
                <Coords points="1976,3225 2035,3197 2069,3212 2098,3187 2168,3195 2203,3176 2230,3199 2279,3177 2297,3193 2344,3175 2403,3193 2442,3172 2496,3176 2493,3093 2471,3090 2388,3112 2362,3089 2309,3113 2262,3094 2208,3128 2157,3086 2128,3111 2099,3090 2042,3112 1973,3106"/>
                <Baseline points="1986,3190 2011,3185 2036,3181 2061,3178 2086,3176 2111,3174 2136,3172 2161,3170 2186,3170 2211,3169 2236,3168 2261,3168 2286,3168 2311,3168 2336,3168 2361,3168 2386,3168 2411,3168 2436,3168 2461,3168 2486,3168"/>
                <TextEquiv>
                    <Unicode>Hatt bekennt.</Unicode>
                </TextEquiv>
            </TextLine>
            <TextLine id="r2l17" custom="readingOrder {index:16;}">
                <Coords points="1218,3235 1378,3212 1467,3227 1501,3207 1619,3220 1684,3203 1729,3219 1774,3203 1771,3140 1696,3107 1633,3160 1604,3139 1565,3169 1490,3136 1434,3170 1378,3121 1299,3164 1215,3158"/>
                <Baseline points="1228,3224 1254,3220 1281,3217 1308,3214 1335,3211 1362,3209 1388,3207 1415,3205 1442,3204 1469,3202 1496,3202 1522,3202 1549,3201 1576,3200 1603,3200 1630,3200 1656,3198 1683,3198 1710,3198 1737,3197 1764,3196"/>
                <TextEquiv>
                    <Unicode>aminirt worden,</Unicode>
                </TextEquiv>
            </TextLine>
            <TextLine id="r2l18" custom="readingOrder {index:17;}">
                <Coords points="1214,3365 1295,3386 1360,3320 1619,3355 1725,3304 2141,3325 2342,3282 2416,3340 2597,3284 2594,3210 2508,3195 2256,3256 1850,3192 1557,3274 1210,3226"/>
                <Baseline points="1222,3322 1290,3319 1358,3316 1426,3314 1494,3310 1563,3307 1631,3304 1699,3302 1767,3300 1835,3298 1904,3296 1972,3294 2040,3292 2108,3290 2176,3288 2245,3286 2313,3283 2381,3280 2449,3278 2517,3276 2586,3272"/>
                <TextEquiv>
                    <Unicode>daß sey vor Osteren, in einem gwüßen huß</Unicode>
                </TextEquiv>
            </TextLine>
            <TextLine id="r2l19" custom="readingOrder {index:18;}">
                <Coords points="1227,3450 1769,3368 2085,3431 2301,3371 2389,3428 2501,3387 2498,3317 2413,3336 2342,3283 2266,3323 2203,3283 2109,3330 1848,3305 1619,3357 1360,3320 1294,3386 1224,3355"/>
                <Baseline points="1236,3412 1298,3406 1361,3402 1424,3398 1486,3394 1549,3390 1612,3386 1674,3383 1737,3380 1800,3378 1863,3376 1925,3374 1988,3372 2051,3370 2113,3369 2176,3368 2239,3368 2301,3368 2364,3368 2427,3368 2490,3368"/>
                <TextEquiv>
                    <Unicode>zu wohlen, alwo sy übernacht gelegen,</Unicode>
                </TextEquiv>
            </TextLine>
            <TextLine id="r2l20" custom="readingOrder {index:19;}">
                <Coords points="1221,3510 1307,3494 1435,3526 1473,3505 1545,3508 1577,3480 1632,3497 1652,3475 1732,3478 1769,3462 1764,3384 1601,3397 1563,3420 1530,3406 1508,3431 1436,3402 1353,3410 1277,3458 1218,3462"/>
                <Baseline points="1230,3492 1256,3492 1282,3489 1309,3487 1335,3486 1362,3485 1388,3482 1414,3481 1441,3478 1467,3477 1494,3474 1520,3474 1546,3472 1573,3470 1599,3469 1626,3467 1652,3465 1678,3463 1705,3461 1731,3459 1758,3458"/>
                <TextEquiv>
                    <Unicode>entfr�ndet habe.</Unicode>
                </TextEquiv>
            </TextLine>
            <TextLine id="r2l21" custom="readingOrder {index:20;}">
                <Coords points="1187,3637 1229,3647 1321,3575 1352,3571 1404,3605 1470,3576 1513,3610 1647,3578 1644,3466 1622,3461 1563,3514 1496,3503 1462,3527 1307,3494 1231,3518 1180,3506"/>
                <Baseline points="1194,3580 1220,3576 1246,3573 1272,3571 1298,3569 1324,3567 1350,3566 1376,3564 1402,3564 1429,3564 1455,3562 1481,3562 1507,3561 1533,3560 1559,3558 1585,3558 1611,3556 1638,3554"/>
                <TextEquiv>
                    <Unicode> Ihm wegen</Unicode>
                </TextEquiv>
            </TextLine>
            <TextLine id="r2l22" custom="readingOrder {index:21;}">
                <Coords points="1166,3735 1205,3730 1263,3669 1321,3663 1480,3681 1533,3658 1624,3725 1679,3695 1743,3702 1784,3667 1854,3673 1850,3558 1820,3540 1645,3591 1624,3576 1532,3628 1466,3582 1381,3626 1315,3584 1250,3638 1163,3642"/>
                <Baseline points="1174,3676 1207,3670 1240,3665 1274,3662 1307,3659 1341,3657 1374,3655 1407,3654 1441,3654 1474,3654 1508,3654 1541,3654 1574,3654 1608,3654 1641,3654 1675,3654 1708,3654 1741,3652 1775,3650 1808,3647 1842,3642"/>
                <TextEquiv>
                    <Unicode>e kleine kindts ziechl.</Unicode>
                </TextEquiv>
            </TextLine>
            <TextLine id="r2l23" custom="readingOrder {index:22;}">
                <Coords points="1189,3777 1293,3824 1335,3786 1404,3815 1510,3748 1693,3788 1774,3743 2041,3783 2109,3760 2104,3652 2036,3634 1715,3709 1634,3661 1186,3691"/>
                <Baseline points="1198,3758 1243,3756 1288,3752 1333,3750 1378,3749 1423,3747 1468,3746 1513,3744 1558,3741 1603,3739 1648,3738 1693,3736 1738,3734 1783,3732 1828,3730 1873,3727 1918,3726 1963,3724 2008,3721 2053,3718 2098,3716"/>
                <TextEquiv>
                    <Unicode> bynlachen und ein windlen.</Unicode>
                </TextEquiv>
            </TextLine>
            <TextLine id="r2l24" custom="readingOrder {index:23;} person {offset:38; length:4; continued:true;}">
                <Coords points="1194,3904 1362,3879 1411,3920 1788,3853 1941,3906 2026,3842 2141,3894 2229,3848 2538,3881 2551,3753 2462,3714 2278,3817 2078,3767 2012,3817 1905,3754 1777,3802 1579,3756 1388,3831 1191,3817"/>
                <Baseline points="1202,3878 1269,3876 1336,3872 1403,3870 1470,3867 1537,3864 1604,3862 1671,3860 1738,3858 1805,3856 1873,3854 1940,3852 2007,3850 2074,3848 2141,3846 2208,3846 2275,3844 2342,3842 2409,3842 2476,3840 2544,3840"/>
                <TextEquiv>
                    <Unicode>vor vngefahr 8 Jahren seye Ir Eheman, Hans</Unicode>
                </TextEquiv>
            </TextLine>
            <TextLine id="r2l25" custom="readingOrder {index:24;} person {offset:0; length:6; continued:true;} place {offset:11; length:10;}">
                <Coords points="1218,3990 1886,3934 1941,3978 1995,3930 2374,3907 2537,3949 2584,3879 2435,3845 2294,3890 2229,3848 2143,3895 2030,3854 1939,3905 1671,3863 1595,3911 1215,3897"/>
                <Baseline points="1228,3958 1295,3954 1362,3948 1429,3946 1497,3942 1564,3939 1631,3936 1699,3934 1766,3932 1833,3930 1901,3928 1968,3926 2035,3924 2102,3922 2170,3921 2237,3918 2304,3916 2372,3912 2439,3909 2506,3906 2574,3902"/>
                <TextEquiv>
                    <Unicode>Daberg von Allmending mit deme sy ein</Unicode>
                </TextEquiv>
            </TextLine>
            <TextLine id="r2l26" custom="readingOrder {index:25;}">
                <Coords points="1214,4085 1589,4011 2605,4021 2601,3928 2370,3907 2318,3951 1592,3943 1447,3995 1368,3952 1211,3998"/>
                <Baseline points="1222,4036 1290,4032 1359,4027 1427,4022 1496,4019 1565,4016 1633,4011 1702,4008 1770,4006 1839,4004 1908,4000 1976,3998 2045,3996 2113,3994 2182,3992 2251,3990 2319,3988 2388,3986 2456,3984 2525,3982 2594,3980"/>
                <TextEquiv>
                    <Unicode>zeitlang daselbst bei irer schwiger hauß</Unicode>
                </TextEquiv>
            </TextLine>
            <TextLine id="r2l27" custom="readingOrder {index:26;}">
                <Coords points="1239,4140 1397,4106 1548,4152 1614,4101 1827,4075 2088,4126 2140,4084 2203,4115 2544,4065 2466,4003 2384,4034 2293,3992 2219,4043 2001,3998 1901,4044 1495,4026 1237,4073"/>
                <Baseline points="1248,4116 1312,4110 1376,4104 1440,4101 1505,4098 1569,4094 1633,4090 1698,4087 1762,4084 1826,4082 1891,4079 1955,4077 2019,4075 2083,4073 2148,4072 2212,4070 2276,4068 2341,4065 2405,4063 2469,4061 2534,4058"/>
                <TextEquiv>
                    <Unicode>gehalten gestorben, nach synem tod aber</Unicode>
                </TextEquiv>
            </TextLine>
            <TextLine id="r2l28" custom="readingOrder {index:27;} place {offset:11; length:9;}">
                <Coords points="1233,4216 1355,4235 1559,4170 1640,4226 1795,4165 1952,4207 2033,4160 2249,4188 2420,4143 2510,4196 2573,4080 2092,4128 1788,4085 1614,4100 1556,4150 1293,4118 1230,4152"/>
                <Baseline points="1242,4194 1308,4188 1374,4182 1440,4179 1506,4174 1573,4172 1639,4169 1705,4166 1771,4165 1837,4164 1904,4162 1970,4160 2036,4158 2102,4156 2168,4154 2235,4152 2301,4150 2367,4146 2433,4143 2499,4138 2566,4132"/>
                <TextEquiv>
                    <Unicode>habe sy in Ruffenach gewohnt, vnd sich</Unicode>
                </TextEquiv>
            </TextLine>
            <TextLine id="r2l29" custom="readingOrder {index:28;}">
                <Coords points="1230,4297 1436,4257 1626,4319 1756,4261 1992,4309 2070,4253 2232,4292 2383,4243 2488,4290 2485,4186 2424,4147 2254,4188 1991,4170 1951,4211 1715,4179 1638,4227 1554,4172 1356,4234 1311,4197 1228,4220"/>
                <Baseline points="1240,4268 1301,4266 1363,4262 1425,4258 1487,4256 1549,4253 1610,4250 1672,4248 1734,4246 1796,4246 1858,4244 1919,4242 1981,4240 2043,4240 2105,4238 2167,4236 2228,4234 2290,4232 2352,4230 2414,4228 2476,4224"/>
                <TextEquiv>
                    <Unicode>ußert obigen jederzeit ehrlich verhalten</Unicode>
                </TextEquiv>
            </TextLine>
            <TextLine id="r2l30" custom="readingOrder {index:29;}">
                <Coords points="1224,4403 1618,4363 1955,4400 2305,4344 2478,4396 2599,4349 2597,4255 2491,4243 2334,4313 2257,4278 1835,4307 1758,4265 1520,4331 1221,4296"/>
                <Baseline points="1234,4378 1301,4374 1369,4372 1437,4368 1505,4366 1573,4364 1640,4361 1708,4360 1776,4357 1844,4355 1912,4353 1979,4352 2047,4350 2115,4348 2183,4346 2251,4344 2318,4342 2386,4340 2454,4337 2522,4335 2590,4332"/>
                <TextEquiv>
                    <Unicode>Es seye vorgehaltner maßen wahr, daß sy</Unicode>
                </TextEquiv>
            </TextLine>
            <TextLine id="r2l31" custom="readingOrder {index:30;}">
                <Coords points="1244,4463 1347,4502 1397,4453 1571,4435 1658,4488 1738,4438 2275,4456 2576,4409 2574,4336 2460,4389 2318,4347 2210,4398 2034,4360 1971,4398 1619,4364 1537,4411 1418,4369 1242,4398"/>
                <Baseline points="1254,4458 1319,4452 1385,4448 1450,4444 1516,4440 1582,4438 1647,4436 1713,4434 1778,4434 1844,4432 1910,4432 1975,4431 2041,4430 2106,4428 2172,4428 2237,4424 2303,4422 2369,4419 2434,4414 2500,4410 2566,4404"/>
                <TextEquiv>
                    <Unicode>verschinner tagen, als des jr großen knab</Unicode>
                </TextEquiv>
            </TextLine>
            <TextLine id="r2l32" custom="readingOrder {index:31;}">
                <Coords points="1211,4597 1473,4519 1705,4570 1822,4522 2177,4555 2561,4495 2558,4415 2355,4471 1738,4439 1664,4491 1585,4444 1207,4484"/>
                <Baseline points="1218,4528 1284,4528 1351,4526 1417,4525 1484,4524 1551,4522 1617,4520 1684,4518 1750,4516 1817,4514 1884,4512 1950,4510 2017,4508 2083,4506 2150,4503 2216,4500 2283,4498 2350,4494 2416,4492 2483,4490 2550,4486"/>
                <TextEquiv>
                    <Unicode>Ira zu eßen brach von ime nichts</Unicode>
                </TextEquiv>
            </TextLine>
            <TextLine id="r2l33" custom="readingOrder {index:32;}">
                <Coords points="1229,4608 1358,4653 1420,4613 1475,4651 1559,4587 2061,4632 2208,4581 2578,4581 2611,4491 2176,4553 1922,4521 1687,4571 1471,4518 1228,4568"/>
                <Baseline points="1238,4596 1306,4598 1374,4598 1442,4600 1510,4599 1579,4598 1647,4598 1715,4596 1783,4594 1851,4592 1920,4590 1988,4586 2056,4584 2124,4580 2192,4578 2261,4574 2329,4570 2397,4566 2465,4563 2533,4560 2602,4556"/>
                <TextEquiv>
                    <Unicode>empfachen wollen, des vermeinens er habe</Unicode>
                </TextEquiv>
            </TextLine>
            <TextLine id="r2l34" custom="readingOrder {index:33;}">
                <Coords points="1214,4714 1779,4667 1946,4731 2102,4659 2538,4658 2591,4586 2469,4558 2318,4621 2182,4585 2058,4633 1723,4607 1472,4651 1211,4609"/>
                <Baseline points="1222,4676 1290,4675 1358,4674 1426,4674 1494,4672 1562,4672 1630,4670 1698,4668 1766,4668 1834,4666 1902,4664 1970,4662 2038,4660 2106,4657 2174,4654 2242,4652 2310,4648 2378,4645 2446,4641 2514,4636 2582,4632"/>
                <TextEquiv>
                    <Unicode>Ira ein wenig zuuor schon albereit das</Unicode>
                </TextEquiv>
            </TextLine>
            <TextLine id="r2l35" custom="readingOrder {index:34;}">
                <Coords points="1233,4769 1393,4796 1457,4746 1620,4747 1828,4800 2229,4719 2340,4771 2398,4724 2616,4711 2613,4614 2528,4670 2302,4645 2230,4699 2102,4660 1937,4731 1774,4670 1231,4702"/>
                <Baseline points="1242,4744 1310,4744 1378,4746 1446,4746 1514,4748 1583,4748 1651,4748 1719,4748 1787,4746 1855,4744 1924,4743 1992,4741 2060,4738 2128,4735 2196,4732 2265,4727 2333,4722 2401,4717 2469,4710 2537,4704 2606,4696"/>
                <TextEquiv>
                    <Unicode>morgenbrot bracht, dan sy geduncket</Unicode>
                </TextEquiv>
            </TextLine>
            <TextLine id="r2l36" custom="readingOrder {index:35;}">
                <Coords points="1223,4833 2141,4823 2257,4859 2304,4822 2414,4859 2472,4803 2606,4806 2604,4736 2525,4764 2418,4724 2319,4776 1222,4792"/>
                <Baseline points="1234,4830 1302,4828 1370,4826 1438,4826 1506,4824 1574,4824 1642,4822 1710,4822 1778,4822 1846,4820 1914,4820 1982,4818 2050,4816 2118,4814 2186,4811 2254,4808 2322,4804 2390,4801 2458,4795 2526,4788 2594,4782"/>
                <TextEquiv>
                    <Unicode>es exacilel ein mann mit einem großen</Unicode>
                </TextEquiv>
            </TextLine>
            <TextLine id="r2l37" custom="readingOrder {index:36;}">
                <Coords points="1209,4925 1694,4902 1798,4958 1847,4909 2319,4889 2485,4929 2482,4804 2307,4863 2141,4823 1731,4870 1207,4825"/>
                <Baseline points="1218,4910 1280,4908 1343,4908 1406,4906 1469,4906 1532,4906 1594,4904 1657,4904 1720,4904 1783,4902 1846,4902 1908,4900 1971,4900 2034,4898 2097,4896 2160,4894 2222,4892 2285,4889 2348,4885 2411,4882 2474,4876"/>
                <TextEquiv>
                    <Unicode>schwarten bart im gang vor trem kasten</Unicode>
                </TextEquiv>
            </TextLine>
            <TextLine id="r2l38" custom="readingOrder {index:37;}">
                <Coords points="1230,5037 1568,5055 1644,4993 1829,5001 1973,5057 2032,4998 2146,5027 2242,4987 2241,4947 2142,4892 1921,4937 1843,4913 1802,4952 1694,4902 1631,4952 1437,4897 1351,4941 1227,4922"/>
                <Baseline points="1238,5004 1287,4999 1337,4995 1387,4991 1436,4989 1486,4987 1536,4986 1585,4984 1635,4984 1685,4984 1735,4984 1784,4984 1834,4983 1884,4982 1933,4982 1983,4980 2033,4980 2082,4977 2132,4974 2182,4972 2232,4968"/>
                <TextEquiv>
                    <Unicode>der iren zuesten bracht habe etc.</Unicode>
                </TextEquiv>
            </TextLine>
            <TextLine id="r2l39" custom="readingOrder {index:38;}">
                <Coords points="1068,5199 1222,5167 1464,5234 1974,5180 2254,5234 2414,5144 2677,5165 2676,5100 2592,5075 1623,5123 1501,5066 1323,5097 1129,5021 1066,5048"/>
                <Baseline points="1078,5160 1157,5162 1236,5164 1316,5166 1395,5166 1475,5168 1554,5168 1633,5168 1713,5168 1792,5168 1872,5166 1951,5165 2030,5164 2110,5162 2189,5160 2269,5156 2348,5154 2427,5152 2507,5148 2586,5145 2666,5142"/>
                <TextEquiv>
                    <Unicode>Ist uff ein gutte centur ledig gelaßen worden.</Unicode>
                </TextEquiv>
            </TextLine>
            <TextEquiv>
                <Unicode>wüstet, ansuch wolle, mit versprech sich
inskünfftig erlich und frau zu halten und
ein mußen und brot mit fleißigen arben
zu verdienen. Wie sy das auch vom Merch
meister Steinhawer handwercks, die
zegsamme hatt, daß sy im arbeiten gantz
fleißig, und mehr das kein andere Persohn
im Schallenwerch arbeite etc.
Ist vff ein gutte centur ledig gelaßen worden
5. julii 1655.
Susanna Gaßer von Burgdorff
Dieselbige ist vor etlich tagen wegen angeklagter
Diebstälen gfencklich eingezogen, vnd den
19. julii 1685 durch in herren rathschen Bucher
und h Großweibel von Luthernone ex-
Hatt bekennt.
aminirt worden,
daß sey vor Osteren, in einem gwüßen huß
zu wohlen, alwo sy übernacht gelegen,
entfr�ndet habe.
 Ihm wegen
e kleine kindts ziechl.
 bynlachen und ein windlen.
vor vngefahr 8 Jahren seye Ir Eheman, Hans
Daberg von Allmending mit deme sy ein
zeitlang daselbst bei irer schwiger hauß
gehalten gestorben, nach synem tod aber
habe sy in Ruffenach gewohnt, vnd sich
ußert obigen jederzeit ehrlich verhalten
Es seye vorgehaltner maßen wahr, daß sy
verschinner tagen, als des jr großen knab
Ira zu eßen brach von ime nichts
empfachen wollen, des vermeinens er habe
Ira ein wenig zuuor schon albereit das
morgenbrot bracht, dan sy geduncket
es exacilel ein mann mit einem großen
schwarten bart im gang vor trem kasten
der iren zuesten bracht habe etc.
Ist uff ein gutte centur ledig gelaßen worden.</Unicode>
            </TextEquiv>
        </TextRegion>
        <TextRegion orientation="0.0" id="r3" custom="readingOrder {index:2;}">
            <Coords points="3118,1584 3118,6397 4818,6397 4818,1584"/>
            <TextLine id="r3l1" custom="readingOrder {index:0;}">
                <Coords points="4550,1636 4566,1646 4611,1652 4628,1667 4654,1669 4665,1684 4676,1680 4689,1702 4725,1729 4753,1615 4735,1615 4725,1602 4708,1605 4681,1592 4670,1577 4629,1594 4599,1551 4572,1545"/>
                <Baseline points="4560,1638 4588,1641 4616,1647 4644,1655 4672,1663 4700,1670 4728,1674"/>
                <TextEquiv>
                    <Unicode>Cos.</Unicode>
                </TextEquiv>
            </TextLine>
            <TextLine id="r3l2" custom="readingOrder {index:1;} person {offset:0; length:13;}">
                <Coords points="3302,1779 3430,1781 3504,1828 3763,1795 3930,1855 4012,1823 4207,1878 4479,1872 4451,1790 4331,1745 4289,1768 4216,1711 4115,1773 3752,1759 3311,1664"/>
                <Baseline points="3312,1786 3369,1785 3427,1784 3485,1786 3543,1787 3601,1788 3659,1791 3717,1794 3775,1798 3833,1803 3891,1807 3948,1811 4006,1817 4064,1823 4122,1829 4180,1834 4238,1841 4296,1846 4354,1852 4412,1859 4470,1864"/>
                <TextEquiv>
                    <Unicode>Maria Lauwler ein Landts¬</Unicode>
                </TextEquiv>
            </TextLine>
            <TextLine id="r3l3" custom="readingOrder {index:2;}">
                <Coords points="3202,1826 3216,1831 3221,1828 3230,1831 3236,1838 3246,1841 3271,1765 3262,1762 3257,1765 3252,1761 3247,1762 3242,1753 3228,1751"/>
                <Baseline points="3218,1812 3242,1820"/>
                <TextEquiv>
                    <Unicode>e</Unicode>
                </TextEquiv>
            </TextLine>
            <TextLine id="r3l4" custom="readingOrder {index:3;}">
                <Coords points="3362,1954 3559,1985 4116,1949 4191,1955 4272,2023 4496,2003 4502,1926 4373,1885 4293,1917 4233,1862 4175,1902 4095,1850 3989,1888 3848,1818 3792,1860 3671,1815 3372,1818"/>
                <Baseline points="3376,1900 3431,1898 3487,1898 3542,1898 3598,1900 3654,1901 3709,1905 3765,1908 3820,1912 3876,1916 3932,1923 3987,1928 4043,1933 4098,1938 4154,1943 4210,1949 4265,1954 4321,1958 4376,1961 4432,1965 4488,1966"/>
                <TextEquiv>
                    <Unicode>Gweyßende dienen betreffendt.</Unicode>
                </TextEquiv>
            </TextLine>
            <TextLine id="r3l5" custom="readingOrder {index:4;}">
                <Coords points="3329,2159 3470,2098 3661,2095 4170,2137 4239,2183 4351,2138 4553,2152 4556,2103 4494,2079 4380,2092 4179,2019 4128,2049 4088,2013 3628,2014 3462,1968 3339,1998"/>
                <Baseline points="3344,2088 3404,2084 3464,2083 3524,2082 3584,2084 3644,2086 3704,2089 3764,2094 3824,2099 3884,2105 3944,2111 4004,2116 4064,2120 4124,2126 4184,2131 4244,2134 4304,2136 4364,2138 4424,2138 4484,2136 4544,2134"/>
                <TextEquiv>
                    <Unicode>Ist mitwochens den 14. julii wegen</Unicode>
                </TextEquiv>
            </TextLine>
            <TextLine id="r3l6" custom="readingOrder {index:5;}">
                <Coords points="3369,2195 3565,2243 3652,2208 3797,2292 3935,2247 4036,2281 4098,2246 4542,2266 4559,2219 4367,2165 4267,2202 4168,2154 4104,2195 3991,2127 3863,2176 3514,2113 3371,2153"/>
                <Baseline points="3378,2196 3436,2194 3495,2196 3553,2196 3612,2200 3670,2202 3729,2206 3787,2210 3846,2214 3904,2218 3963,2222 4021,2228 4080,2231 4138,2236 4197,2238 4255,2242 4314,2244 4372,2244 4431,2244 4489,2244 4548,2242"/>
                <TextEquiv>
                    <Unicode>ires gantz ergerlich verhaltens unnd</Unicode>
                </TextEquiv>
            </TextLine>
            <TextLine id="r3l7" custom="readingOrder {index:6;}">
                <Coords points="3336,2300 3525,2302 3616,2348 4029,2340 4207,2406 4517,2366 4519,2326 4315,2249 4189,2251 4106,2304 4076,2276 3842,2299 3613,2212 3571,2250 3343,2195"/>
                <Baseline points="3346,2292 3404,2294 3462,2296 3520,2299 3578,2302 3636,2306 3694,2311 3752,2314 3810,2320 3868,2323 3927,2329 3985,2334 4043,2338 4101,2342 4159,2346 4217,2349 4275,2351 4333,2354 4391,2354 4449,2354 4508,2354"/>
                <TextEquiv>
                    <Unicode>Rebwesens in dem wirthshuß zu</Unicode>
                </TextEquiv>
            </TextLine>
            <TextLine id="r3l8" custom="readingOrder {index:7;} place {offset:0; length:8;}">
                <Coords points="3341,2424 3819,2447 3967,2510 4315,2477 4391,2529 4606,2474 4608,2429 4496,2386 4176,2437 3902,2388 3834,2334 3742,2381 3662,2344 3489,2378 3411,2315 3346,2341"/>
                <Baseline points="3352,2414 3414,2412 3476,2412 3538,2414 3600,2416 3663,2421 3725,2425 3787,2431 3849,2437 3911,2443 3974,2449 4036,2456 4098,2461 4160,2466 4222,2469 4285,2472 4347,2472 4409,2472 4471,2470 4533,2464 4596,2458"/>
                <TextEquiv>
                    <Unicode>Bumplitz uff sambstag den 14. julii 1655.</Unicode>
                </TextEquiv>
            </TextLine>
            <TextLine id="r3l9" custom="readingOrder {index:8;}">
                <Coords points="3331,2572 3737,2542 3830,2608 3914,2565 4203,2593 4308,2662 4431,2604 4620,2614 4625,2530 4498,2554 4441,2509 4234,2550 3862,2474 3693,2504 3522,2415 3337,2475"/>
                <Baseline points="3342,2542 3405,2536 3469,2532 3532,2531 3596,2532 3659,2534 3723,2538 3786,2544 3850,2549 3913,2556 3977,2563 4040,2570 4104,2577 4167,2583 4231,2587 4294,2592 4358,2594 4421,2594 4485,2594 4548,2590 4612,2584"/>
                <TextEquiv>
                    <Unicode>Uß bevelch mahll vndt oberen, zuenthalben</Unicode>
                </TextEquiv>
            </TextLine>
            <TextLine id="r3l10" custom="readingOrder {index:9;}">
                <Coords points="3320,2675 3404,2696 3567,2637 3735,2722 4376,2689 4631,2753 4636,2656 4535,2618 4308,2661 3970,2586 3678,2606 3581,2562 3324,2598"/>
                <Baseline points="3332,2640 3396,2636 3461,2633 3525,2632 3590,2634 3655,2636 3719,2638 3784,2644 3848,2649 3913,2655 3978,2660 4042,2666 4107,2672 4171,2678 4236,2683 4300,2686 4365,2689 4430,2690 4494,2690 4559,2687 4624,2682"/>
                <TextEquiv>
                    <Unicode>volgende information uffgenommen worden.</Unicode>
                </TextEquiv>
            </TextLine>
            <TextLine id="r3l11" custom="readingOrder {index:10;}">
                <Coords points="3108,2903 3529,2904 3643,2963 3732,2914 3925,2960 4050,2914 4653,2940 4642,2854 4122,2880 3996,2789 3777,2850 3687,2803 3432,2847 3272,2739 3112,2766"/>
                <Baseline points="3118,2880 3194,2882 3270,2884 3346,2888 3423,2890 3499,2894 3575,2896 3652,2899 3728,2902 3804,2904 3881,2907 3957,2910 4033,2912 4109,2914 4186,2916 4262,2918 4338,2918 4415,2920 4491,2922 4567,2922 4644,2922"/>
                <TextEquiv>
                    <Unicode>Die wirthi züget, es seye verwichnen sambstat</Unicode>
                </TextEquiv>
            </TextLine>
            <TextLine id="r3l12" custom="readingOrder {index:11;}">
                <Coords points="3359,3025 3416,3046 3506,2988 3701,3061 3829,3003 4295,3026 4551,3088 4711,3027 4596,2938 4398,2989 4216,2939 4148,2988 3853,2914 3650,2961 3364,2908"/>
                <Baseline points="3370,2980 3436,2982 3503,2982 3569,2984 3636,2987 3702,2990 3769,2993 3835,2996 3902,3001 3968,3004 4035,3008 4101,3012 4168,3016 4234,3020 4301,3022 4367,3026 4434,3028 4500,3030 4567,3030 4633,3030 4700,3030"/>
                <TextEquiv>
                    <Unicode>dise persohn mit noch einer anderen, so sy fur</Unicode>
                </TextEquiv>
            </TextLine>
            <TextLine id="r3l13" custom="readingOrder {index:12;} place {offset:32; length:8;}">
                <Coords points="3364,3117 3493,3083 3552,3130 3776,3104 4028,3162 4087,3128 4651,3177 4656,3092 4592,3062 4528,3103 4461,3051 4155,3090 4072,3039 3901,3080 3655,3022 3577,3064 3367,3060"/>
                <Baseline points="3376,3088 3439,3088 3502,3088 3566,3090 3629,3090 3693,3094 3756,3096 3819,3101 3883,3104 3946,3108 4010,3113 4073,3117 4136,3120 4200,3126 4263,3130 4327,3134 4390,3137 4453,3141 4517,3144 4580,3146 4644,3148"/>
                <TextEquiv>
                    <Unicode>ein tryburgerin angesechen, gan Bümplitz</Unicode>
                </TextEquiv>
            </TextLine>
            <TextLine id="r3l14" custom="readingOrder {index:13;}">
                <Coords points="3378,3220 3690,3221 3767,3267 3835,3224 4250,3280 4373,3247 4462,3301 4686,3270 4654,3170 4272,3210 4209,3151 4039,3176 3776,3104 3699,3162 3580,3116 3484,3170 3382,3147"/>
                <Baseline points="3390,3192 3454,3193 3518,3196 3582,3198 3647,3202 3711,3205 3775,3209 3840,3212 3904,3216 3968,3219 4033,3222 4097,3227 4161,3230 4225,3235 4290,3238 4354,3242 4418,3244 4483,3248 4547,3250 4611,3252 4676,3254"/>
                <TextEquiv>
                    <Unicode>zum wirthshuß kommen, da sy inen dann uff</Unicode>
                </TextEquiv>
            </TextLine>
            <TextLine id="r3l15" custom="readingOrder {index:14;}">
                <Coords points="3379,3318 3743,3319 3912,3367 4086,3330 4465,3353 4588,3396 4653,3371 4656,3315 4183,3261 3623,3279 3501,3216 3381,3268"/>
                <Baseline points="3390,3304 3452,3304 3515,3306 3578,3306 3640,3308 3703,3310 3766,3313 3828,3316 3891,3319 3954,3323 4017,3325 4079,3328 4142,3332 4205,3334 4267,3338 4330,3342 4393,3344 4455,3346 4518,3348 4581,3350 4644,3350"/>
                <TextEquiv>
                    <Unicode>erforderen wyn gegeben, by welchem wyn</Unicode>
                </TextEquiv>
            </TextLine>
            <TextLine id="r3l16" custom="readingOrder {index:15;}">
                <Coords points="3363,3438 3473,3436 3526,3488 3638,3428 3781,3471 3894,3441 3987,3495 4064,3459 4662,3485 4664,3429 4208,3415 4154,3368 3704,3392 3595,3334 3496,3367 3431,3316 3367,3353"/>
                <Baseline points="3374,3416 3437,3418 3501,3418 3565,3420 3629,3423 3693,3426 3757,3428 3821,3432 3885,3434 3949,3439 4013,3442 4076,3446 4140,3449 4204,3454 4268,3457 4332,3460 4396,3464 4460,3466 4524,3468 4588,3471 4652,3474"/>
                <TextEquiv>
                    <Unicode>aber, sy die gehandthaffte, gott vndt der</Unicode>
                </TextEquiv>
            </TextLine>
            <TextLine id="r3l17" custom="readingOrder {index:16;}">
                <Coords points="3367,3560 3707,3549 3771,3618 3855,3566 4213,3579 4311,3642 4697,3599 4699,3559 4520,3513 4437,3555 4244,3505 3873,3529 3729,3470 3655,3513 3600,3468 3372,3457"/>
                <Baseline points="3378,3544 3443,3542 3509,3542 3574,3542 3640,3542 3705,3544 3771,3547 3836,3550 3902,3554 3967,3558 4033,3563 4098,3567 4164,3572 4229,3577 4295,3581 4360,3584 4426,3587 4491,3590 4557,3590 4622,3592 4688,3590"/>
                <TextEquiv>
                    <Unicode>oberkeit gantz schmächliche wort usgegoßen,</Unicode>
                </TextEquiv>
            </TextLine>
            <TextLine id="r3l18" custom="readingOrder {index:17;} person {offset:33; length:6;}">
                <Coords points="3363,3680 3731,3700 3837,3661 4707,3753 4712,3654 4513,3595 4395,3656 3957,3586 3856,3624 3620,3562 3533,3606 3367,3576"/>
                <Baseline points="3374,3660 3440,3656 3506,3654 3572,3652 3639,3652 3705,3654 3771,3655 3838,3658 3904,3660 3970,3664 4037,3668 4103,3672 4169,3676 4235,3680 4302,3684 4368,3689 4434,3694 4501,3696 4567,3700 4633,3702 4700,3704"/>
                <TextEquiv>
                    <Unicode>by den h. sacramenten, dem Namen Gottes,</Unicode>
                </TextEquiv>
            </TextLine>
            <TextLine id="r3l19" custom="readingOrder {index:18;}">
                <Coords points="3355,3803 3958,3781 4177,3873 4363,3803 4598,3832 4677,3895 4766,3873 4770,3768 4625,3725 4442,3765 4244,3701 3360,3699"/>
                <Baseline points="3366,3772 3435,3770 3505,3770 3574,3770 3644,3770 3714,3770 3783,3772 3853,3774 3922,3776 3992,3778 4062,3782 4131,3785 4201,3790 4270,3795 4340,3799 4410,3803 4479,3808 4549,3814 4618,3818 4688,3823 4758,3830"/>
                <TextEquiv>
                    <Unicode>irer sechen zu vilen malen geschworen, offt gesagt,</Unicode>
                </TextEquiv>
            </TextLine>
            <TextLine id="r3l20" custom="readingOrder {index:19;} person {offset:0; length:4;}">
                <Coords points="3343,3897 3794,3896 3978,3960 4152,3904 4321,3983 4432,3940 4548,3985 4646,3932 4740,3962 4763,3889 4635,3896 4515,3832 4078,3869 3974,3796 3833,3840 3731,3801 3610,3838 3507,3779 3347,3800"/>
                <Baseline points="3354,3874 3423,3876 3493,3877 3563,3879 3633,3882 3703,3884 3772,3886 3842,3889 3912,3891 3982,3894 4052,3897 4121,3900 4191,3904 4261,3907 4331,3911 4401,3916 4470,3919 4540,3922 4610,3928 4680,3932 4750,3936"/>
                <TextEquiv>
                    <Unicode>Gott behüt unnß der luffel solle sy nemmen,</Unicode>
                </TextEquiv>
            </TextLine>
            <TextLine id="r3l21" custom="readingOrder {index:20;}">
                <Coords points="3365,3994 3648,4022 3719,4077 3805,4026 4134,4080 4732,4063 4722,3973 4632,4023 4428,4015 4239,3930 3949,4005 3703,3921 3368,3935"/>
                <Baseline points="3376,3986 3443,3991 3510,3998 3577,4003 3645,4007 3712,4011 3779,4017 3847,4020 3914,4024 3981,4028 4049,4032 4116,4035 4183,4037 4250,4040 4318,4043 4385,4044 4452,4046 4520,4049 4587,4050 4654,4052 4722,4054"/>
                <TextEquiv>
                    <Unicode>auch habe sy ein schmachliches Liedt wider die</Unicode>
                </TextEquiv>
            </TextLine>
            <TextLine id="r3l22" custom="readingOrder {index:21;}">
                <Coords points="3357,4143 4751,4180 4753,4120 4609,4083 4490,4128 4316,4112 4247,4047 4038,4105 3738,4098 3647,4036 3360,4053"/>
                <Baseline points="3368,4114 3436,4116 3505,4118 3574,4120 3642,4122 3711,4124 3780,4126 3848,4128 3917,4131 3986,4134 4055,4137 4123,4140 4192,4142 4261,4146 4329,4148 4398,4151 4467,4154 4535,4156 4604,4160 4673,4162 4742,4164"/>
                <TextEquiv>
                    <Unicode>oberkeit, nit mit wider alles abweren continue</Unicode>
                </TextEquiv>
            </TextLine>
            <TextLine id="r3l23" custom="readingOrder {index:22;}">
                <Coords points="3368,4292 3483,4248 3561,4296 3644,4249 4004,4311 4174,4263 4254,4313 4345,4275 4710,4298 4712,4243 4598,4243 4533,4183 4441,4236 4208,4157 4055,4213 4002,4178 3731,4217 3657,4164 3488,4209 3374,4137"/>
                <Baseline points="3380,4242 3446,4242 3512,4242 3578,4242 3644,4242 3710,4244 3776,4246 3842,4249 3908,4252 3974,4254 4040,4257 4106,4260 4172,4262 4238,4266 4304,4268 4370,4270 4436,4273 4502,4274 4568,4276 4634,4276 4700,4276"/>
                <TextEquiv>
                    <Unicode>zeungen, sonder auch gesagt, die Berner seyen</Unicode>
                </TextEquiv>
            </TextLine>
            <TextLine id="r3l24" custom="readingOrder {index:23;}">
                <Coords points="3366,4374 3610,4434 3712,4375 3986,4448 4385,4393 4512,4462 4575,4411 4681,4446 4684,4355 4552,4311 4382,4359 4169,4306 4042,4346 3975,4292 3900,4322 3794,4286 3671,4342 3542,4284 3368,4301"/>
                <Baseline points="3376,4358 3440,4360 3505,4362 3570,4364 3635,4366 3700,4368 3764,4370 3829,4372 3894,4375 3959,4377 4024,4380 4088,4382 4153,4384 4218,4386 4283,4388 4348,4390 4412,4392 4477,4393 4542,4394 4607,4396 4672,4398"/>
                <TextEquiv>
                    <Unicode>all kenereister Kältzern, sy wolle noch frey</Unicode>
                </TextEquiv>
            </TextLine>
            <TextLine id="r3l25" custom="readingOrder {index:24;}">
                <Coords points="3362,4517 3831,4516 3897,4565 3992,4514 4086,4566 4332,4513 4575,4552 4685,4531 4686,4495 4352,4422 4231,4475 4088,4403 3810,4475 3647,4413 3568,4455 3417,4401 3364,4426"/>
                <Baseline points="3372,4482 3437,4484 3502,4486 3567,4488 3632,4490 3698,4491 3763,4493 3828,4494 3893,4498 3958,4499 4024,4500 4089,4503 4154,4504 4219,4506 4284,4508 4350,4510 4415,4512 4480,4512 4545,4514 4610,4514 4676,4516"/>
                <TextEquiv>
                    <Unicode>etwas mit inen anfachen. Item die Berner</Unicode>
                </TextEquiv>
            </TextLine>
            <TextLine id="r3l26" custom="readingOrder {index:25;}">
                <Coords points="3348,4667 3420,4616 3853,4658 3906,4620 4071,4675 4722,4642 4641,4574 4422,4595 4352,4537 4189,4593 3983,4513 3896,4566 3788,4525 3631,4579 3353,4518"/>
                <Baseline points="3360,4594 3427,4598 3495,4602 3562,4604 3630,4608 3698,4612 3765,4615 3833,4618 3900,4620 3968,4624 4036,4626 4103,4628 4171,4630 4238,4632 4306,4634 4373,4634 4441,4636 4509,4636 4576,4636 4644,4636 4712,4636"/>
                <TextEquiv>
                    <Unicode>seyen all des tüfels, aber die juget der</Unicode>
                </TextEquiv>
            </TextLine>
            <TextLine id="r3l27" custom="readingOrder {index:26;}">
                <Coords points="3352,4752 3873,4748 4022,4815 4144,4776 4431,4815 4691,4787 4739,4725 4464,4689 4380,4632 4222,4711 3966,4672 3906,4620 3774,4688 3567,4690 3419,4615 3356,4658"/>
                <Baseline points="3364,4714 3432,4719 3500,4722 3568,4726 3636,4729 3705,4732 3773,4736 3841,4739 3909,4741 3977,4744 4046,4746 4114,4749 4182,4752 4250,4754 4318,4756 4387,4758 4455,4760 4523,4762 4591,4764 4659,4766 4728,4768"/>
                <TextEquiv>
                    <Unicode>wirth vnndt die wirthi zuglych, daß vor</Unicode>
                </TextEquiv>
            </TextLine>
            <TextLine id="r3l28" custom="readingOrder {index:27;}">
                <Coords points="3345,4859 4090,4868 4439,4959 4648,4926 4695,4853 4591,4796 4390,4840 4239,4794 4012,4827 3931,4781 3722,4777 3569,4817 3349,4770"/>
                <Baseline points="3356,4834 3422,4836 3488,4838 3554,4840 3621,4843 3687,4846 3753,4848 3820,4852 3886,4854 3952,4858 4019,4862 4085,4864 4151,4868 4217,4872 4284,4876 4350,4880 4416,4883 4483,4887 4549,4890 4615,4894 4682,4898"/>
                <TextEquiv>
                    <Unicode>Jharen, namlich a st Den 29. maii als sy zu</Unicode>
                </TextEquiv>
            </TextLine>
            <TextLine id="r3l29" custom="readingOrder {index:28;} place {offset:0; length:8;}">
                <Coords points="3337,4954 3615,5005 4135,4990 4416,5059 4530,5012 4689,5057 4715,4913 4434,4960 4210,4912 4125,4954 3968,4891 3770,4932 3340,4881"/>
                <Baseline points="3348,4942 3415,4947 3483,4952 3550,4956 3618,4959 3686,4962 3753,4966 3821,4970 3888,4974 3956,4978 4024,4981 4091,4984 4159,4986 4226,4989 4294,4992 4361,4994 4429,4996 4497,4998 4564,5000 4632,5002 4700,5002"/>
                <TextEquiv>
                    <Unicode>Nuwenegg gewirthet, eben dise persohn 169</Unicode>
                </TextEquiv>
            </TextLine>
            <TextLine id="r3l30" custom="readingOrder {index:29;}">
                <Coords points="3352,5112 3517,5081 3812,5145 4111,5107 4185,5165 4264,5115 4532,5113 4598,5156 4769,5100 4770,5042 4431,5082 4166,4995 3769,5056 3683,5000 3596,5047 3355,5009"/>
                <Baseline points="3362,5072 3431,5072 3501,5075 3571,5078 3641,5080 3711,5082 3780,5086 3850,5088 3920,5092 3990,5094 4060,5096 4129,5100 4199,5102 4269,5104 4339,5104 4409,5106 4478,5106 4548,5106 4618,5106 4688,5104 4758,5100"/>
                <TextEquiv>
                    <Unicode>inen gewesen im wirthsthuß, habe auch da</Unicode>
                </TextEquiv>
            </TextLine>
            <TextLine id="r3l31" custom="readingOrder {index:30;}">
                <Coords points="3359,5224 4821,5270 4777,5173 4712,5204 4634,5155 4533,5205 4329,5133 3628,5167 3519,5111 3447,5160 3364,5117"/>
                <Baseline points="3370,5190 3442,5192 3514,5192 3586,5194 3658,5196 3730,5198 3802,5200 3874,5202 3946,5205 4018,5208 4091,5210 4163,5213 4235,5216 4307,5220 4379,5222 4451,5226 4523,5230 4595,5234 4667,5238 4739,5242 4812,5246"/>
                <TextEquiv>
                    <Unicode>zumalen schandtliche wort und geberden gebracht,</Unicode>
                </TextEquiv>
            </TextLine>
            <TextLine id="r3l32" custom="readingOrder {index:31;}">
                <Coords points="3354,5345 4070,5337 4185,5413 4292,5361 4521,5408 4796,5372 4799,5311 4530,5271 4374,5305 4241,5240 4166,5287 3925,5246 3778,5298 3359,5236"/>
                <Baseline points="3366,5308 3437,5311 3508,5314 3579,5317 3650,5320 3721,5322 3792,5326 3863,5328 3934,5330 4005,5333 4076,5336 4147,5338 4218,5340 4289,5344 4360,5346 4431,5349 4502,5352 4573,5354 4644,5358 4715,5362 4786,5364"/>
                <TextEquiv>
                    <Unicode>sonderlich aber schwaldenlich geflucht, vndt sich so vnt</Unicode>
                </TextEquiv>
            </TextLine>
            <TextLine id="r3l33" custom="readingOrder {index:32;}">
                <Coords points="3350,5463 3823,5458 3863,5498 3925,5459 4060,5507 4362,5472 4660,5555 4754,5538 4759,5436 4498,5449 4422,5376 4308,5434 4163,5430 4080,5372 3933,5416 3759,5350 3446,5400 3355,5348"/>
                <Baseline points="3362,5424 3431,5430 3500,5434 3569,5439 3638,5442 3708,5445 3777,5448 3846,5450 3915,5452 3984,5454 4054,5456 4123,5458 4192,5460 4261,5463 4330,5466 4400,5469 4469,5474 4538,5479 4607,5485 4676,5491 4746,5500"/>
                <TextEquiv>
                    <Unicode>hnung gestelt, daß man sy in einen seüwstahl</Unicode>
                </TextEquiv>
            </TextLine>
            <TextLine id="r3l34" custom="readingOrder {index:33;}">
                <Coords points="3352,5568 4079,5632 4296,5587 4400,5663 4827,5627 4804,5549 4642,5571 4545,5507 4202,5546 4079,5495 3971,5551 3777,5473 3718,5509 3609,5459 3356,5479"/>
                <Baseline points="3364,5536 3436,5544 3509,5549 3582,5555 3654,5559 3727,5564 3800,5568 3872,5570 3945,5572 4018,5574 4091,5576 4163,5579 4236,5580 4309,5582 4381,5584 4454,5586 4527,5590 4599,5592 4672,5595 4745,5600 4818,5604"/>
                <TextEquiv>
                    <Unicode>alvo Honore) habe ynspreren muß, dazumalen</Unicode>
                </TextEquiv>
            </TextLine>
            <TextLine id="r3l35" custom="readingOrder {index:34;}">
                <Coords points="3351,5669 3873,5703 4031,5767 4230,5719 4411,5786 4538,5726 4782,5737 4784,5689 4568,5630 4409,5676 4347,5641 4250,5678 4183,5617 4047,5602 3663,5649 3571,5570 3356,5570"/>
                <Baseline points="3362,5644 3432,5653 3503,5661 3573,5669 3644,5674 3714,5680 3785,5684 3855,5689 3926,5692 3996,5695 4067,5698 4137,5701 4208,5703 4278,5706 4349,5708 4419,5710 4490,5712 4560,5716 4631,5718 4701,5722 4772,5726"/>
                <TextEquiv>
                    <Unicode>habe sy auch geredt, sy habe ahn eßen vndt</Unicode>
                </TextEquiv>
            </TextLine>
            <TextLine id="r3l36" custom="readingOrder {index:35;}">
                <Coords points="3347,5788 3656,5845 4295,5841 4513,5922 4803,5876 4808,5781 4769,5772 4443,5807 4147,5729 3887,5791 3748,5777 3661,5700 3588,5753 3509,5709 3455,5749 3354,5677"/>
                <Baseline points="3358,5770 3429,5778 3501,5787 3573,5794 3645,5800 3717,5807 3788,5812 3860,5817 3932,5821 4004,5826 4076,5831 4147,5834 4219,5837 4291,5840 4363,5842 4435,5846 4506,5849 4578,5853 4650,5856 4722,5860 4794,5864"/>
                <TextEquiv>
                    <Unicode>trunken keinen mangel habe lüth so ihr gelts</Unicode>
                </TextEquiv>
            </TextLine>
            <TextLine id="r3l37" custom="readingOrder {index:36;}">
                <Coords points="3357,5926 4614,6026 4764,5988 4769,5910 4651,5951 4232,5867 4024,5920 3856,5843 3362,5852"/>
                <Baseline points="3368,5898 3437,5906 3506,5913 3575,5918 3645,5925 3714,5930 3783,5936 3853,5940 3922,5944 3991,5948 4061,5953 4130,5957 4199,5961 4268,5964 4338,5968 4407,5972 4476,5975 4546,5978 4615,5982 4684,5986 4754,5990"/>
                <TextEquiv>
                    <Unicode>genug geben mußen, nemlich die so mit Ihren</Unicode>
                </TextEquiv>
            </TextLine>
            <TextLine id="r3l38" custom="readingOrder {index:37;}">
                <Coords points="3364,6075 3489,6050 3551,6106 3634,6055 4345,6152 4775,6103 4780,6019 4517,6054 4148,5975 3918,6023 3839,5943 3631,6007 3566,5957 3371,5960"/>
                <Baseline points="3376,6028 3445,6034 3515,6038 3584,6044 3654,6050 3723,6055 3793,6062 3862,6067 3932,6073 4001,6079 4071,6083 4140,6087 4210,6092 4279,6096 4349,6099 4418,6101 4488,6102 4557,6102 4627,6102 4696,6100 4766,6098"/>
                <TextEquiv>
                    <Unicode>zuschaffen gehabt. Do zuget auch des</Unicode>
                </TextEquiv>
            </TextLine>
            <TextLine id="r3l39" custom="readingOrder {index:38;}">
                <Coords points="3356,6176 4000,6252 4461,6228 4739,6307 4803,6289 4811,6184 4589,6171 4523,6113 4400,6200 4088,6188 3978,6111 3816,6146 3424,6053 3362,6087"/>
                <Baseline points="3368,6154 3439,6159 3510,6164 3582,6170 3653,6176 3725,6181 3796,6187 3867,6194 3939,6201 4010,6206 4082,6213 4153,6217 4224,6223 4296,6229 4367,6232 4439,6236 4510,6239 4581,6241 4653,6242 4724,6242 4796,6240"/>
                <TextEquiv>
                    <Unicode>Wirths tochter, daß verwichenen sambstags</Unicode>
                </TextEquiv>
            </TextLine>
            <TextLine id="r3l40" custom="readingOrder {index:39;}">
                <Coords points="3331,6323 3632,6308 3782,6388 3939,6342 4088,6402 4241,6348 4438,6431 4530,6375 4822,6382 4826,6317 4775,6300 4427,6331 4234,6306 4154,6243 3752,6278 3657,6228 3575,6267 3340,6180"/>
                <Baseline points="3344,6286 3417,6289 3490,6293 3564,6298 3637,6302 3711,6308 3784,6312 3857,6319 3931,6324 4004,6331 4078,6336 4151,6341 4224,6347 4298,6353 4371,6356 4445,6360 4518,6364 4591,6367 4665,6370 4738,6370 4812,6370"/>
                <TextEquiv>
                    <Unicode>sy neben den erschroklich schwuren auch geredt</Unicode>
                </TextEquiv>
            </TextLine>
            <TextEquiv>
                <Unicode>Cos.
Maria Lauwler ein Landts¬
e
Gweyßende dienen betreffendt.
Ist mitwochens den 14. julii wegen
ires gantz ergerlich verhaltens unnd
Rebwesens in dem wirthshuß zu
Bumplitz uff sambstag den 14. julii 1655.
Uß bevelch mahll vndt oberen, zuenthalben
volgende information uffgenommen worden.
Die wirthi züget, es seye verwichnen sambstat
dise persohn mit noch einer anderen, so sy fur
ein tryburgerin angesechen, gan Bümplitz
zum wirthshuß kommen, da sy inen dann uff
erforderen wyn gegeben, by welchem wyn
aber, sy die gehandthaffte, gott vndt der
oberkeit gantz schmächliche wort usgegoßen,
by den h. sacramenten, dem Namen Gottes,
irer sechen zu vilen malen geschworen, offt gesagt,
Gott behüt unnß der luffel solle sy nemmen,
auch habe sy ein schmachliches Liedt wider die
oberkeit, nit mit wider alles abweren continue
zeungen, sonder auch gesagt, die Berner seyen
all kenereister Kältzern, sy wolle noch frey
etwas mit inen anfachen. Item die Berner
seyen all des tüfels, aber die juget der
wirth vnndt die wirthi zuglych, daß vor
Jharen, namlich a st Den 29. maii als sy zu
Nuwenegg gewirthet, eben dise persohn 169
inen gewesen im wirthsthuß, habe auch da
zumalen schandtliche wort und geberden gebracht,
sonderlich aber schwaldenlich geflucht, vndt sich so vnt
hnung gestelt, daß man sy in einen seüwstahl
alvo Honore) habe ynspreren muß, dazumalen
habe sy auch geredt, sy habe ahn eßen vndt
trunken keinen mangel habe lüth so ihr gelts
genug geben mußen, nemlich die so mit Ihren
zuschaffen gehabt. Do zuget auch des
Wirths tochter, daß verwichenen sambstags
sy neben den erschroklich schwuren auch geredt</Unicode>
            </TextEquiv>
        </TextRegion>
    </Page>
</PcGts>
