5472 7296
532 1388 737 1543 114.
921 1420 2391 1695 er gehe, es müeße einmal sein, wollent die freyheiten
969 1549 2414 1731 was ihre lieben und lobsaligen alten mit dem
952 1661 2373 1863 schwert erhalten und reisete hiemit starck fort.
419 1650 891 1838 gewunnen, auch mit
459 1786 799 1924 den schwarte
854 1814 2390 2034 Hanß Rudolff Seyler der under Müller zu Lentz
939 1968 2381 2122 burg vermeldet, alß er mit seinem undergebnen
472 1987 911 2125 Item als sein gwüste
486 2087 687 2200 Persohn
922 2053 2300 2225 Im täger vor Mellingen ein wenig under
919 2152 2373 2333 Dennegg gelegen, seye imme under anderen befelchs
924 2271 2349 2452 haberen ordren ertheilt worden, daß sy sich also
896 2379 2376 2533 bald zu dem Lewenberger verfüegen sollen.
915 2471 2345 2637 In deme komme Hanß Heinrich zahn uf einem pferdt
925 2579 2342 2755 dahar zeiten, dieselbigen zu rucke zu ihren völckeren
964 2686 2356 2874 gemant. Sprechent, daß man mit allen ernst
955 2798 2305 2986 angreiffen und nur dryn schlagen solle
948 2904 2334 3081 es werde doch nit beßer, dan er allen volmechtigen
954 3008 2355 3198 gwalt habe, solches in das werck zu setzen und wann
922 3124 2339 3299 dan nit also (so er nit wohlen grausammen schwüren
935 3231 2315 3417 vihl und underschidenliche mal bestättiget) solle
957 3332 2413 3524 man imme zu thansenst stucken gerreißen. Nachten
955 3437 2351 3628 aber ein anderer befelch ervolget, habe er
920 3562 2330 3745 bezeug inne zahnen mir mit einer musqueten
957 3668 1875 3846 uf der achslen tragent, gesechen.
950 3808 1101 3946 e
848 3845 2359 4083 Hanß Urich Wäber der wechter in ir gen schloß
473 3917 810 4061 Verners habe
928 3989 2399 4122 2enneggen bestättiget nochmahlen, daß Hs Heinrich Hochen f
373 4063 2352 4258 4 dem wächleferung anbefolchen, die wacht zu Oberst uf dem Thurn
931 4155 2328 4342 zuhalten und imme angemutet, er sölle inne nur
957 4266 2374 4464 y das schloß laßen, es werde imme nichts schader
942 4373 2378 4556 und wölle imme gut darfür sein, mit versprechung
936 4489 2364 4676 imme den sold us der Graffscht seckel zu geben,
939 4584 2390 4772 by welchem anmuten und versprechen ein Sproß
940 4704 2411 4900 von muchen auch gewesen. Woruf gedachter
943 4825 2363 5021 wechter inne zahnen gebätten, sölle imme diß
949 4929 2398 5102 nit abnutten, dann er ein diener der hochen
929 5033 2385 5227 oberkeit seye, habe auch nit anders, dann was
921 5156 2363 5355 dieselbige imme gegont. über diß gedachter
896 5265 2401 5474 jahr geantwortet, es gange jetz und er das nichts
940 5412 2372 5589 an, dann es wolle die gerechtigkeit, warheit und
906 5496 2370 5706 die alte freyheste jetzunder berneren. Daruf
946 5621 2410 5807 er jahr in das schloß Brunegg gangen unnd
951 5739 2378 5941 anordnung gethan, daß ein weiße faren
911 5854 2412 6067 oder thuch, die wort zeichen zu ertheilen us dem
2644 1933 2986 2151 ses
2596 4719 2999 4857 wychers wirt
2597 4820 3006 4911 gezüget, das offt
2601 4876 2928 4983 gedachter
2872 5364 3036 5532 gahn.
2840 5855 3084 6023 Al
4286 1402 4461 1531 155.
3004 1482 4461 1663 schloß Brunegg gesteckt worden, bey neben auch von
3003 1609 4413 1746 dem wechter begerte zu wüßen, was für geschütz,
3015 1687 4487 1846 und was für kraut und lad vorhanden sein möchten.
2979 1797 4449 1966 Jochim Stirneman der jung von suche zuget heiter
3027 1937 4475 2091 aß Hanß Heinrich Jahr und dem sigen halt hinab nacher
3028 2019 4533 2196 sur kommen, habe er also bald einen gespanen begert
3021 2130 4481 2310 der mit imme in das ambt eigen reisete, da aber
3043 2233 4482 2398 niemant mit imme gewolt, hatt undervogt Gysin
3111 2331 3232 2414 chen
3038 2328 4539 2511 u. Imme stirneman befelchen mit imme zahnen zugahn
3010 2442 4482 2596 dann er zahn dörffte wol mehr an die sach thun, alß
2976 2539 4565 2720 Imme aber besolchen worden. Daruf seye er stirneman
3050 2657 4581 2828 mit imme zahnen dahin gereiset, und erwegs aber
3026 2766 4538 2944 habe er alles uf gemant, daß sy dem fahr zu ziehen
3038 2865 4540 3070 söllen. Alß sy in der nacht bei anpffig ange
3041 2982 4563 3172 langt, wahren etliche gmeinden bei einanderen
3024 3096 4472 3257 So albereit ein gmeindt in einem baumgardten
3050 3208 4484 3398 gehalten, da sich dann Hanß Heinrich zahn neben
3177 3330 3459 3432 Stirneman
3018 3321 4527 3551 imme gegangen zu der gmeindt verfüegt unnd
3022 3424 4545 3661 denselbigen im eigen ampt angemutet, daß sy
3045 3556 4576 3761 sich zum fahr verschüegen, das selbige verwachen,
3040 3669 4590 3872 und das fahr seil abschneiden, sich auch deß closters
2997 3782 4602 3962 Köngsfelden, wo einglich bemechtigen söllen.
3235 3915 3603 4015 Stirnenmal
3176 3925 3245 4003 2
2997 3898 4608 4105 Woruf er gezang sich erklärt, daß gedachter zahn
3029 4015 4551 4195 bein befelch habe das closter zu beleidigen und das
3028 4100 4631 4330 fahr seil abzuschneiden. In deme seyen die volcker
3048 4234 4584 4455 us dem Kuldmer und Rynacher Taal daherumb
3078 4376 3440 4570 angelangt.
3080 4520 4630 4772 auß. Albrecht und Hanseli Kull, all drey von
2941 4565 3102 4777 h
3069 4669 4587 4867 nider reütz vermelden, daß Hanß Heinrich Zahn
3071 4771 4647 4961 neben vorgemelten Jochim Stirneman von Sur gegen
3024 4873 4659 5058 der nacht in das dorf nider Lentz gstendt kommen, dieselben
3061 4976 4666 5173 ufgemant, daß sy dem fahr zu ziechen söllen, dann es komme
4041 5082 4186 5161 wiede
3078 5078 4667 5269 alles volk us dem Thal hinndere, so auch selbige nacht
3060 5194 4676 5412 by 200 mann im dorf übernacht gelegen, da gedachter
3079 5285 4639 5541 sich bald hinweg gemacht, mit vermelden, daß er uf
3048 5427 4613 5667 Moriken und Lupffig zu ryben wollen, selbige auch
3078 5525 4623 5781 anzemahnen fort zu ziehen, auch es das fahr seil
3098 5708 3614 5860 abhauren wollen.
3101 5768 4626 6028 auß enscher genant Sproß von Moriken zuget
3091 5930 4627 6161 er mit Jaggli Hinken von Kupffig nacher
