5472 7296
547 1550 680 1673 80
1523 1421 1697 1500 aber
960 1444 2314 1681 Das Orcumal, durch Christ Canner
936 1541 2327 1762 und Hans Liechli weithers gan söchstellen
981 1695 1647 1886 getragen worden.
932 1851 2122 2088 Entlichen seye imme diß Vnwesens
979 1970 2243 2170 halben vernach nit in wüßen, weder
957 2052 2254 2238 daß uff ein zeit Michel geschliman,
946 2157 2250 2364 Gantz Tellenbach, Clauß Wermins, vnd
997 2245 2208 2424 andere mehr bim schloß Signaw die
996 2333 2192 2553 wehr hinuß geforderet, vnd durch
988 2414 2217 2621 ir bachen so vil vermögen, daß inen das
979 2515 2279 2740 gug auß habe müßen geöffnet werden.
965 2640 2211 2856 Bittet hiemit anntz flächenlich umb
986 2786 2185 2954 gnad, vnd das Ir gut. Inne nit nach
961 2866 2178 3068 verdienen straffen, sondern mit den
1004 2955 2256 3159 aug der barmhertzigkeit ansecht, und
1023 3042 2216 3227 zunem weib, auch vilen Schnee Jaglis
988 3136 2291 3316 kinden widerumb schencken wollind etc.
807 3305 2299 3521 Ist v. mahl im Strecki thurn gewesen, aber
925 3427 2243 3588 mir einmahl lahrtzogen worden.
751 3620 2098 3845 Den 15. decemb 1683 ist diß
869 3737 2102 3909 engelschmidt process vor inghen
893 3829 2063 4003 rath und Burgersten angehört und
876 3927 2069 4037 erkent worden, daß er als ein
875 4001 2165 4136 landtsfrönder und angenommen, mit
876 4084 2183 4230 entharschmeitzt, zeichnet und Eidtlich
864 4167 2148 4330 von Statt vnd land verwisen werden,
839 4291 1089 4445 sölle.
2527 3645 2691 3780 den
2710 3618 2949 3758 5. decembris
4324 1440 4488 1577 87.
3207 1548 4274 1739 das dispoli genant
3210 1692 4323 1873 Thöri von Schurtz nach der
3194 1791 4370 1979 Ampteyung Schenckenberg.
3094 2063 4480 2283 Cachdem derselbige in vergangner
3074 2209 4492 2376 Rebellian für ein ehrerer und haubtman deß
3074 2284 4490 2466 oberen ambts schenckenberg sich gebruchen
3092 2393 4417 2555 laßen und den pass zu stilli am fahr
3099 2496 4464 2665 zu verwachen ungenommen, volgendts von diser
3110 2603 4437 2756 und anderen vernebten ungebühren wegen,
3081 2694 4538 2859 landtsflüchtig uf nechst gelegnen ist ergitischen
3091 2798 4486 2980 boden ufgehalten, verwichnen 22. octobr.
3117 2913 4536 3051 aber sich widerumb gutwillig uf gnad syner
3112 3024 4528 3198 gnedigen oberkeit yngestelt, ist derselbige
3095 3138 4481 3333 hieruf alßbald von herren obervogt uf
3079 3258 4544 3430 Schenckenberg, ernst mortig examiniert
3102 3343 4549 3538 und uf ir gen befelch, sambt syner vergeht
3117 3455 4520 3669 gfencklich alhar gebracht, auch alsbald da¬
3118 3577 4560 3779 auf von nichten verordneten Examinatoren
3102 3683 4564 3919 Herren müller han am Barth und herren Huser
3058 3817 4580 4029 deß kleinen, auch ire Großweybel von
3087 3940 4512 4135 Wattenwyl deß großen rahts über die
3134 4031 4482 4231 albereit hiener zu Schenckenberg ge¬
3137 4156 4512 4359 thane bekandtnuß und was imme sonsten
3128 4249 4504 4507 vorzuhalten geweßen von punct zu
3125 4397 4537 4615 veranten ernsthafftig befragt worden.
3116 4533 4570 4755 der hatt über dieselbige vergaht westers
3145 4652 4601 4819 nit, dann daß imme und der gantzen
3096 4747 4529 4963 gmeind wol in wüßen geweßen, daß
3124 4862 4589 5107 eidtgnößische völker mahl und oberen
3103 5019 4576 5245 zu hilff und sy die landtlüth über
3050 5148 4344 5396 eziechen werden, bekennen wellen.
3106 5320 4541 5551 sin zu Schenckenberg gethane runde
3119 5429 4560 5652 bekandtnuß eine luthet von wort zu
3168 5635 3563 5790 wort also.
3177 5678 4613 5967 rstlichen, daß er nit etlich tag zu anfang
3141 5829 4548 6121 deß unwesens im landt oben gsin.
4671 5686 4738 5779 i
