5472 7296
676 4468 794 4590 8
698 1429 949 1562 210
918 1597 2471 1818 Eingegen sy dienern, so wohl den 1. 2. vnndt 3.
1003 1749 2481 1937 Puncten ußtruckenlich vernemet, mit vermelden
971 1848 2480 2054 daß ira dardurch vnrecht vnndt zu kurtz ge¬
1010 2011 1400 2167 scheche etc.
942 2119 2497 2346 Darneber fordert sy ihmme zu Manneren Lidlohn
1034 2272 1936 2479 l unndt ein par Schach.
928 2468 2438 2707 Er aber gab zur antwort, wölle bewysen
1043 2620 2470 2788 vnndt gebar machen, daß er sy darumb be¬
1049 2752 1423 2936 zalt habe.
976 2942 2445 3180 Nachdem disere vorgeschribnen anclegten, fur
1077 3116 2414 3292 mahl gelangt, ist sy reiner derselbigen halb
1065 3264 2464 3409 wylen des orths nichts uff sy erwyslich gemacht
1050 3365 2422 3523 werden mögen von er ist ohn entgeltnuß uff freyen
1051 3448 2530 3686 fuß gestelt und ledig gelaßen worden. Acten den 8. augste
1027 3585 1311 3748 1655.
1294 3756 2485 4146 Chuslein Schner ausen
1358 4057 2379 4264 Raron Zehenden Walliser,
1400 4208 2404 4366 handts, seines handtwercks
1619 4300 2190 4443 ein schneider.
930 4491 2632 4673 Nachdem derselbig vor etlich tagen, mit
1040 4632 2592 4798 einem by sich gehabten pferdt, drußen by
1039 4735 2648 4917 dem Badhaus angelangt, ist er von ge
1036 4851 2668 5021 weßen ursachen, vnnd auf ihne geworffnen
1024 4948 2646 5150 bösen verdachts vnd argwohns wegen
1021 5073 2684 5262 gefencklich alhar gebracht, und drüber
1032 5217 2688 5395 bin aus er gen bevelch, durch mehr rahtsh
1015 5325 2634 5508 batschet den 27. augusti 1655. sowohl
1041 5450 2613 5633 deß obangeregten by sich gehabten, als
1022 5570 2704 5752 auch noch eines anderen pferdts, so er vor
1017 5680 2673 5869 ungener einem monat Hanßen Sali dem
1017 5734 2747 5978 Müller alhier umb 62 dublonen verkaufften
1013 5911 2723 6068 anfangs ernst-wortlich examiniert worden.
988 6038 2746 6232 den, der hat aber anderst nüt bekennen wollen,
2398 6148 2662 6332 Dann
2828 3168 3105 3386 shistanden
2885 3330 3030 3453 war,
4542 1561 4730 1688 211.
3131 1555 4785 1867 dann daß er selbiges, da er aus dem Schwaben
3179 1741 4793 1994 landt kommen, im Züricher gepret seines behalts
3132 1839 4723 2045 zu Hochenfeld von einem müller so sich Jonas
3147 1942 4805 2155 Seyler namse, vmb 5 dublonen: das ander
3159 2045 4780 2224 und annoch by sich habende pferdt aber s
3161 2173 4806 2356 vor ungener 8 tagen, im vnderen Frickthal
3168 2253 4821 2490 von einem furen, so seines behalts Jacob Heißen,
3165 2359 4501 2556 vmb 9 dublonen erkaufft habe.
3142 2483 4717 2689 Wolte hiemit einiches begangnen diebstalt
3175 2611 4055 2766 nicht bekandtlich sein.
3103 2707 4808 2904 Als er aber mornderst als den 28. diß, durch
3159 2850 4841 3013 wolermelten S. Gatschet, widerumb exami¬
3156 2942 4706 3088 mnert unnd ihme Melcher Widmer, Caspar
3145 3075 4747 3199 Widmers sohn von Ettißweil der Herrschafft
3149 3127 4840 3310 Mellisauw, deme das letst gemelte pferdt
3156 3243 4843 3404 besag fürgewisner Zeugsame nach langem
3166 3327 4703 3508 verlaugnen, vnuersechner weiß vnder
3168 3435 4840 3614 angen gestelt, ist er durch diß mitel disers
3181 3523 4816 3717 diebstals vberzeuget worden, vnd deß¬
3151 3632 4818 3795 wegen bekennen mueßen, daß er desers
3165 3730 4859 3920 letst gemelte pferdt, da er von Zug nacher
3161 3843 4880 4002 komen, verschinem sambstag 8 tag, nachts
3156 3933 4852 4087 Ußerthalb Willisauw, an einem ihme vnbe¬
3172 4032 4750 4189 kamten orth, ob der werd genommen,
3149 4125 4818 4282 vnd darmit am nechst darauf volgenden
3141 4223 4780 4384 Sontag abents by dem Badhaus alhier
3162 4324 4878 4478 ankommen, mehrers wolte er nicht bekennen.
3176 4469 4726 4682 unnd obgleich ermelter syner auß er ge
3167 4606 4830 4781 vernerem bevelch, den 30. dito im Strecki
3156 4716 4780 4850 thurn examinirt, vnd zum ersten mol lar,
3141 4807 4874 4930 hernach mit dem kleineren stein und drüberhin
3181 4901 4812 5054 widerumb lar. Deßgleichen den
3160 4977 4924 5135 31. diß, anfencklich noch einmal mit dem
3150 5084 4800 5263 kleinen und volgents mit dem 20. ligen
3124 5187 4886 5324 stein, vnd letstlich widerumb fur aufge¬
3129 5283 4858 5461 zogen worden, So hat er doch ußert
3171 5382 4797 5545 obigem entfuerten, nun aber seinem der
3169 5471 4899 5663 auf erlag kostens, widerumb zugestelten
3180 5569 4881 5729 pferdts, keine weitere Diebstal bekenen
3179 5691 3521 5836 wellen.
3515 5675 4791 5852 Ist deßwegen grad deß
3178 5775 4904 5954 tags, necht gemelt, hauß er an befelch mit
3195 5876 4899 6055 ruten außgeschmertzt und gereichnet,
3163 5978 4827 6160 auch mit dem Eid von dero Statt vndt
3152 6080 4219 6267 Landt verwisen worden.
