5472 7296
703 1473 942 1622 230.
1217 1564 2455 1844 udlenar reitig
1190 1740 2298 1871 deren namen vnd verhebte
1250 1808 2400 1955 diebstal, vnd hurey schon bereits
1301 1926 2360 2071 hieuor im 199. blat, und wie
1300 2031 2356 2197 wie sie derentwegen mit
1323 2116 2383 2275 dem Schallenwerck abge¬
1338 2222 2362 2385 strafft worden, mit meh¬
1421 2329 2172 2487 rerem zu finden etc.
893 2472 2611 2677 achdem dise Madle vertig als irem fur¬
982 2600 2618 2754 geben nach, ein 18 jahrige, im Landt vmbherr
996 2695 2583 2876 schweiffende leichtfertige Tienen) vor etlich
997 2813 2516 2982 tagen, am sontag abents, in H Landtvogt
968 2920 2644 3108 H Ludwig Leerbers Somerhaus zu deßelben
1003 3047 2568 3223 darum wohnenden Haußfr (bey deren
993 3151 2540 3304 sie übernacht gewesen) vnder anderem
985 3254 2582 3452 geredt, die ursach, daß sie also spaat
954 3358 2594 3566 zu ihro kome, seye dise: Sie seye von
996 3486 2518 3648 dem anderen h spitalmeister Späting,
997 3596 2582 3771 mit geweßen ihro gegebnen Schreiben
949 3703 2501 3867 zu dem Zollner an die sensen-Brugg
962 3794 2626 3983 geschickt und von ihme bevelchnet worden.
990 3926 2598 4117 ihme anzuzeigen, daß er dieselbigen
986 4034 2609 4237 also bald vnd in geheim weilen gar vil
1003 4169 2655 4356 daran gelegen, nacher Fryburg verschaffen
981 4268 2546 4454 sölle, dannenhero sie vmb souil versambt
986 4377 2650 4592 worden seye etc. Ist sy drüberhin durch er-
985 4492 2665 4673 melten herren spitalen Späting nach
981 4627 2595 4816 dem ihme solches fürgehalten, auß Ir g
978 4721 2630 4939 bevelch, gefencklich eingezogen, vnd vol¬
944 4848 2648 5026 gents den 12. januarii 1656 durch gethen
940 4960 2660 5160 rahtsherren Häum, darüber ernst wortlich
930 5071 2593 5276 zu red gestelt und examiniert worden.
809 5236 2634 5478 Die hat aber anderst nicht bekennen wollen,
932 5409 2581 5583 weder geredt zu haben, sy komme von der
928 5509 2651 5700 sansten-brugg, und habe dem wirth daselbsten
899 5629 2577 5826 zwey zedeli sambt einem Körbli, so ihro
941 5747 2600 5953 der hr. beider spitales spätig dahin
892 5879 2636 6069 zutragen geben, gebracht, daß er aber
899 6018 2565 6201 selbiges gesagt, seye es darumb beschechen,
904 6104 2654 6338 damit sie desto eher ire nachtherberig bei
2243 6240 2550 6452 kommen.
4470 1610 4664 1706 231.
3036 1668 4666 1932 bekommen möchte, weiters habe sie nicht geredt,
3067 1789 4700 2012 müeße hiemit bek�nnen, daß sie ermeltem
3057 1908 4678 2119 herren spätig mit außgießung dißer von
3059 2037 4671 2227 sich selbs erdachteten angen schändlich gewalt
3063 2137 4665 2350 und unrecht gethan, auch niemalen nichts weder
3058 2255 4556 2439 Schreiben, noch mundtlichen beutlich von
3066 2374 3981 2573 ihme empfangen habe.
3003 2576 4737 2790 2. Leben dem zeigte sie ahn, daß sie über dem
3094 2757 4743 2912 thon hieuor alhier, mit Ulrich Guggeren,
3082 2871 4755 3029 gleich nach entledigung des Schallenwercks,
3094 2978 4770 3159 begangnen, vnnd abgebuesten Fähler, sich noch
3099 3106 4703 3310 mit einem anderen, Namens Peter Arsing
3086 3219 4788 3402 außem Angstal (nachdem er Ihre drunden
3092 3324 4815 3531 zu entzen, In beywesen des Pfarrers daselbsten,
3076 3436 4768 3658 die Ehe versprochen, vnd daruff zu Reichs
3090 3586 4818 3767 thaler zum hafft pfennig gegeben) zu vnder¬
3091 3701 4712 3885 schidenlichen mahlen fleischlich vergeßen
3087 3804 4778 4008 Welcher aber, nachdem er mit Ihre von Entz
3097 3927 4851 4139 alda sie sich sich er schinein gernst aufgehalten,
3117 4030 4781 4227 biß alhar aufs breitueld kommen, undt
3096 4149 4758 4338 von ihro vernommen, daß er sich uff unsere
3088 4258 4816 4466 Religion werde begeben mueßen, sich von
3085 4390 4783 4590 Ihre begeben, vnd nacher Solothurn ge¬
3104 4507 4606 4702 macht und sie hiemit verlaßen habe,
3073 4618 4553 4819 Weiters wolte sie nit bekennen
3027 4953 4782 5192 Vber diß so ist dise Madlennertung, den
3095 5100 4789 5251 14. ermelten monats, wegen eines den
3098 5201 4758 5429 8. diß in h. Adam Haasen Scheuren, da
3108 5317 4770 5528 sie am abent zuuor bei deßelben hauß
3097 5453 4774 5668 Leuthen vbernacht gelegen, vnd alle gelegen¬
3105 5587 4771 5814 heit außgesecht, begangnen, vnd hernach
3075 5706 4774 5913 vermelten diebstals, durch wolermelten
3074 5802 4753 6044 Herren Haum in vernerem examiniert,
3094 5938 4742 6160 weliche dann deßelben In betrachtung
3066 6064 4741 6323 sie deßen schon albereits mehr dann ge¬
4352 6165 4708 6354 nugsam
