5472 7296
673 1453 881 1596 218.
916 1538 2656 1754 vnd ergriffen, auch ihnen der Diebstal an¬
911 1684 2451 1843 gentz widerumb abgesagt worden.
830 1866 2660 2081 Den diebs-schlüßel, darmit sy den Keller ge¬
925 2017 2612 2192 offnet, belangendt, habe Schilplin bei si sulp
929 2121 2584 2269 Hallers Haus, da man sie erdapt, gegen
930 2229 2565 2401 Jach geworffen, mit vermelden er weße
1085 2347 1267 2416 keinen
941 2329 2552 2514 von anderen schlüßlen nüt, deren er sich
945 2451 2422 2651 in dergleichen fälen gebraucht habe.
883 2588 2685 2835 Im übrigen vermeldete Fryman, in abwesen
917 2731 2654 2943 seiner anderen 2 gespanen, Es habe schulpen
925 2834 2585 3052 der Schmielatenen 26. Elen tuch geben
938 2985 2597 3169 ihme daraus zu machen, von wenn ers
925 3082 2594 3269 aber bekomen, möge er nicht weßen.
675 3291 2379 3552 2. Examen wider Johannes Ziegler.
1005 3504 2495 3735 Den 12. decembris 1655. hat Hanns
852 3607 2630 3831 Riegler heruor gemelt, In bywesen mhh. Rechts h
869 3760 2577 3943 Müllers und herren alt Castlanen von Werthu
1694 3872 1856 3949 stel
951 3867 2592 4044 vber den obbekenten, Diebstal, in verne¬
959 3970 2635 4135 rem (jedoch erst nach langen verlangnen.
942 4088 2656 4276 bey gezeigter und angetragter Marter
961 4211 1788 4391 bekent, wie volget:
874 4407 2685 4641 Namlichen, daß er das bewuste Holändische kamer
700 4517 777 4643 1.
963 4583 2616 4741 thuch vor ungener 14 tagen nachts mit zu
823 4612 868 4728 8.
640 4697 918 4807 Samuel
972 4695 2547 4849 thun Sammel Gerbers des elteren, vnd des
643 4783 925 4897 Gerberi
964 4800 2636 4977 auch gefangnen Schilplins aus Niclans Gruners
693 4874 866 4993 elter
969 4911 2688 5086 des weibels Käller, so der Schilpli (seines behalts
940 5003 2670 5197 geöffnet und darvor er ziegler schiltwacht ge
921 5128 2621 5318 standen, entfrömbden helffen, welches sie in
944 5244 2641 5414 ermelts Gerbers haus getragen, daselbst
953 5361 2585 5545 in 3 theil getheilt, darvon ihme, seines
948 5460 2582 5636 behalts bey den 26. ellen zu seinem theil
603 5506 865 5680 zieglers
945 5579 2538 5750 worden, welchen seinen theil hernachmals
626 5675 865 5818 fraw.
953 5641 2674 5820 sein fr als sie söliches vernommen und die hie-
940 5760 2602 5957 mit disers diebstals auch ein wüßenschafft
912 5875 2648 6057 gehabt, abgeholt, vnd in Iren gewalt ge¬
946 5983 2650 6172 nommen, wohin sie aber darmit komen,
912 6098 1809 6264 seye ihme vnbewust.
2211 6218 2345 6366 den
4548 1548 4700 1673 219.
3087 1507 4749 1771 den Anschlag disers jetzt gemelten Ouch diebstals,
2742 1600 3050 1794 Gerber
3071 1661 4751 1871 belangendt, Seye der selbig in Sammel Gerbers hus,
2902 1767 4704 1969 durch ohne Gerber und Schilpli, in sein zieglers ab
3070 1893 4758 2062 wesen gemacht, also daß er erst darnach von
3070 1998 4763 2181 ihnen beiden, nachts aus seinem Zins haus, darzu
3073 2098 4789 2290 berüefft unnd hiemit des orths von ihrem beiden
3090 2202 4746 2395 den gehörter maßen vberredt vnd verfuert
3095 2306 4757 2509 worden seye, Im vbrigen wüße er nichts,
3055 2421 4735 2616 daß weder er noch die anderen zween,
3092 2554 4797 2732 sölich vnnd dergleichen Sachen miteinanderen
3108 2676 4038 2830 verübt unnd begangen.
3043 2799 4760 3020 Allein habe er von ander leüthen gehört, daß
2757 2914 2984 3081 Hans
3065 2935 4813 3121 gedachter Schilli und der jung Hans Zeugen
3090 3049 4790 3238 wegen entfrömbdeten Anckens, in bösen
2741 3068 3045 3236 zenger.
3063 3147 4786 3345 geschrey vnnd verdacht seyen, ob sie aber et
3092 3263 4791 3425 was dergleichen vernebt, deßen habe er
3076 3375 4428 3568 gar vnd gantz vom wißenschafft.
3116 3495 4740 3738 Daß ihme in einem Körbli fürgewisen.
3082 3662 4738 3841 Silbernen Bechers vnd Coffels halb, seye
3095 3756 4718 3971 er gantz vnschuldig, vnd weße daruon
3112 3896 4181 4071 ben dem wenigsten nichts.
3073 4192 4781 4436 Hans Balthasar Schilch betreffendt,
3043 4354 4823 4557 N welcher am ersten und hiemit vor obigem
3100 4448 4785 4669 nur ernst-wortlich exammiert worden)
3087 4573 4849 4793 hat derselbige (vßers dem bekendten Spört¬
2808 4699 2901 4815 3.
3106 4699 4851 4884 Diebstal gantz nichts weiters bekennen
3105 4816 4837 4952 wollen, weder allein was das hieuoran¬
3064 4964 4812 5103 gezogen keinen thuch, so er der Schmelateren
3083 5036 4852 5226 geben, betreffe, habe er selbiges von ermel¬
2767 5054 3042 5221 Gerber
3121 5135 4847 5333 tem Samuel Gerber erkaufft, vnd ihne da¬
3112 5256 4799 5436 vumb bezalt, ob ers aber entfrömbdet,
3099 5367 4737 5563 vnnd wein es gewesen sein mochte, könne
3092 5492 3682 5664 er nit wüßen.
3048 5612 4894 5772 Anlangende den Schlußel, darmit sie den Keller
3106 5736 4849 5914 auß welchem sie den Spack genomen) ge¬
2726 5727 3077 5976 Themme,
3113 5844 4838 6030 offnet, selbigen hab ihme die Scheunelatenen
2771 5891 3066 6063 latenen
3103 5949 4867 6162 geben, vnd sie zu disem diebstal aufgewisen,
3039 6086 4788 6286 Mehrers wolte er vff dißmalen nicht
3088 6203 3671 6383 Bekennen.
