<?xml version="1.0" encoding="UTF-8" standalone="yes"?>
<PcGts xmlns="http://schema.primaresearch.org/PAGE/gts/pagecontent/2013-07-15" xmlns:xsi="http://www.w3.org/2001/XMLSchema-instance" xsi:schemaLocation="http://schema.primaresearch.org/PAGE/gts/pagecontent/2013-07-15 http://schema.primaresearch.org/PAGE/gts/pagecontent/2013-07-15/pagecontent.xsd">
    <Metadata>
        <Creator>prov=University of Rostock/Institute of Mathematics/CITlab|PLANET AI GmbH/Gundram Leifert/gundram.leifert@planet-ai.de:name=German_Kurrent_XVI-XVIII_M1(htr_id=19584)::::v=2.6.6
prov=University of Rostock/Institute of Mathematics/CITlab|PLANET AI GmbH/Tobias Gruening/tobias.gruening@planet-ai.de:name=de.uros.citlab.module.baseline2polygon.B2PSeamMultiOriented:v=2.6.6
prov=University of Rostock/Institute of Mathematics/CITlab|PLANET AI GmbH/Tobias Gruening/tobias.gruening@planet-ai.de:name=/net_tf/LA73_249_0mod360.pb:de.uros.citlab.segmentation.CITlab_LA_ML:v=2.6.6
Transkribus</Creator>
        <Created>2020-10-05T15:04:01.324+02:00</Created>
        <LastChange>2022-09-09T16:01:26.384+02:00</LastChange>
        <TranskribusMetadata docId="1334831" pageId="52361319" pageNr="88" tsid="114643098" status="IN_PROGRESS" userId="9570" imgUrl="https://files.transkribus.eu/Get?id=JLLJBRLFQTZVCPWAIMKLFOUT&amp;fileType=view" xmlUrl="https://files.transkribus.eu/Get?id=QPOBMQPHOAVOVTJXTHGGHLRQ" imageId="16067296"/>
    </Metadata>
    <Page imageFilename="Turmbuch_StAB B IX 476_00088-20200925_083820.jpg" imageWidth="5472" imageHeight="7296">
        <ReadingOrder>
            <OrderedGroup id="ro_1687513723674" caption="Regions reading order">
                <RegionRefIndexed index="0" regionRef="r1"/>
                <RegionRefIndexed index="1" regionRef="r2"/>
                <RegionRefIndexed index="2" regionRef="r3"/>
            </OrderedGroup>
        </ReadingOrder>
        <TextRegion orientation="0.0" id="r1" custom="readingOrder {index:0;}">
            <Coords points="910,1414 910,1576 1062,1576 1062,1414"/>
            <TextLine id="r1l1" custom="readingOrder {index:0;}">
                <Coords points="903,1561 917,1559 934,1570 986,1546 997,1533 1008,1540 1030,1516 1073,1519 1067,1443 1026,1444 1019,1453 982,1464 950,1448 943,1455 919,1442 893,1444"/>
                <Baseline points="910,1526 935,1525 960,1523 986,1521 1011,1519 1036,1517 1062,1514"/>
                <TextEquiv>
                    <Unicode>170</Unicode>
                </TextEquiv>
            </TextLine>
            <TextEquiv>
                <Unicode>170</Unicode>
            </TextEquiv>
        </TextRegion>
        <TextRegion orientation="0.0" id="r2" custom="readingOrder {index:1;}">
            <Coords points="1178,1609 1178,3956 2756,3956 2756,1609"/>
            <TextLine id="r2l1" custom="readingOrder {index:0;}">
                <Coords points="1260,1673 1666,1705 1864,1645 2104,1719 2219,1666 2339,1720 2479,1684 2560,1741 2704,1711 2705,1647 2564,1641 2490,1576 2403,1623 2251,1542 1748,1579 1678,1536 1581,1591 1391,1530 1261,1597"/>
                <Baseline points="1270,1672 1341,1668 1412,1666 1483,1664 1554,1661 1626,1659 1697,1658 1768,1656 1839,1656 1910,1654 1982,1654 2053,1656 2124,1656 2195,1659 2266,1661 2338,1665 2409,1670 2480,1676 2551,1683 2622,1690 2694,1700"/>
                <TextEquiv>
                    <Unicode>Gesellen zu beschicken, Er g. nuß¬</Unicode>
                </TextEquiv>
            </TextLine>
            <TextLine id="r2l2" custom="readingOrder {index:1;}">
                <Coords points="1261,1813 1366,1764 1783,1762 1899,1806 1996,1762 2705,1821 2706,1768 2594,1722 2365,1736 2221,1665 2110,1719 1867,1647 1568,1730 1420,1677 1263,1708"/>
                <Baseline points="1272,1764 1343,1763 1414,1762 1485,1760 1556,1758 1628,1758 1699,1756 1770,1756 1841,1754 1912,1754 1984,1756 2055,1756 2126,1758 2197,1760 2268,1762 2340,1766 2411,1770 2482,1776 2553,1782 2624,1791 2696,1798"/>
                <TextEquiv>
                    <Unicode>fallen, ob solichen anfrauwenden</Unicode>
                </TextEquiv>
            </TextLine>
            <TextLine id="r2l3" custom="readingOrder {index:2;}">
                <Coords points="1261,1879 2134,1869 2348,1928 2413,1887 2568,1978 2632,1921 2736,1936 2739,1842 2304,1838 2004,1769 1781,1825 1702,1774 1466,1814 1369,1763 1263,1812"/>
                <Baseline points="1272,1866 1344,1866 1417,1866 1490,1864 1562,1864 1635,1862 1708,1862 1780,1860 1853,1860 1926,1860 1999,1860 2071,1862 2144,1863 2217,1866 2289,1871 2362,1875 2435,1882 2507,1890 2580,1899 2653,1911 2726,1924"/>
                <TextEquiv>
                    <Unicode>beharrlichen insolentzen, ihme fur</Unicode>
                </TextEquiv>
            </TextLine>
            <TextLine id="r2l4" custom="readingOrder {index:3;}">
                <Coords points="1245,2016 2025,1974 2120,2019 2549,1997 2705,2047 2707,1983 2560,1979 2467,1898 2371,1952 2291,1881 2136,1865 1700,1923 1451,1925 1344,1867 1248,1905"/>
                <Baseline points="1256,1974 1328,1974 1400,1974 1472,1973 1544,1972 1616,1972 1688,1971 1760,1970 1832,1970 1904,1971 1976,1972 2048,1974 2120,1975 2192,1978 2264,1982 2336,1986 2408,1992 2480,1998 2552,2006 2624,2014 2696,2024"/>
                <TextEquiv>
                    <Unicode>zuhalten, vnd darby ihne im</Unicode>
                </TextEquiv>
            </TextLine>
            <TextLine id="r2l5" custom="readingOrder {index:4;}">
                <Coords points="1257,2150 1364,2095 1726,2085 2166,2129 2305,2086 2659,2145 2702,2071 2311,1994 2224,2035 1898,1979 1797,2038 1715,1982 1258,2007"/>
                <Baseline points="1268,2090 1339,2088 1410,2087 1481,2086 1552,2084 1624,2084 1695,2082 1766,2082 1837,2080 1908,2080 1980,2082 2051,2082 2122,2083 2193,2084 2264,2086 2336,2089 2407,2094 2478,2096 2549,2101 2620,2107 2692,2114"/>
                <TextEquiv>
                    <Unicode>endtliche versprech- vnd trostung</Unicode>
                </TextEquiv>
            </TextLine>
            <TextLine id="r2l6" custom="readingOrder {index:5;}">
                <Coords points="1261,2214 1450,2257 1604,2197 2018,2205 2158,2280 2265,2215 2627,2233 2490,2130 2425,2167 2251,2096 2158,2131 1987,2090 1652,2166 1446,2094 1369,2169 1262,2150"/>
                <Baseline points="1272,2200 1339,2200 1406,2198 1473,2197 1540,2196 1608,2194 1675,2194 1742,2192 1809,2192 1876,2192 1944,2192 2011,2193 2078,2194 2145,2196 2212,2198 2280,2202 2347,2206 2414,2210 2481,2215 2548,2221 2616,2228"/>
                <TextEquiv>
                    <Unicode>aufzunemen, sich der gleichen</Unicode>
                </TextEquiv>
            </TextLine>
            <TextLine id="r2l7" custom="readingOrder {index:6;}">
                <Coords points="1233,2350 1386,2298 1470,2354 1709,2358 1857,2301 2291,2319 2369,2376 2480,2328 2626,2387 2709,2354 2710,2288 2613,2238 2459,2284 2403,2234 2157,2280 2104,2225 2020,2280 1873,2203 1705,2266 1399,2266 1235,2207"/>
                <Baseline points="1244,2308 1316,2306 1389,2306 1462,2304 1535,2304 1608,2304 1680,2302 1753,2302 1826,2302 1899,2304 1972,2304 2044,2306 2117,2306 2190,2308 2263,2311 2336,2314 2408,2318 2481,2322 2554,2327 2627,2333 2700,2338"/>
                <TextEquiv>
                    <Unicode>Im wenigesten weiters nit gelasten,</Unicode>
                </TextEquiv>
            </TextLine>
            <TextLine id="r2l8" custom="readingOrder {index:7;}">
                <Coords points="1261,2435 1814,2403 2136,2470 2330,2432 2447,2490 2511,2441 2737,2476 2739,2418 2586,2357 2522,2399 1857,2303 1585,2378 1432,2321 1264,2349"/>
                <Baseline points="1272,2408 1344,2408 1417,2406 1490,2404 1563,2404 1636,2404 1708,2404 1781,2404 1854,2406 1927,2408 2000,2409 2072,2412 2145,2414 2218,2418 2291,2421 2364,2424 2436,2429 2509,2434 2582,2440 2655,2445 2728,2452"/>
                <TextEquiv>
                    <Unicode>sonderen alles droben ohnferti¬</Unicode>
                </TextEquiv>
            </TextLine>
            <TextLine id="r2l9" custom="readingOrder {index:8;}">
                <Coords points="1244,2533 1705,2526 1798,2585 1908,2543 2127,2604 2238,2532 2301,2588 2385,2526 2734,2582 2735,2536 2564,2519 2498,2457 2290,2492 2007,2437 1943,2492 1879,2438 1616,2409 1540,2457 1246,2459"/>
                <Baseline points="1254,2524 1327,2522 1401,2520 1474,2520 1548,2518 1621,2518 1695,2518 1768,2520 1842,2520 1915,2522 1989,2524 2062,2526 2136,2528 2209,2532 2283,2534 2356,2538 2430,2543 2503,2548 2577,2553 2650,2558 2724,2564"/>
                <TextEquiv>
                    <Unicode>viert bleiben zulaßen, by vnuer¬</Unicode>
                </TextEquiv>
            </TextLine>
            <TextLine id="r2l10" custom="readingOrder {index:9;}">
                <Coords points="1268,2627 1603,2622 1686,2666 1816,2609 1867,2653 2135,2644 2244,2707 2320,2655 2407,2705 2670,2660 2671,2624 2413,2557 2309,2600 2241,2532 2132,2600 1799,2587 1704,2526 1271,2543"/>
                <Baseline points="1278,2618 1347,2616 1416,2616 1485,2616 1554,2616 1623,2616 1692,2616 1761,2618 1830,2618 1899,2620 1969,2622 2038,2624 2107,2626 2176,2628 2245,2631 2314,2634 2383,2638 2452,2642 2521,2645 2590,2649 2660,2654"/>
                <TextEquiv>
                    <Unicode>werdenlicher pern, daß In</Unicode>
                </TextEquiv>
            </TextLine>
            <TextLine id="r2l11" custom="readingOrder {index:10;}">
                <Coords points="1245,2749 2765,2777 2671,2670 2608,2715 2426,2717 2367,2666 2219,2707 1817,2611 1691,2667 1421,2679 1340,2631 1247,2669"/>
                <Baseline points="1256,2726 1331,2726 1406,2726 1481,2726 1556,2726 1631,2726 1706,2728 1781,2728 1856,2728 1931,2730 2006,2730 2081,2732 2156,2734 2231,2736 2306,2738 2381,2742 2456,2745 2531,2748 2606,2752 2681,2758 2756,2764"/>
                <TextEquiv>
                    <Unicode>widerigen fahl, die gunste weiter</Unicode>
                </TextEquiv>
            </TextLine>
            <TextLine id="r2l12" custom="readingOrder {index:11;}">
                <Coords points="1236,2855 1471,2853 1766,2932 2073,2848 2406,2938 2511,2884 2684,2894 2684,2797 2614,2779 2489,2828 2339,2756 1956,2797 1608,2784 1527,2727 1237,2758"/>
                <Baseline points="1246,2852 1317,2852 1388,2852 1460,2852 1531,2852 1603,2852 1674,2852 1745,2852 1817,2852 1888,2852 1960,2852 2031,2852 2102,2853 2174,2854 2245,2854 2317,2856 2388,2858 2459,2860 2531,2862 2602,2866 2674,2870"/>
                <TextEquiv>
                    <Unicode>eintrett und hand anlegung zu</Unicode>
                </TextEquiv>
            </TextLine>
            <TextLine id="r2l13" custom="readingOrder {index:12;}">
                <Coords points="1219,2993 1756,3005 1837,2958 1969,3015 2677,3006 2678,2951 2468,2907 2264,2932 2084,2848 1966,2943 1874,2903 1616,2926 1471,2853 1355,2913 1221,2851"/>
                <Baseline points="1230,2960 1301,2960 1373,2960 1445,2960 1517,2962 1589,2962 1661,2964 1733,2964 1805,2966 1877,2968 1949,2968 2020,2970 2092,2972 2164,2974 2236,2974 2308,2976 2380,2978 2452,2980 2524,2981 2596,2982 2668,2984"/>
                <TextEquiv>
                    <Unicode>ansoltingen, an ihme, als ein</Unicode>
                </TextEquiv>
            </TextLine>
            <TextLine id="r2l14" custom="readingOrder {index:13;}">
                <Coords points="1243,3156 1550,3078 1804,3143 1871,3095 2291,3156 2362,3108 2442,3161 2710,3073 2644,3018 2477,3059 2381,2999 2051,3047 1836,2958 1721,3015 1245,2985"/>
                <Baseline points="1254,3084 1326,3084 1398,3082 1470,3082 1543,3084 1615,3084 1687,3086 1760,3086 1832,3088 1904,3089 1977,3090 2049,3092 2121,3093 2193,3094 2266,3094 2338,3094 2410,3094 2483,3094 2555,3094 2627,3092 2700,3090"/>
                <TextEquiv>
                    <Unicode>offner vorsetzlicher Meyneydt</Unicode>
                </TextEquiv>
            </TextLine>
            <TextLine id="r2l15" custom="readingOrder {index:14;}">
                <Coords points="1253,3245 1375,3201 1448,3266 1997,3276 2105,3217 2479,3214 2479,3171 2286,3169 2206,3121 2061,3162 1967,3108 1844,3145 1354,3102 1255,3153"/>
                <Baseline points="1264,3198 1324,3198 1384,3198 1444,3198 1504,3198 1565,3198 1625,3198 1685,3198 1745,3200 1805,3200 1866,3202 1926,3202 1986,3204 2046,3204 2106,3206 2167,3208 2227,3208 2287,3210 2347,3210 2407,3212 2468,3212"/>
                <TextEquiv>
                    <Unicode>werde, gestrafft werden.</Unicode>
                </TextEquiv>
            </TextLine>
            <TextLine id="r2l16" custom="readingOrder {index:15;}">
                <Coords points="1210,3362 2173,3373 2251,3337 2420,3395 2507,3355 2507,3297 2362,3224 2268,3268 2105,3216 1986,3282 1737,3256 1576,3294 1342,3205 1210,3253"/>
                <Baseline points="1220,3342 1283,3342 1347,3342 1411,3340 1475,3340 1539,3340 1602,3340 1666,3339 1730,3338 1794,3338 1858,3338 1921,3338 1985,3338 2049,3338 2113,3338 2177,3340 2240,3340 2304,3342 2368,3342 2432,3344 2496,3346"/>
                <TextEquiv>
                    <Unicode>actum 11. augusti 1654.</Unicode>
                </TextEquiv>
            </TextLine>
            <TextLine id="r2l17" custom="readingOrder {index:16;} person {offset:20; length:11; continued:true;}">
                <Coords points="1167,3657 1403,3578 1785,3601 1891,3658 2040,3586 2112,3641 2490,3668 2612,3608 2736,3629 2737,3563 2291,3461 2075,3524 1953,3457 1846,3499 1635,3435 1438,3488 1169,3429"/>
                <Baseline points="1178,3584 1255,3584 1332,3584 1410,3584 1487,3582 1565,3582 1642,3582 1719,3582 1797,3582 1874,3580 1952,3582 2029,3582 2106,3582 2184,3583 2261,3584 2339,3586 2416,3588 2493,3590 2571,3592 2648,3596 2726,3600"/>
                <TextEquiv>
                    <Unicode>Den 23. diß ist diser schristen</Unicode>
                </TextEquiv>
            </TextLine>
            <TextLine id="r2l18" custom="readingOrder {index:17;} person {offset:0; length:4; continued:true;}">
                <Coords points="1207,3763 1504,3692 1863,3702 1975,3769 2135,3683 2227,3732 2527,3695 2605,3730 2649,3638 2300,3670 2038,3585 1930,3656 1784,3602 1633,3657 1324,3585 1208,3648"/>
                <Baseline points="1218,3694 1289,3692 1360,3690 1431,3688 1502,3686 1573,3686 1644,3688 1715,3688 1786,3690 1857,3690 1928,3693 1999,3694 2070,3696 2141,3698 2212,3700 2283,3700 2354,3702 2425,3702 2496,3700 2567,3700 2638,3698"/>
                <TextEquiv>
                    <Unicode>Herman, obigem Ir G. bevelch</Unicode>
                </TextEquiv>
            </TextLine>
            <TextLine id="r2l19" custom="readingOrder {index:18;}">
                <Coords points="1233,3868 1485,3792 1760,3800 1927,3872 1997,3822 2114,3879 2337,3877 2563,3809 2649,3862 2710,3770 2392,3767 2300,3706 2068,3781 1775,3692 1234,3757"/>
                <Baseline points="1244,3804 1316,3802 1389,3802 1462,3802 1535,3802 1608,3802 1680,3803 1753,3804 1826,3804 1899,3806 1972,3806 2044,3808 2117,3810 2190,3810 2263,3811 2336,3812 2408,3812 2481,3812 2554,3811 2627,3810 2700,3808"/>
                <TextEquiv>
                    <Unicode>gemäß, in trostung ufgenommen</Unicode>
                </TextEquiv>
            </TextLine>
            <TextLine id="r2l20" custom="readingOrder {index:19;}">
                <Coords points="1236,3933 1270,3945 1318,3932 1374,3964 1417,3952 1463,3982 1545,3970 1646,3998 1692,3984 1692,3825 1579,3888 1525,3862 1475,3892 1438,3866 1376,3888 1320,3852 1235,3862"/>
                <Baseline points="1246,3930 1271,3930 1297,3928 1322,3926 1348,3925 1374,3924 1399,3922 1425,3922 1451,3922 1476,3922 1502,3922 1528,3922 1553,3924 1579,3924 1605,3925 1630,3926 1656,3929 1682,3930"/>
                <TextEquiv>
                    <Unicode>worden.</Unicode>
                </TextEquiv>
            </TextLine>
            <TextEquiv>
                <Unicode>Gesellen zu beschicken, Er g. nuß¬
fallen, ob solichen anfrauwenden
beharrlichen insolentzen, ihme fur
zuhalten, vnd darby ihne im
endtliche versprech- vnd trostung
aufzunemen, sich der gleichen
Im wenigesten weiters nit gelasten,
sonderen alles droben ohnferti¬
viert bleiben zulaßen, by vnuer¬
werdenlicher pern, daß In
widerigen fahl, die gunste weiter
eintrett und hand anlegung zu
ansoltingen, an ihme, als ein
offner vorsetzlicher Meyneydt
werde, gestrafft werden.
actum 11. augusti 1654.
Den 23. diß ist diser schristen
Herman, obigem Ir G. bevelch
gemäß, in trostung ufgenommen
worden.</Unicode>
            </TextEquiv>
        </TextRegion>
        <TextRegion orientation="0.0" id="r3" custom="readingOrder {index:2;}">
            <Coords points="3244,1542 3244,6184 4986,6184 4986,1542"/>
            <TextLine id="r3l1" custom="readingOrder {index:0;} person {offset:2; length:1; continued:true;}">
                <Coords points="4575,1607 4599,1614 4658,1586 4708,1616 4740,1612 4757,1593 4784,1601 4803,1580 4817,1581 4812,1501 4779,1513 4751,1496 4726,1502 4648,1488 4620,1516 4569,1517"/>
                <Baseline points="4584,1596 4612,1598 4640,1598 4668,1597 4696,1594 4724,1591 4752,1589 4780,1588 4808,1588"/>
                <TextEquiv>
                    <Unicode>171</Unicode>
                </TextEquiv>
            </TextLine>
            <TextLine id="r3l2" custom="readingOrder {index:1;} person {offset:0; length:7; continued:true;}">
                <Coords points="3507,1647 3616,1630 3663,1672 3731,1641 4317,1684 4362,1671 4365,1572 4242,1556 4173,1583 3982,1512 3888,1572 3715,1577 3630,1518 3509,1574"/>
                <Baseline points="3518,1636 3559,1636 3601,1636 3643,1636 3684,1636 3726,1636 3768,1636 3809,1638 3851,1640 3893,1640 3935,1642 3976,1644 4018,1646 4060,1648 4101,1650 4143,1652 4185,1652 4226,1654 4268,1656 4310,1656 4352,1658"/>
                <TextEquiv>
                    <Unicode>Anna Anis,</Unicode>
                </TextEquiv>
            </TextLine>
            <TextLine id="r3l3" custom="readingOrder {index:2;} place {offset:6; length:12;} place {offset:29; length:1; continued:true;}">
                <Coords points="3233,1776 3468,1735 4234,1757 4496,1839 4713,1799 4717,1692 4330,1726 4261,1669 4014,1703 3815,1655 3691,1693 3615,1633 3234,1734"/>
                <Baseline points="3244,1754 3317,1745 3390,1740 3463,1735 3536,1732 3609,1730 3682,1730 3755,1732 3828,1733 3901,1736 3974,1740 4047,1744 4120,1749 4193,1754 4266,1759 4339,1766 4412,1770 4485,1776 4558,1782 4631,1787 4704,1790"/>
                <TextEquiv>
                    <Unicode>auß der Winterhalden, necht by</Unicode>
                </TextEquiv>
            </TextLine>
            <TextLine id="r3l4" custom="readingOrder {index:3;} place {offset:0; length:7; continued:true;}">
                <Coords points="3448,1886 3678,1820 3741,1855 3811,1821 4022,1877 4247,1847 4298,1890 4377,1878 4379,1798 4291,1801 4254,1761 4158,1798 3798,1781 3690,1730 3453,1760"/>
                <Baseline points="3460,1818 3505,1815 3550,1813 3596,1812 3641,1812 3687,1812 3732,1812 3777,1812 3823,1814 3868,1816 3914,1818 3959,1820 4004,1823 4050,1825 4095,1828 4141,1832 4186,1834 4231,1837 4277,1840 4322,1842 4368,1844"/>
                <TextEquiv>
                    <Unicode>Hoffingen gepurtig</Unicode>
                </TextEquiv>
            </TextLine>
            <TextLine id="r3l5" custom="readingOrder {index:4;}">
                <Coords points="3257,1985 4472,2003 4557,2065 4627,2013 4747,2028 4749,1971 4529,1882 4233,1949 4094,1889 4036,1942 3863,1894 3793,1936 3527,1889 3473,1932 3261,1885"/>
                <Baseline points="3268,1964 3341,1960 3415,1958 3488,1956 3562,1956 3635,1956 3709,1958 3782,1960 3856,1962 3929,1964 4003,1968 4076,1971 4150,1975 4223,1980 4297,1985 4370,1989 4444,1994 4517,1998 4591,2004 4664,2008 4738,2012"/>
                <TextEquiv>
                    <Unicode>Nachdem dieselbig hieuor vnlangsteen</Unicode>
                </TextEquiv>
            </TextLine>
            <TextLine id="r3l6" custom="readingOrder {index:5;} place {offset:27; length:3; continued:true;}">
                <Coords points="3348,2049 3531,2054 3597,2107 3905,2056 4169,2098 4306,2057 4396,2129 4626,2108 4629,2019 4517,2053 4471,2003 4397,2038 4009,1983 3921,2022 3757,1984 3623,2015 3562,1971 3350,1993"/>
                <Baseline points="3358,2044 3420,2044 3483,2044 3546,2044 3609,2044 3672,2044 3735,2046 3798,2047 3861,2050 3924,2052 3987,2054 4049,2056 4112,2060 4175,2062 4238,2065 4301,2070 4364,2074 4427,2078 4490,2082 4553,2085 4616,2090"/>
                <TextEquiv>
                    <Unicode>als verschiner Roggen- vnd, zu</Unicode>
                </TextEquiv>
            </TextLine>
            <TextLine id="r3l7" custom="readingOrder {index:6;} place {offset:0; length:2; continued:true;}">
                <Coords points="3340,2157 4549,2176 4804,2240 4776,2106 4699,2150 4557,2097 4404,2132 4340,2075 4101,2123 3998,2083 3584,2106 3458,2047 3343,2082"/>
                <Baseline points="3352,2134 3424,2137 3496,2139 3568,2140 3640,2141 3713,2142 3785,2144 3857,2144 3929,2146 4001,2148 4074,2149 4146,2151 4218,2154 4290,2157 4362,2161 4435,2166 4507,2172 4579,2178 4651,2186 4723,2196 4796,2206"/>
                <TextEquiv>
                    <Unicode>Wangen, von geweßen durch den einten</Unicode>
                </TextEquiv>
            </TextLine>
            <TextLine id="r3l8" custom="readingOrder {index:7;}">
                <Coords points="3355,2260 4163,2252 4440,2321 4500,2279 4823,2315 4825,2239 4688,2191 4357,2167 4080,2211 3957,2162 3696,2195 3603,2147 3432,2201 3359,2162"/>
                <Baseline points="3366,2236 3438,2236 3510,2236 3583,2236 3655,2236 3728,2236 3800,2236 3872,2238 3945,2238 4017,2241 4090,2242 4162,2246 4234,2249 4307,2252 4379,2256 4452,2261 4524,2267 4596,2272 4669,2280 4741,2286 4814,2294"/>
                <TextEquiv>
                    <Unicode>Iren Knaben begangnen diebstals, vnd</Unicode>
                </TextEquiv>
            </TextLine>
            <TextLine id="r3l9" custom="readingOrder {index:8;}">
                <Coords points="3349,2351 3661,2339 3736,2397 4035,2340 4147,2387 4204,2352 4649,2395 4758,2377 4760,2327 3860,2253 3703,2251 3611,2305 3536,2263 3351,2275"/>
                <Baseline points="3360,2334 3429,2334 3498,2336 3568,2336 3637,2336 3707,2336 3776,2336 3845,2336 3915,2338 3984,2338 4054,2340 4123,2341 4192,2342 4262,2344 4331,2347 4401,2350 4470,2354 4539,2358 4609,2363 4678,2368 4748,2374"/>
                <TextEquiv>
                    <Unicode>anderen Vrsachen wegen, mit Vnter</Unicode>
                </TextEquiv>
            </TextLine>
            <TextLine id="r3l10" custom="readingOrder {index:9;}">
                <Coords points="4761,2391 4771,2391 4773,2389 4777,2391 4785,2385 4803,2383 4803,2347 4789,2347 4787,2345 4785,2347 4779,2347 4777,2345 4773,2345 4771,2347 4761,2347"/>
                <Baseline points="4770,2378 4792,2378"/>
                <TextEquiv>
                    <Unicode>.</Unicode>
                </TextEquiv>
            </TextLine>
            <TextLine id="r3l11" custom="readingOrder {index:10;}">
                <Coords points="3358,2448 3477,2488 3575,2440 4246,2479 4392,2444 4682,2512 4842,2477 4843,2397 4613,2360 4338,2406 3919,2351 3773,2404 3683,2352 3606,2397 3359,2387"/>
                <Baseline points="3368,2428 3441,2428 3514,2430 3587,2430 3660,2430 3734,2430 3807,2432 3880,2432 3953,2432 4026,2434 4100,2436 4173,2437 4246,2438 4319,2441 4392,2443 4466,2445 4539,2448 4612,2451 4685,2454 4758,2458 4832,2462"/>
                <TextEquiv>
                    <Unicode>ausgeschweitzt, gezeichnet, vnd Endt¬</Unicode>
                </TextEquiv>
            </TextLine>
            <TextLine id="r3l12" custom="readingOrder {index:11;}">
                <Coords points="3366,2544 3999,2538 4155,2604 4327,2544 4725,2567 4726,2523 4568,2456 4472,2509 4389,2450 4246,2478 4095,2440 3948,2495 3564,2452 3366,2504"/>
                <Baseline points="3376,2530 3443,2530 3510,2530 3577,2530 3644,2530 3711,2530 3778,2532 3845,2532 3912,2532 3979,2534 4046,2534 4113,2534 4180,2536 4247,2536 4314,2538 4381,2540 4448,2540 4515,2542 4582,2544 4649,2544 4716,2546"/>
                <TextEquiv>
                    <Unicode>lich verwisen. Ist sy drüberhin</Unicode>
                </TextEquiv>
            </TextLine>
            <TextLine id="r3l13" custom="readingOrder {index:12;}">
                <Coords points="3358,2652 3668,2631 3728,2680 3812,2635 3932,2709 4062,2644 4231,2638 4365,2701 4474,2636 4574,2704 4649,2652 4858,2673 4858,2628 4648,2552 4161,2605 4029,2539 3956,2584 3817,2547 3759,2600 3628,2550 3537,2606 3359,2578"/>
                <Baseline points="3368,2630 3442,2630 3516,2632 3590,2632 3664,2632 3738,2632 3812,2630 3886,2630 3960,2630 4034,2630 4108,2630 4182,2630 4256,2630 4330,2631 4404,2632 4478,2635 4552,2637 4626,2641 4700,2646 4774,2650 4848,2658"/>
                <TextEquiv>
                    <Unicode>von bewester verschinen michels jahr</Unicode>
                </TextEquiv>
            </TextLine>
            <TextLine id="r3l14" custom="readingOrder {index:13;} place {offset:6; length:7;}">
                <Coords points="3370,2738 3850,2786 4235,2728 4858,2757 4859,2689 4664,2666 4569,2709 3925,2700 3651,2638 3551,2690 3371,2674"/>
                <Baseline points="3380,2722 3453,2724 3526,2724 3600,2726 3673,2726 3747,2727 3820,2728 3893,2728 3967,2728 4040,2728 4114,2728 4187,2730 4260,2730 4334,2730 4407,2732 4481,2732 4554,2734 4627,2736 4701,2739 4774,2742 4848,2744"/>
                <TextEquiv>
                    <Unicode>Marckt zu guttwyl an einer anderen</Unicode>
                </TextEquiv>
            </TextLine>
            <TextLine id="r3l15" custom="readingOrder {index:14;}">
                <Coords points="3360,2830 3714,2819 3788,2864 4430,2814 4500,2880 4569,2836 4874,2858 4853,2759 4776,2803 4477,2746 3361,2778"/>
                <Baseline points="3370,2818 3444,2818 3519,2818 3594,2818 3668,2818 3743,2818 3818,2818 3892,2818 3967,2818 4042,2818 4117,2819 4191,2820 4266,2820 4341,2822 4415,2824 4490,2826 4565,2828 4639,2831 4714,2834 4789,2838 4864,2842"/>
                <TextEquiv>
                    <Unicode>weibs persohn vernebten Schlegerey,</Unicode>
                </TextEquiv>
            </TextLine>
            <TextLine id="r3l16" custom="readingOrder {index:15;}">
                <Coords points="3373,2943 3556,2917 3732,2983 3870,2915 3972,2977 4023,2927 4479,2919 4790,2968 4882,2891 4603,2852 4484,2893 4406,2831 3969,2878 3900,2835 3778,2875 3688,2825 3374,2840"/>
                <Baseline points="3384,2920 3458,2918 3532,2916 3607,2914 3681,2912 3756,2912 3830,2912 3904,2912 3979,2912 4053,2912 4128,2914 4202,2914 4276,2916 4351,2918 4425,2921 4500,2924 4574,2928 4648,2931 4723,2936 4797,2940 4872,2946"/>
                <TextEquiv>
                    <Unicode>vnnd außgoßnen groben schwüren</Unicode>
                </TextEquiv>
            </TextLine>
            <TextLine id="r3l17" custom="readingOrder {index:16;}">
                <Coords points="3365,3022 3709,3082 3949,3014 4033,3061 4264,3005 4870,3037 4870,2985 4752,2945 4574,2982 4475,2920 4404,2976 4024,2926 3967,2978 3869,2919 3726,2983 3366,2964"/>
                <Baseline points="3376,3012 3450,3011 3524,3010 3598,3008 3672,3008 3747,3008 3821,3008 3895,3008 3969,3008 4043,3008 4118,3008 4192,3010 4266,3010 4340,3012 4414,3014 4489,3015 4563,3017 4637,3019 4711,3022 4785,3024 4860,3026"/>
                <TextEquiv>
                    <Unicode>wie aūch disers Ires Lierdūrch be¬</Unicode>
                </TextEquiv>
            </TextLine>
            <TextLine id="r3l18" custom="readingOrder {index:17;}">
                <Coords points="3341,3173 3659,3115 3811,3191 3997,3096 4893,3161 4894,3079 4621,3036 4490,3076 4265,3005 4094,3062 3919,3023 3715,3082 3341,3083"/>
                <Baseline points="3352,3118 3428,3115 3505,3112 3581,3110 3658,3108 3735,3106 3811,3105 3888,3104 3964,3104 4041,3104 4118,3104 4194,3104 4271,3106 4347,3108 4424,3109 4501,3112 4577,3114 4654,3118 4730,3122 4807,3126 4884,3130"/>
                <TextEquiv>
                    <Unicode>gangnen meyn eidts willen, von da</Unicode>
                </TextEquiv>
            </TextLine>
            <TextLine id="r3l19" custom="readingOrder {index:18;} place {offset:12; length:13;}">
                <Coords points="3384,3264 3867,3253 4064,3188 4326,3258 4861,3243 4860,3175 4761,3131 4571,3183 4460,3121 4309,3168 4003,3095 3851,3189 3559,3136 3384,3198"/>
                <Baseline points="3394,3228 3466,3226 3539,3225 3612,3222 3685,3220 3758,3218 3830,3216 3903,3214 3976,3212 4049,3210 4122,3208 4194,3208 4267,3207 4340,3207 4413,3208 4486,3209 4558,3211 4631,3214 4704,3218 4777,3223 4850,3230"/>
                <TextEquiv>
                    <Unicode>selbsten nacher Trachselwaldt,</Unicode>
                </TextEquiv>
            </TextLine>
            <TextLine id="r3l20" custom="readingOrder {index:19;}">
                <Coords points="3386,3346 4066,3312 4166,3376 4247,3310 4506,3360 4579,3318 4912,3344 4935,3290 4575,3220 4333,3262 4249,3205 4128,3278 3931,3221 3386,3265"/>
                <Baseline points="3396,3326 3472,3322 3548,3320 3625,3316 3701,3314 3778,3312 3854,3310 3930,3310 4007,3308 4083,3308 4160,3308 4236,3308 4312,3308 4389,3309 4465,3310 4542,3312 4618,3314 4694,3316 4771,3320 4847,3323 4924,3328"/>
                <TextEquiv>
                    <Unicode>vnnd volgents von dannen In abwe¬</Unicode>
                </TextEquiv>
            </TextLine>
            <TextLine id="r3l21" custom="readingOrder {index:20;}">
                <Coords points="3353,3445 3578,3417 3645,3471 3825,3402 4047,3471 4129,3402 4316,3476 4562,3410 4690,3488 4787,3409 4900,3423 4899,3359 4676,3379 4592,3327 4161,3376 4053,3320 3821,3358 3689,3314 3353,3383"/>
                <Baseline points="3362,3422 3438,3417 3514,3415 3591,3412 3667,3410 3744,3408 3820,3406 3896,3406 3973,3406 4049,3404 4126,3404 4202,3406 4278,3406 4355,3406 4431,3408 4508,3408 4584,3410 4660,3412 4737,3413 4813,3414 4890,3416"/>
                <TextEquiv>
                    <Unicode>senheit Zū Landtvogts alhar ge¬</Unicode>
                </TextEquiv>
            </TextLine>
            <TextLine id="r3l22" custom="readingOrder {index:21;}">
                <Coords points="3336,3558 3871,3497 4022,3569 4440,3509 4577,3567 4892,3532 4892,3461 4820,3425 4689,3482 4544,3420 4255,3474 4126,3404 3957,3479 3814,3403 3667,3470 3583,3422 3517,3478 3336,3473"/>
                <Baseline points="3346,3528 3422,3522 3499,3518 3576,3514 3653,3511 3730,3508 3806,3506 3883,3504 3960,3504 4037,3502 4114,3502 4190,3502 4267,3504 4344,3504 4421,3506 4498,3508 4574,3509 4651,3510 4728,3513 4805,3515 4882,3518"/>
                <TextEquiv>
                    <Unicode>schickte, auch druffhin, weilen sy vber</Unicode>
                </TextEquiv>
            </TextLine>
            <TextLine id="r3l23" custom="readingOrder {index:22;}">
                <Coords points="3356,3649 3503,3693 3639,3626 3843,3672 3949,3615 4084,3660 4232,3612 4406,3663 4466,3614 4892,3640 4892,3557 4350,3524 4023,3574 3934,3528 3777,3574 3497,3530 3355,3582"/>
                <Baseline points="3366,3630 3441,3627 3517,3624 3593,3621 3669,3618 3745,3616 3820,3614 3896,3612 3972,3610 4048,3609 4124,3608 4199,3608 4275,3608 4351,3608 4427,3608 4503,3608 4578,3610 4654,3610 4730,3612 4806,3614 4882,3616"/>
                <TextEquiv>
                    <Unicode>obiges verbrechene, nach angewen¬</Unicode>
                </TextEquiv>
            </TextLine>
            <TextLine id="r3l24" custom="readingOrder {index:23;}">
                <Coords points="3372,3744 3895,3710 3990,3785 4213,3729 4324,3766 4404,3714 4869,3717 4868,3627 4823,3621 4757,3676 4570,3612 4291,3669 3952,3617 3822,3681 3743,3623 3507,3692 3371,3643"/>
                <Baseline points="3382,3728 3455,3725 3529,3721 3603,3718 3677,3716 3751,3713 3824,3711 3898,3710 3972,3708 4046,3708 4120,3706 4193,3706 4267,3706 4341,3706 4415,3706 4489,3706 4562,3706 4636,3708 4710,3708 4784,3708 4858,3710"/>
                <TextEquiv>
                    <Unicode>ter ernstwortigen exmmation, mit</Unicode>
                </TextEquiv>
            </TextLine>
            <TextLine id="r3l25" custom="readingOrder {index:24;}">
                <Coords points="3369,3828 4284,3801 4373,3844 4529,3795 4719,3875 4857,3805 4856,3733 4621,3703 4503,3769 4004,3778 3895,3710 3368,3776"/>
                <Baseline points="3378,3818 3451,3816 3525,3816 3598,3814 3672,3812 3745,3810 3819,3809 3892,3808 3966,3806 4039,3804 4113,3803 4186,3802 4260,3802 4333,3800 4407,3800 4480,3800 4554,3802 4627,3802 4701,3804 4774,3806 4848,3810"/>
                <TextEquiv>
                    <Unicode>weiters bekennen wolte, Auß Ir</Unicode>
                </TextEquiv>
            </TextLine>
            <TextLine id="r3l26" custom="readingOrder {index:25;}">
                <Coords points="3365,3954 3484,3915 3687,3967 3765,3922 4866,3930 4865,3822 4713,3876 4242,3802 4117,3861 4043,3805 3970,3845 3654,3808 3365,3881"/>
                <Baseline points="3376,3914 3450,3912 3524,3910 3598,3908 3672,3908 3746,3906 3820,3904 3894,3904 3968,3903 4042,3902 4116,3902 4190,3902 4264,3900 4338,3900 4412,3902 4486,3902 4560,3903 4634,3904 4708,3906 4782,3908 4856,3912"/>
                <TextEquiv>
                    <Unicode>ß bevelche nochmalen gezeichnet,</Unicode>
                </TextEquiv>
            </TextLine>
            <TextLine id="r3l27" custom="readingOrder {index:26;}">
                <Coords points="3389,4024 3564,4002 3644,4051 3789,4005 3992,4085 4109,4001 4167,4053 4306,4001 4411,4054 4875,4042 4926,4028 4926,3939 4051,3932 3999,3974 3760,3919 3695,3971 3510,3920 3389,3966"/>
                <Baseline points="3400,4006 3475,4006 3551,4004 3627,4004 3703,4002 3779,4001 3854,4000 3930,3998 4006,3998 4082,3997 4158,3996 4233,3996 4309,3996 4385,3998 4461,3998 4537,4000 4612,4003 4688,4006 4764,4010 4840,4015 4916,4020"/>
                <TextEquiv>
                    <Unicode>mit ruten außgeschweitzt, und eydt¬</Unicode>
                </TextEquiv>
            </TextLine>
            <TextLine id="r3l28" custom="readingOrder {index:27;}">
                <Coords points="3366,4119 3483,4163 3535,4118 3783,4146 3929,4098 4124,4152 4322,4093 4843,4171 4842,4085 4734,4016 4416,4055 4253,4005 4171,4057 4100,4009 3992,4086 3790,4007 3688,4074 3366,4048"/>
                <Baseline points="3376,4110 3448,4112 3521,4112 3594,4112 3667,4112 3740,4112 3812,4110 3885,4108 3958,4108 4031,4106 4104,4104 4176,4104 4249,4102 4322,4102 4395,4102 4468,4104 4540,4106 4613,4108 4686,4112 4759,4117 4832,4122"/>
                <TextEquiv>
                    <Unicode>lich von dero Statt vnd Landt</Unicode>
                </TextEquiv>
            </TextLine>
            <TextLine id="r3l29" custom="readingOrder {index:28;} person {offset:34; length:3; continued:true;}">
                <Coords points="3350,4261 4302,4224 4475,4272 4636,4206 4907,4299 4908,4182 4761,4125 4457,4117 4383,4163 4232,4111 4121,4173 3868,4105 3717,4158 3651,4114 3564,4178 3422,4126 3351,4174"/>
                <Baseline points="3360,4214 3436,4213 3513,4212 3590,4210 3667,4208 3744,4207 3821,4205 3898,4204 3975,4202 4052,4202 4129,4200 4205,4200 4282,4200 4359,4202 4436,4203 4513,4206 4590,4210 4667,4215 4744,4220 4821,4227 4898,4236"/>
                <TextEquiv>
                    <Unicode>verwisen worden. Actum novembris 1684</Unicode>
                </TextEquiv>
            </TextLine>
            <TextLine id="r3l30" custom="readingOrder {index:29;} person {offset:0; length:10; continued:true;} person {offset:15; length:9; continued:true;}">
                <Coords points="3518,4542 3769,4558 3860,4500 3902,4543 4491,4527 4765,4571 4821,4558 4822,4421 4678,4347 4607,4385 4491,4338 4285,4449 4001,4443 3891,4350 3519,4443"/>
                <Baseline points="3528,4522 3592,4522 3656,4522 3720,4520 3784,4520 3849,4520 3913,4519 3977,4518 4041,4518 4105,4518 4170,4518 4234,4518 4298,4520 4362,4520 4426,4522 4491,4522 4555,4524 4619,4526 4683,4530 4747,4532 4812,4536"/>
                <TextEquiv>
                    <Unicode>athry dortemer und Madle</Unicode>
                </TextEquiv>
            </TextLine>
            <TextLine id="r3l31" custom="readingOrder {index:30;} person {offset:0; length:2; continued:true;}">
                <Coords points="3511,4652 3584,4652 3658,4623 3682,4635 3723,4623 3733,4633 3785,4625 3817,4644 3845,4630 3880,4640 3880,4505 3860,4499 3808,4547 3745,4553 3711,4575 3550,4525 3512,4545"/>
                <Baseline points="3522,4622 3548,4619 3575,4616 3602,4615 3629,4614 3655,4614 3682,4614 3709,4614 3736,4616 3762,4617 3789,4618 3816,4619 3843,4620 3870,4618"/>
                <TextEquiv>
                    <Unicode>Martin.</Unicode>
                </TextEquiv>
            </TextLine>
            <TextLine id="r3l32" custom="readingOrder {index:31;} person {offset:6; length:16;} person {offset:24; length:11;}">
                <Coords points="3235,4876 3310,4891 3394,4816 3736,4827 3799,4873 3855,4827 4752,4842 4752,4737 4696,4709 4400,4699 4287,4767 4153,4710 3956,4793 3765,4698 3551,4750 3473,4692 3332,4756 3236,4705"/>
                <Baseline points="3246,4812 3320,4814 3395,4814 3470,4816 3545,4817 3620,4818 3694,4818 3769,4820 3844,4820 3919,4820 3994,4820 4068,4820 4143,4820 4218,4820 4293,4820 4368,4819 4442,4818 4517,4818 4592,4816 4667,4814 4742,4812"/>
                <TextEquiv>
                    <Unicode>Dieweilen Cathry forteiner, Hans Feusis</Unicode>
                </TextEquiv>
            </TextLine>
            <TextLine id="r3l33" custom="readingOrder {index:32;} person {offset:8; length:30;}">
                <Coords points="3380,4928 4623,4955 4703,4900 4895,4905 4894,4778 4514,4859 3380,4834"/>
                <Baseline points="3390,4900 3464,4902 3539,4904 3614,4904 3688,4906 3763,4906 3838,4906 3912,4906 3987,4906 4062,4906 4137,4906 4211,4904 4286,4904 4361,4902 4435,4902 4510,4900 4585,4900 4659,4898 4734,4896 4809,4894 4884,4892"/>
                <TextEquiv>
                    <Unicode>Eheweib und Madle Martis Joseph Schrantzen</Unicode>
                </TextEquiv>
            </TextLine>
            <TextLine id="r3l34" custom="readingOrder {index:33;} place {offset:18; length:12;} place {offset:45; length:3; continued:true;}">
                <Coords points="3395,5008 4900,5040 4900,4954 4726,4900 4320,4978 4149,4912 4061,4954 3457,4906 3395,4942"/>
                <Baseline points="3406,4994 3480,4994 3554,4996 3628,4996 3702,4996 3777,4998 3851,4998 3925,4998 3999,4998 4073,4998 4148,4998 4222,4998 4296,4996 4370,4996 4444,4996 4519,4996 4593,4994 4667,4994 4741,4992 4815,4990 4890,4990"/>
                <TextEquiv>
                    <Unicode>weib, allerseiths von Scharnachtal der Kilchhorn</Unicode>
                </TextEquiv>
            </TextLine>
            <TextLine id="r3l35" custom="readingOrder {index:34;} place {offset:0; length:6; continued:true;} place {offset:16; length:7;}">
                <Coords points="3369,5095 3506,5136 3699,5092 3798,5143 3945,5090 4054,5157 4162,5088 4371,5133 4838,5098 4837,5034 4582,5046 4525,4999 4091,5050 4008,5011 3369,5024"/>
                <Baseline points="3380,5078 3452,5081 3524,5082 3597,5085 3669,5086 3742,5088 3814,5088 3886,5088 3959,5088 4031,5086 4104,5086 4176,5084 4248,5084 4321,5082 4393,5080 4466,5079 4538,5077 4610,5075 4683,5074 4755,5072 4828,5072"/>
                <TextEquiv>
                    <Unicode>Rychenbach und Ampt früting, bemelten</Unicode>
                </TextEquiv>
            </TextLine>
            <TextLine id="r3l36" custom="readingOrder {index:35;}">
                <Coords points="3378,5203 3836,5177 4048,5228 4214,5162 4517,5216 4842,5171 4866,5111 3377,5111"/>
                <Baseline points="3388,5166 3461,5167 3534,5168 3608,5170 3681,5170 3755,5172 3828,5172 3901,5172 3975,5172 4048,5172 4122,5172 4195,5172 4268,5170 4342,5168 4415,5168 4489,5166 4562,5163 4635,5161 4709,5159 4782,5156 4856,5152"/>
                <TextEquiv>
                    <Unicode>Iren ehemanneren, Jene schon vor 4. disere</Unicode>
                </TextEquiv>
            </TextLine>
            <TextLine id="r3l37" custom="readingOrder {index:36;}">
                <Coords points="3389,5269 3979,5276 4021,5318 4260,5261 4355,5313 4578,5314 4861,5251 4861,5189 4631,5165 4354,5230 4149,5172 4016,5233 3823,5177 3703,5222 3388,5193"/>
                <Baseline points="3400,5246 3472,5250 3545,5252 3617,5256 3690,5258 3763,5258 3835,5260 3908,5260 3980,5260 4053,5260 4126,5260 4198,5258 4271,5256 4343,5255 4416,5252 4489,5250 4561,5248 4634,5245 4706,5242 4779,5239 4852,5236"/>
                <TextEquiv>
                    <Unicode>aber vor 22 jahren kinder ehlich zu kauffen</Unicode>
                </TextEquiv>
            </TextLine>
            <TextLine id="r3l38" custom="readingOrder {index:37;} organization {offset:29; length:9;}">
                <Coords points="3392,5370 3720,5357 3795,5400 3879,5359 3932,5397 4498,5348 4620,5387 4828,5321 4827,5250 4520,5318 3391,5280"/>
                <Baseline points="3402,5340 3472,5342 3543,5344 3614,5346 3685,5348 3756,5350 3826,5351 3897,5352 3968,5352 4039,5354 4110,5354 4180,5352 4251,5352 4322,5350 4393,5348 4464,5344 4534,5342 4605,5337 4676,5332 4747,5325 4818,5318"/>
                <TextEquiv>
                    <Unicode>laßen, welche sey den v. diß vor vorgricht</Unicode>
                </TextEquiv>
            </TextLine>
            <TextLine id="r3l39" custom="readingOrder {index:38;}">
                <Coords points="3389,5438 3478,5479 4049,5443 4178,5490 4513,5425 4707,5487 4769,5432 4917,5488 4878,5336 4123,5404 3388,5370"/>
                <Baseline points="3400,5428 3475,5432 3550,5434 3625,5436 3701,5437 3776,5438 3851,5438 3927,5438 4002,5438 4077,5436 4153,5435 4228,5434 4303,5432 4378,5430 4454,5428 4529,5426 4604,5424 4680,5420 4755,5418 4830,5416 4906,5414"/>
                <TextEquiv>
                    <Unicode>alhie, durch ordenlich geleistete Eidtsglupfen</Unicode>
                </TextEquiv>
            </TextLine>
            <TextLine id="r3l40" custom="readingOrder {index:39;}">
                <Coords points="3391,5551 3506,5588 3598,5534 3786,5585 4123,5533 4210,5570 4302,5521 4839,5543 4883,5458 3390,5456"/>
                <Baseline points="3402,5524 3475,5526 3549,5526 3622,5528 3696,5528 3770,5528 3843,5527 3917,5526 3990,5526 4064,5524 4138,5524 4211,5522 4285,5521 4358,5520 4432,5518 4506,5518 4579,5516 4653,5516 4726,5514 4800,5514 4874,5512"/>
                <TextEquiv>
                    <Unicode>unehlich weg geben, jene ires grat müller</Unicode>
                </TextEquiv>
            </TextLine>
            <TextLine id="r3l41" custom="readingOrder {index:40;} place {offset:0; length:12;}">
                <Coords points="3411,5631 3603,5679 4204,5630 4400,5668 4632,5610 4866,5649 4864,5551 4751,5531 4512,5572 4307,5533 4167,5588 4053,5538 3768,5588 3599,5534 3493,5593 3410,5542"/>
                <Baseline points="3422,5616 3493,5619 3565,5621 3636,5622 3708,5624 3780,5624 3851,5622 3923,5622 3994,5621 4066,5620 4138,5618 4209,5616 4281,5614 4352,5612 4424,5610 4496,5606 4567,5604 4639,5602 4710,5600 4782,5598 4854,5596"/>
                <TextEquiv>
                    <Unicode>von Scharnachtal, einem domahl ledigen</Unicode>
                </TextEquiv>
            </TextLine>
            <TextLine id="r3l42" custom="readingOrder {index:41;} person {offset:26; length:16;}">
                <Coords points="3380,5769 3683,5716 3769,5789 3886,5713 4071,5705 4467,5771 4594,5705 4969,5741 4966,5598 4919,5595 4802,5662 4729,5608 4302,5678 4208,5630 3901,5683 3378,5659"/>
                <Baseline points="3390,5720 3468,5720 3546,5720 3625,5718 3703,5718 3782,5716 3860,5715 3938,5714 4017,5712 4095,5710 4174,5708 4252,5706 4330,5704 4409,5702 4487,5700 4566,5698 4644,5696 4722,5694 4801,5690 4879,5689 4958,5686"/>
                <TextEquiv>
                    <Unicode>gstellen, dise aber das Irige Othmar Kropfflin</Unicode>
                </TextEquiv>
            </TextLine>
            <TextLine id="r3l43" custom="readingOrder {index:42;}">
                <Coords points="4510,5867 4559,5849 4594,5814 4629,5829 4676,5812 4701,5825 4726,5801 4753,5812 4780,5798 4837,5799 4833,5739 4770,5762 4726,5761 4673,5725 4642,5749 4580,5757 4564,5746 4538,5763 4524,5752 4504,5759"/>
                <Baseline points="4518,5812 4543,5809 4569,5805 4595,5803 4620,5801 4646,5800 4672,5798 4697,5796 4723,5796 4749,5796 4774,5795 4800,5794 4826,5792"/>
                <TextEquiv>
                    <Unicode>habent</Unicode>
                </TextEquiv>
            </TextLine>
            <TextLine id="r3l44" custom="readingOrder {index:43;} place {offset:13; length:5;}">
                <Coords points="3398,5824 3509,5815 3565,5863 3603,5843 3642,5874 3799,5818 4086,5862 4135,5818 4263,5834 4264,5728 4169,5755 4135,5725 4044,5725 3811,5782 3674,5729 3594,5771 3399,5762"/>
                <Baseline points="3408,5804 3450,5805 3492,5806 3534,5808 3577,5810 3619,5810 3661,5810 3704,5810 3746,5810 3788,5810 3831,5810 3873,5810 3915,5810 3957,5810 4000,5810 4042,5810 4084,5810 4127,5810 4169,5810 4211,5810 4254,5812"/>
                <TextEquiv>
                    <Unicode>einem Eheman von Spiet</Unicode>
                </TextEquiv>
            </TextLine>
            <TextLine id="r3l45" custom="readingOrder {index:44;}">
                <Coords points="3370,5946 4009,5905 4163,5958 4269,5902 4777,5884 4966,5953 4963,5833 4830,5797 4099,5873 3929,5822 3631,5877 3368,5822"/>
                <Baseline points="3380,5896 3458,5900 3537,5902 3616,5904 3694,5906 3773,5908 3852,5908 3930,5908 4009,5906 4088,5906 4167,5904 4245,5902 4324,5899 4403,5897 4481,5894 4560,5890 4639,5887 4717,5883 4796,5880 4875,5876 4954,5872"/>
                <TextEquiv>
                    <Unicode>Ir g. dise beide weiber, wegen des etlich Jarig</Unicode>
                </TextEquiv>
            </TextLine>
            <TextLine id="r3l46" custom="readingOrder {index:45;}">
                <Coords points="3379,6024 3442,5993 3595,6056 3663,6001 3738,6045 4145,5997 4309,6044 4385,5997 4916,5977 4899,5884 4680,5948 4400,5900 4308,5957 4008,5904 3902,5951 3379,5941"/>
                <Baseline points="3390,5986 3465,5986 3541,5986 3617,5988 3693,5988 3769,5990 3844,5990 3920,5990 3996,5992 4072,5992 4148,5992 4223,5992 4299,5990 4375,5990 4451,5988 4527,5986 4602,5984 4678,5980 4754,5976 4830,5971 4906,5966"/>
                <TextEquiv>
                    <Unicode>verhaltens Irer Kinderen rechten Vätteren, zwo</Unicode>
                </TextEquiv>
            </TextLine>
            <TextLine id="r3l47" custom="readingOrder {index:46;}">
                <Coords points="3384,6084 3832,6093 3911,6139 4108,6071 4679,6095 4862,6066 4862,6014 3383,6026"/>
                <Baseline points="3394,6064 3466,6068 3539,6070 3612,6072 3685,6074 3758,6076 3831,6076 3904,6078 3977,6078 4050,6078 4123,6078 4195,6076 4268,6076 4341,6074 4414,6072 4487,6070 4560,6068 4633,6065 4706,6062 4779,6058 4852,6056"/>
                <TextEquiv>
                    <Unicode>stund aushalb yßen zu irer wolverdient</Unicode>
                </TextEquiv>
            </TextLine>
            <TextLine id="r3l48" custom="readingOrder {index:47;}">
                <Coords points="3369,6148 3639,6240 4019,6167 4379,6217 4686,6149 4997,6217 4995,6081 4908,6029 4708,6106 4289,6073 4223,6118 4108,6071 3914,6138 3694,6086 3368,6116"/>
                <Baseline points="3378,6146 3458,6152 3538,6156 3619,6158 3699,6161 3780,6163 3860,6164 3940,6164 4021,6164 4101,6164 4182,6162 4262,6162 4342,6160 4423,6157 4503,6154 4584,6151 4664,6147 4744,6144 4825,6141 4905,6136 4986,6132"/>
                <TextEquiv>
                    <Unicode>abstraffung erkent. So beschechen 5 octobr 1674</Unicode>
                </TextEquiv>
            </TextLine>
            <TextEquiv>
                <Unicode>171
Anna Anis,
auß der Winterhalden, necht by
Hoffingen gepurtig
Nachdem dieselbig hieuor vnlangsteen
als verschiner Roggen- vnd, zu
Wangen, von geweßen durch den einten
Iren Knaben begangnen diebstals, vnd
anderen Vrsachen wegen, mit Vnter
.
ausgeschweitzt, gezeichnet, vnd Endt¬
lich verwisen. Ist sy drüberhin
von bewester verschinen michels jahr
Marckt zu guttwyl an einer anderen
weibs persohn vernebten Schlegerey,
vnnd außgoßnen groben schwüren
wie aūch disers Ires Lierdūrch be¬
gangnen meyn eidts willen, von da
selbsten nacher Trachselwaldt,
vnnd volgents von dannen In abwe¬
senheit Zū Landtvogts alhar ge¬
schickte, auch druffhin, weilen sy vber
obiges verbrechene, nach angewen¬
ter ernstwortigen exmmation, mit
weiters bekennen wolte, Auß Ir
ß bevelche nochmalen gezeichnet,
mit ruten außgeschweitzt, und eydt¬
lich von dero Statt vnd Landt
verwisen worden. Actum novembris 1684
athry dortemer und Madle
Martin.
Dieweilen Cathry forteiner, Hans Feusis
Eheweib und Madle Martis Joseph Schrantzen
weib, allerseiths von Scharnachtal der Kilchhorn
Rychenbach und Ampt früting, bemelten
Iren ehemanneren, Jene schon vor 4. disere
aber vor 22 jahren kinder ehlich zu kauffen
laßen, welche sey den v. diß vor vorgricht
alhie, durch ordenlich geleistete Eidtsglupfen
unehlich weg geben, jene ires grat müller
von Scharnachtal, einem domahl ledigen
gstellen, dise aber das Irige Othmar Kropfflin
habent
einem Eheman von Spiet
Ir g. dise beide weiber, wegen des etlich Jarig
verhaltens Irer Kinderen rechten Vätteren, zwo
stund aushalb yßen zu irer wolverdient
abstraffung erkent. So beschechen 5 octobr 1674</Unicode>
            </TextEquiv>
        </TextRegion>
    </Page>
</PcGts>
