5472 7296
644 1392 823 1487 100.
845 1349 2492 1628 aber gantz und gar zeuchten streich nit geben.
2440 1500 2504 1626 s
844 1489 2433 1744 noch vil wenigen wir aber klagt wirt
837 1619 2356 1822 mit den keüwen vff dem hertzen gelegt,
851 1698 2451 1919 auch mir niemahlen ander zur gehabt,
824 1816 2445 2050 und syn diß geschecht, den ersten mitwochf
862 1915 2431 2115 im Hornung, sein bruder se aber erst
826 2018 2441 2249 hernach den 8. martii ao 1653. gestorben
790 2106 2433 2332 welcher wenigs Zeits zuuor ein starcker
802 2209 2429 2458 Erben vnd sonst Jederwylen vil krankhei
794 2282 2422 2551 gehabt, der auch der trunckenheit mechtig
844 2424 1841 2596 Vnderworffen gewesen.
826 2506 2349 2724 Morndrigen tags nach diser er gehabten
858 2630 2354 2785 treitigkeit, seye ermelter sein bruder
835 2712 2337 2909 gan Bremblenses zwo stund wyth von
809 2790 2373 2968 Irem dorff, gefahren, vnd daselbsten
857 2884 2454 3057 in Ender straw gehalt, auch kinderwegs
855 2974 2441 3147 sich frölich und truncken gemacht, wie da
2085 3064 2415 3213 daruß
1985 3106 2049 3158 e
864 3072 1859 3265 selbiges gnugsam erwisen,
921 3163 2313 3347 das gnugsam zu secht, daß er seinen
884 3254 2443 3410 bruder nit also schandtlich, wie er aber
879 3345 2379 3502 in seiner kranckheit uß sonderer vnnd
846 3429 2329 3599 hievor lang gehabter nachger geklagt,
833 3522 2362 3698 tractirt habe, vnd hiemit ein Vrsach
823 3626 1557 3799 seines tods seye.
837 3717 2376 3906 war seye nit ohn, das daß er es
862 3844 2393 4000 der gefangenschafft, welches mir ein
891 3928 2405 4083 tubohne gätter gewesen) entrunnen,
825 4017 2376 4172 vnd das uß forcht der straff, so Ime der
842 4109 2348 4251 Creutenant von Estuen offt getroit, das
869 4197 2327 4368 wol gespürt, daß sein verschafft, vnd
867 4295 2494 4457 seines bruders s gönstige, welche gmein
868 4384 2414 4539 lich des Grichts, wider Inne mechtig
2220 4516 2285 4570 .
860 4485 2216 4633 entrüstet, gelebe aber der gutte
828 4579 2309 4724 hoffnung, wo fehrn in gut Ime sicher
830 4657 2353 4812 gleitgeb wurden, sein Justificaon
794 4738 1779 4921 gnugsam an tag zu geben
833 4845 2436 5086 Wittet hiemit dantz einstendig die verhörten
1404 4988 1578 5063 samlich
829 4975 2276 5142 kundtschafften, wer dieselbigen geredt,
845 5074 2313 5239 von Was har sagen sölche eröffnet und
835 5163 2361 5329 uß was nachger stein bruder se selbige
854 5250 2486 5413 angeben, wol zuerdiren, nach welichen
850 5328 2387 5506 ernit zweiffle, das daß E. gut, Inner
852 5441 2463 5594 nit allen der nun mehr lang ußgestanden
837 5507 2496 5687 banden und gfangenschafft ledig machten, hander
826 5622 2476 5763 widerumb in seine, imme von der frawen
817 5676 2500 5870 von Estaet genomme gutter einsetzen werde.
807 5793 1009 5898 Was
2750 3732 2917 3857 s
2730 3823 2931 4004 11
4421 1407 4576 1506 100
3081 1463 4420 1655 Wie die drey Landtagen, zu bemelten
3135 1578 4481 1751 estals verführt worden, auch was
3173 1683 4506 1826 die verhörten kundtschafften geredt
3109 1759 4477 1956 findt sich in der Cantzley im Waltschl
3118 1842 3609 2002 Piechen buch.
3090 2022 4629 2205 Den 18. Januarii 1654. Ist des Daniel
3128 2147 4579 2311 Roular process, sampt den kundtschafften
3134 2223 4499 2378 von Räth und Burgeren angehort, und
3133 2330 4497 2437 erkent worden, daß er vff abtragen
3132 2402 4496 2535 so wol deß refi- als des jenigen costens,
3131 2471 4401 2618 so mit dem landtagen ufgangen, under
3148 2554 4573 2710 gefangenschafft ledig und nachdem er sich
3137 2642 4625 2810 mit seines bruders fraw wirt versühnt
3119 2727 4530 2890 haben, widerumb nacher hauß gelaßen
3206 2827 3591 2960 werden.
3349 3271 4414 3448 Ahrina Lander von
3654 3402 3984 3601 .
3011 3549 4488 3727 Als ein mit dreyen vnehelichen
3115 3704 4498 3857 kinderen beladne kernen,
3064 3844 4545 4044 Ist auß Ir gen bevelch, von disem
3108 4001 4616 4195 ihren begangnen dreyen fahlern
3135 4125 4541 4332 wegen, von dero Statt vndt
3097 4284 4439 4477 Landt, Endtlich verwisen
3145 4407 4378 4624 worden. Actum 21.
3443 4567 4345 4763 januarii 1654.
