5472 7296
650 1451 859 1571 254.
1045 1525 2658 1756 Anna Wandslin hievorgenant
898 1683 2613 1890 Ist den 25. Junii durch nichtt heimlicher Hack¬
878 1785 2589 1951 brätt vnd J. Groß weibel von Lubernow,
870 1880 2534 2062 uß ir gut befelch in beisein nach herren rathsherre
899 1964 2605 2123 Batschets, Hrn. Vogt Beat Fischers und R.
932 2052 2637 2260 Johannes Holtzers im Streiti thurn Welthers
901 2145 2633 2351 zwar anfangs mit wort, volgents aber mit
957 2220 2402 2427 einfacher marter examindet worden.
1071 2316 2585 2530 dieselbe hatt bei einmahligem lähren vf zue
937 2425 2657 2599 Dan der marter, obige ihre bekantnuß bestättiget
882 2592 2629 2796 Warüber Heini Schmid auch zur Marter geführt,
957 2708 2566 2879 ihme dise beständige bekantnuß vorgehalten und
946 2786 2584 2944 starck zugesprochen worden, nun mehr seinen fähler
1837 2875 2510 3023 Derselbige aber
1428 2927 1506 3002 x
954 2916 1431 3037 zu bekennen etc.
938 2958 2556 3124 blibe seyfft vff seiner greidung mit vermelden
950 3044 2628 3225 cher alles uszustehen, als der und ira unrecht
1782 3137 2588 3283 Wuste sich hierinn
917 3178 1232 3315 zuthun,
959 3207 2550 3393 gantz unschuldig etc.  Inmaßen dise sein
965 3323 2615 3456 mit bewegenden worten dargethane bestendige
2104 3412 2640 3536 Noch verners
964 3415 1971 3577 entschuldigung verursachet,
971 3498 2598 3664 in dise leichtfertige dirnen zu setzen, dieselbe
925 3585 2635 3757 hatt nach langem eifrigen und ernstlichem zusprechen
963 3685 2674 3848 mit dem mr Groß weibel eintzig zu reden begerten
938 3761 2516 3938 Ime auch entlichen nach genommen abtritt
934 3833 2550 4026 beeintzig, hernach aber vor den übrigen nicht.
966 3925 2622 4097 examinatoren ohne vnd volgents widerumb
940 4038 2308 4150 an der Marter bekent und erhalten.
991 4089 2628 4282 daß sy besagtem Heinis Schmid unrecht
929 4224 2619 4394 gethan, dann nit er, handern hievorgemelter
926 4295 2479 4450 Hans willen nachts zu ira hinyn gestigen.
1022 4401 2612 4548 Daß sy aber disen Heini Schmid angeben, seye ge
996 4462 2625 4633 schach uß nyd, das er sy jederweillen ungfindet,
2008 4531 2630 4692 dansen habe des
945 4549 2002 4722 vnd etwas leidt zugefugt,
929 4615 2580 4803 Willen fraw sy auch dergstalt an irem kopff
928 4681 2639 4912 Herschlagt, daß sy wenig diens mehr habe,
959 4798 2478 4995 und also hier nit wüße, was sy rede etc.
879 4948 2577 5184 Vnd wylen dise dienen schwangeren leibs ist
944 5056 2626 5248 dieselbe biß zu ihrer gebüßt, in oberen spittal
1738 5152 2534 5315 Heini Schmid aber
947 5198 1568 5328 anisen geschlagen.
945 5252 2485 5434 der gefangenschafft und obiger anklag ledig
1720 5306 2503 5523 27. Juni 1656.
932 5373 1530 5494 erkent worden.
895 5531 2568 5697 Als den 25. februarii 1657 ir gutt bericht.
915 5631 2549 5803 eingelanget, daß obige weibsperson gewesen.
899 5730 2524 5919 vnd außgekindtbettet, ist volgends diß ir
891 5806 2631 6025 process außgeschriben und ir gn fürgetragen
911 5974 1285 6109 worden.
2745 3211 3008 3372 selben vorgen
2755 3687 2950 3821 AItem
2755 3783 2982 3876 Den 3. und
2770 3853 2943 3967 9. juli
4471 1580 4658 1713 257.
3174 1535 4499 1778 Eva Gwygart von Bietterlen
3016 1790 4597 2034 Ob wol Gott der Allmechtig hin vnd wider in seinem
3031 1937 4609 2104 heilligen wort menigklichen alles ernsts, ja bei ver
3051 2028 4677 2210 lierung seiner seligkeit vermahnen vnd gebieten laßen,
3065 2119 4628 2261 sich vor aller vntricht, Vnkuschheit vnd vnreinigkeit
3056 2178 4673 2361 trewlich zuuerhuffen, sein gethür in heilligkeit zube
3061 2271 4612 2425 sitzen, vnd den Tempel des heilligen Geistes nit
3074 2361 4599 2510 zuuermurenngen, mit betrawung zeitlicher vnd
3062 2450 4699 2613 ewiger straffen, denen so darwider handten wurden,
3055 2568 4634 2699 meine gnädige Herren vnd Oberen auch, zu ab¬
3060 2649 4702 2795 haltung dises Casters gutte ordnung und satzungen
3062 2718 4562 2887 ußgahn vnd publicieren laßen, hatt doch
3034 2799 4657 2954 gegenwürtige wa zwygart gebürtig von
3018 2897 4709 3039 Wieterlen, nun mehr aber ein gutte anzahl Jahren alhie
3035 3015 4684 3144 Zu Bern wonhafft, sölches alles nit anderst be¬
3027 3087 4669 3233 hertziget, dan daß sy ungeschücht deßelben,
3664 3164 4020 3248 vnderschidenli
3051 3169 4789 3314 nit allein sich mit zwey und unbeschen wercken, sondern
3046 3254 4669 3419 noch andere redliche wybspersohn verkupplen und
3053 3341 4765 3511 verfellen wöllen, Inmaßen sy wegen ires ergerlich
3061 3428 4824 3581 geführten Lebwesens anfencklich in die Corgrichtliche
3063 3513 4725 3662 volgents aber in die obere gfangenschafft geführt.
3034 3626 4716 3758 vnd demnach den 33 vnd 25. Junÿ 1616. durch die
3027 3696 4625 3848 hochgeachten ehrenuest etc. Herren Hrn. Niclaus
3051 3770 4746 3918 Gatschetz des kleinen hrn. Beat Fischers gewesnen
3067 3855 4648 3992 vogts zu Dipp, res Hans Jacob Dübelbeiße
3065 3959 4753 4055 alt Castlang zu Winniger Herr Johannes Holtzers
3058 4029 4710 4152 und mr Großweibelt von Luternow, ernstlich
4017 4119 4634 4242 dieselbige hattenn
3928 4177 3999 4234 .
3052 4143 3775 4253 examinet worden.
3063 4186 4733 4352 mit und ohne marter verzächen und bekent, wie
3061 4311 3343 4427 volget.
3042 4386 4556 4548 Erstlichen, daß sy vor vngefahr 18 Jahren, mit heu¬
3049 4460 4755 4664 Abraham Gerber dem alten Schaffner im Interlacker
3540 4575 4235 4651 velische verthenen verub
3042 4567 4676 4729 hus ihrer ersten angen, Inmaßen sy
3062 4649 4703 4781 daruon schwangen worden, vnd einen Sohn, namens
3032 4703 4804 4874 Abraham erzüget, für welches uferziechung ernanter
3017 4794 4783 4979 S. Gerber sein Vatter, tra monatlichen entrichtet
3066 4921 3218 5039 27.
3050 4949 4646 5175 zum anderen, habe sy sich auch mit Caspars Müller
3064 5083 4563 5247 einem Mullenwäber ußem Marggraffen Land,
3066 5141 4650 5336 in währender zeit, als sy mit obigem sohn schwanger
3057 5235 4670 5410 gieng, fleischlichen vermischt, und obwolen derselbige
3029 5295 4666 5510 Ira die ehe versprochen, habe er gleichwol soliches
3050 5386 4563 5587 nit ghalten, handern sye hinweg zogen und habe sy
3054 5443 4623 5679 verlaßen, weßwegen ein ersam dorchricht alhier sy
3045 5542 4602 5748 bescheiden, und wylen sy die eheversprechung nit
3044 5602 4610 5835 beweisen könten fort aner Leimat gwisen, daß
3041 5642 4725 5919 das doch nit allein zur selben Zeit, sondern auch letstlich
3062 5764 4555 6001 dem Margricht fürgeben, daß obiger Caspar Müller
3031 5821 4649 6029 Ires sohns vatter, vnd hiemit einen anderen als den
3024 5962 4030 6160 Naturlichen vatter genamset,
