5472 7296
780 1365 962 1524 163.
684 3003 1120 3171 Geist. vnd
693 3119 1055 3274 weltschlichen
1160 1432 2657 1624 Daruf alsbald und innert zweyen stunden, das volck
1174 1547 2647 1690 dahar kommen und sy gezwungen, daß etliche mit inen
1175 1636 1569 1770 ziechen müßen
1174 1718 2626 1890 Werners sye er zahn auch selbs viert ußem Wald
1180 1833 2553 1928 und irem läger bei mellig hinauf gan lüpffig und
1194 1920 2650 2057 ir kommen, ernsthafftig befragend, ob kein wei
1186 2009 2610 2125 verhanden sey, und als Ime geantwortet worden.
1197 2054 2584 2195 tein, habe ergesprochen, das seye nit, es müße
1187 2122 2625 2260 wyn und brot verhanden sein, dan es seye ein große hitz
1191 2235 2534 2335 daruf etliche gezwung worden, Ime die Käller zu
1188 2274 2561 2409 öffnen, nachdem sy nun die ganze nacht vff gnug
1196 2345 2603 2490 geßen und truncken, habe zahn under anderem gredt,
1195 2430 2580 2547 es werde noch dise nacht angahn, an dem morgen
1184 2482 2569 2587 nin habe man inne, vß dreyen Källeren Zwey
1179 2579 2595 2675 söben wein geben müßen, den übrigen aber so noch
1188 2627 2532 2776 in den faßen verhanden war, heige er in de
1152 2726 1645 2854 faßen geäßen.
1222 2876 2535 3071 uff welichen vilfaltigen überzügung
1216 3009 2444 3160 deren über die dorpersohnen, vnd
1167 3096 2523 3261 sein angehört vilfaltiges verbrecht,
1181 3191 2492 3350 mehl Rath und Burger uff Iren eid
1170 3293 2589 3442 zu recht erkent vnd gesprochen, daß
1189 3382 2601 3532 er dem Nachrichter anbefolch werde,
1178 3478 2654 3622 der Ime vnd vß vff gwonnliche Richtstatt
1167 3567 2582 3682 führen, vnd Ime daselbst mit dem strang
1190 3655 2638 3800 vom leh zum Tod, nach der St. Wern tocht
1169 3746 1775 3892 Hinrichten sölle.
1150 3833 2675 4018 Ist exequiert worden, den 22. aug 1614.
2815 2135 3229 2261 I Den 30. junii
2819 2208 3231 2343 und 2. july 1627.
4552 1452 4758 1608 167.
3347 1577 4170 1750 ern Ascher
3332 1720 4794 1942 ister Ulli Lüscher genant Strewers Pros auf
3300 1854 4768 2007 gebürtig von Entfelden, ist wegen begangnen
3295 1921 4743 2090 Bubereyen vnd uß verdacht der rebellion
3299 2026 4708 2167 verschinnen Jars zu Lentzburg gleichlich
3309 2111 4673 2267 eingesetzt, vnd seines verbrechenstent
3293 2189 4684 2350 vnd ohne morter examinirt: Ist forcht
3287 2288 4719 2449 der straff aber, mit hievorgedachtem Hans
3270 2378 4638 2541 Heinrich Jahrer uß der gefangenschafft
3302 2452 4729 2626 entrunnen, Volgents aber, vnd nachtem
3302 2565 4703 2713 ein namen auch an das hochgricht gnaglet, im
3286 2647 4787 2774 Ampt Schenckenberg durch die angednung des
3268 2748 4721 2886 H Obervogts widerumb ergriffen, uß
3288 2813 4764 2974 ir guten befelch gfengklich alhar geführt
3252 2898 4772 3052 Vnd den 3. 26. Julÿ Item den 4. Augusti
3283 2988 4796 3146 1614 durch meinen hochgeehrt Herren dauid
3275 3092 4811 3244 Müller des kleinen herren Hans Ludwig
3295 3179 4785 3335 Berbeschl. Abraham im Hof, und etlich andere
3291 3278 4740 3399 meiner hl. des großen raths, erforderlich
3298 3370 4271 3502 maßen Examinirt worden,
4469 3354 4782 3494 der dan
4392 3390 4445 3461 .
3307 3445 4821 3586 anfencklich alles so imme vorgehalten glaugnet,
3292 3516 4601 3664 hernach aber mit vnd ohne Marte
3330 3612 4755 3765 die Jenige dreich in seiner verhafftung zu
3314 3682 4818 3846 entzburg gethane vnd verzeichnete Vergicht
3262 3778 4783 3929 widerumb bestättiget. Dieselbige
3309 3860 4702 4023 nun lüthet von Wort zu wort also
3270 4001 4767 4153 Namlichen daß er Gottloß vnd verricht
3319 4131 4833 4274 iin zeit dahar gelebt, auch bej 3 oder 4 Jahren,
3301 4225 4790 4374 keine Predig vnd Kinderlehren zu Entfeldt
3310 4310 3809 4457 besucht habe.
3284 4415 4682 4568 Item vor vngefahr etlich Jahren, habe er
3295 4556 4751 4678 Peter Frickers von suhr ehefrawen korn
3299 4605 4833 4751 abenthlent, in widerlifferung aber Sprewer
3295 4726 4862 4840 vnd das korn vermengt, weliches ermelter
3280 4777 4843 4948 Fricker für gut korn zwar empfang, hernach
3262 4871 4546 5012 aber sich deßselbige auch erklagt
3272 5006 4817 5168 Ebenmeßig habe er vor vngefahr 3 Jahren,
3309 5126 4798 5240 inlifferung des empfangnen vornendens,
3293 5222 4862 5369 h Fridenrich Widler Predicant zu entfelden
3295 5304 4752 5430 vnd dan auch hernach Herren Hans Geörg
3290 5407 4834 5515 Rothbletzen, burgern zu Kraw und schaffner
3294 5497 4803 5650 der Herren von Münster, Sprewer Vnder
3298 5577 4785 5741 das korn vermischet, vnd für werschafft
3291 5687 4790 5840 einmeßen vnd lifferen wöllen, welches
3262 5772 4734 5947 betruglichs vorhaben aber nit durch uß
