5472 7296
796 1427 951 1573 62.
1058 1497 2559 1696 So habe er sich auch anerbotten ein Schriben
810 1645 956 1780 8.
1142 1627 2536 1779 voder Schushalten selbsten in die Statt
1093 1718 2556 1939 getragen, vnd darby befelchen selbiges
1146 1818 2569 2007 mine Einräß und ernst nemend zu stellen,
1077 1924 2540 2096 damit Ihnen desto eh vnd der malen
1145 2015 2517 2185 einist über ihre klegten mit bscheidt
657 2039 1060 2157 theckel mit gelt
657 2125 1073 2215 samen bußen gezogen
1122 2123 2526 2269 begegnet werde, weliches schryben er auch biß
647 2163 1092 2266 und gesagt, abschand
641 2230 1126 2304 Inne nit die statt laßen
1131 2206 2562 2337 zu herren am wardts baumgars uffem staldin getragen, daßelbsten
649 2277 1111 2350 wollen werde man un
1154 2271 2565 2381 hne von der wacht abgenommen, es aber darmit nit in die statt
639 2322 1114 2418 eb gott wil vmb sein geben
1155 2334 2573 2473 gelaßen worden, deßwegen er damahlen zimlich bachet, einen f
666 2379 1081 2523 eyn zu kommen laßen.
1103 2397 2533 2568 Berners seye syn und anderer vorhaben
786 2459 893 2581 9.
1136 2497 2549 2668 gewesen, die Zeugen so sy bÿ Ihren ver¬
1103 2598 2561 2749 meinten alten freyheit und gerechtiglich
1125 2690 2593 2876 hand haben werdendt, un beleidiget zu laßen
1081 2801 2598 2970 Die übrigen aber umb zu bringen, weliches
1136 2903 2568 3082 wort er auch mehr rachts herren Marloten
1121 3033 1974 3191 undermants geredt habe,
1123 3264 2529 3443 Denne seye er nach vermeint ge-
770 3261 941 3396 10.
1115 3368 2592 3541 gschloßnen friden uf Murimeldt, hernach
1139 3470 2569 3634 auch mit einer musgneten gahn hertzogen,
1080 3567 1605 3740 bucht gegen
682 3797 909 3949 1.
1087 3793 2500 3994 Belandts by ufmachen früscher huldigung
778 3934 1080 4089 habe er
1140 3916 2511 4092 sich nit ynfinden laßen dörffen, sonder
1130 4027 2445 4200 ich forcht man uf inne (alß der sein
1114 4106 2477 4297 oberkeit im höchsten grad beleidiget
1115 4243 2130 4418 gryffen werde, absentiert.
1095 4398 2546 4561 So habe er sich auch uffem Muhri veld beklagt, wie
766 4450 912 4558 12.
1131 4503 2515 4638 es vor bsteren, drinnen zu Bern mit anderen den
1096 4589 2469 4708 außfahl thun müßen, gott wüße, wie man mit
1075 4661 2473 4785 inen damahlen umbgangen und inen in sölchen iren
1116 4727 2549 4873 billichen und gerecht sachen (wie jeder man jetz sölches
1096 4809 2223 4962 sehen) den fußfahl anmuthen dorff.
736 5018 875 5161 13.
1087 4970 2513 5201 Item sye er bett Erenhart Glantzmans gehabten
1112 5114 2465 5292 Compagner auch zur newenbrugg zogen und
1129 5200 2481 5356 daßelbst mit einer entlehnen musquelen drey
1092 5262 2435 5420 dchütz gethan volgents als man hefftig mit
1096 5353 2440 5518 stuck uff sy geschoßen, sich verschantzen helffen.
1108 5416 2498 5578 zuuor aber habe selbs zeit uß deß Lewen
1109 5515 2451 5669 bergers und kriegsraths befelch, die wachten
1097 5579 1788 5711 hin und wider visitirt.
764 5655 2457 5842 über dise bekantnuß ist den 21. octobr 1653 vorräth
762 5799 2381 5950 und burgeren erkent worden, daß er ehr und
775 5863 2416 6048 wehrlooß 2000 lb buß und ein vrphel von sich
781 5924 1199 6062 gëben sölle.
2909 3619 2978 3716 1.
2907 3724 2994 3844 2.
2938 3904 3007 3989 3.
2919 4055 3022 4173 4.
2930 4221 3014 4309 5.
2919 4344 3008 4464 6
2929 4554 3028 4655 27.
2930 4670 3022 4797 8.
2921 4843 3010 4981 9.
2871 5050 2974 5124 10.
2860 5258 2967 5351 11.
2870 5459 2976 5575 12
2825 5629 2988 5786 13.
4497 1420 4670 1580 63.
3335 1574 4239 1760 Peter Wytenbach
3304 1697 4265 1857 Us der Kilchbri Gertzensee
3168 1853 4749 2059 Wachden diser Peter wyttenbach durch inschen
3202 1965 4755 2151 landtvogt von Graffenriedt in der gefangen
3202 2062 4725 2264 schafft ernstwörtig examiniert worden.
3227 2135 4731 2314 worumb und us was ursach er ettliche junge
3161 2249 4741 2401 knaben und meitlin mit ime hinunder
3166 2338 4710 2519 in das wirtenbergerlandt gefhüert.
3161 2442 4637 2653 hotte er sich also beantwortet. Actum
3213 2564 3786 2720 13. Octobr 1653.
3156 2668 4740 2868 Er habe sich nach wienachten hinab in das
3202 2772 4701 2961 wirt erberger landt, alwo er sich biß
3197 2859 4706 3046 gegen der ernd mit dienen ufgehalten.
4569 2966 4615 3049 .
3199 2979 4566 3180 volgendts widerumb alhar begeben
3161 3058 4739 3277 der meinig syn wyb und kinder mit imme
3167 3165 4733 3388 hinab zu eineren, da dan er mit und neben
3154 3311 4150 3527 denselbigen mit sich gefüert
3189 3470 4583 3706 Peter Spring ufem Sadel by 12 Jaren alt.
3174 3635 4549 3834 Clans Bär von 13 jar synes alters.
3189 3794 4390 4018 Christen Bär deß obigen Bruder.
3143 3907 4794 4121 Babi gemelter Bären schwöster by 13 Jar al
3178 4103 4591 4337 Christen singer von Nohlen by 20 Jaren
3161 4282 4374 4497 Hanß singer syn bruder by 13
3168 4431 4597 4653 Peter. Leineren Christens sohn bey 14
3170 4564 4662 4822 Christen handt aber sädel by 12 oder 12
3179 4765 4124 4981 Margreth Heini By 30
3166 4872 4728 5138 Zwey m�ntsch von Zimmer wald und Rubigen
3186 4999 4777 5196 seyen aber widerumb mit imme hanf kommen.
3162 5150 4784 5396 Bendicht Raflaub aber Belieberg by 14
3135 5300 4764 5598 deß Raflaubs stiefschwöster by 13 oder 14
3103 5486 4822 5805 Michel Burdtner Raflaubs Stiefbruder
3207 5718 3774 5886 von 18 jahren.
3103 5797 4692 6072 Diser aber seye imme theils durch ihre
3186 5846 4799 6172 Eltern, theils durch ihre frund zugeführt
