5472 7296
713 1352 852 1506 94
782 1341 2488 1643 Die deite vnd letste denn, seye vmb
886 1501 2510 1766 destwellen ihme uferlegt worden.
879 1626 2609 1909 Weilen er einen gscholten, das er einem
881 1817 2553 2060 anderen seinen Seckel genomen, selbiges
886 1954 2479 2186 aber von deswegen das man ihrer
907 2060 2483 2331 dnn herumb gehabten Vorsagen
931 2204 2480 2476 nicht halten noch stellen laßen
916 2340 2478 2610 wollen, mit anderen kundtschafft nit
900 2503 2553 2734 habe beweisen und erzeigen können.
855 2671 2510 2920 Vmb weliches alles aber erhalt¬
890 2825 2437 3065 polt von albereit durch seinen
886 2974 2485 3175 damaligen Junckheren seye gebüst,
924 3106 2229 3332 vnnd abgestrafft worden seye.
887 3519 2466 3726 Wie vnnd welicher gestalten aber
923 3676 2437 3855 erkiltpolt, bÿ der vor Jahren
898 3801 2420 4000 Angesenen Star vnnd Toll, sich
906 3947 2514 4171 ey Ihnen ghalten haben sol, darūmb
891 4108 2477 4314 werde undervogt außler gereg
866 4247 2467 4474 sammen bericht zu seiner verlesenden
900 4397 2328 4609 entschuldigung geben können etc.
804 4607 2294 4844 Altima die Anni 1613 ist Uli Hilpolts
808 4740 2182 4939 priessen von mahlen bath und Burgeren
816 4831 2372 5006 angehört und erkent worden, daß er
850 4885 2287 5106 zu Schintznach zwo stund aus halßysen
875 4982 2281 5183 gestelt ehr und wehrloosen sein und allen
864 5093 2363 5278 einethalben ufgel�ffner cost abtragen sölle.
2641 3273 2911 3403 vor etlich
2667 3379 2862 3473 wochen
2912 3290 2975 3440 sich
4487 1394 4664 1560 95.
3216 1423 4197 1667 Christen offner
3298 1571 3982 1741 von zeungen
2979 1688 4484 1891 Als vor ungefahr dreyen jahren
2893 1789 4456 1991 Margreth Gislöwer, gebürtig von
2973 1910 4487 2100 Trättlingen, von eines zwüschen ira und
2968 2031 4668 2211 Hanßen Meyer von Schorren gehabten vorgrichtlich
2960 2140 4441 2307 handels wegen, sich vor einem Ersamen
2989 2227 4583 2375 Corgricht alhie stellen, Vnd wider anderem
2998 2314 4611 2485 vff ernsthafftigen befragen, domahlen
2983 2427 3874 2586 bekantlich sein müßen,
4134 2423 4579 2594 daß sy sich
3972 2475 4114 2574 .
2989 2519 4623 2682 leider mit Christen hoffner von zeinigen, ires
2992 2630 4663 2778 Vatters leiblichem Schwager, (zwar vff zuuor
2989 2716 4561 2876 einanderen versprochne Ehe fleischlichen zum
2977 2817 4616 2934 offtermahlen vergeßen, auch zur selben zeit
2965 2892 4590 3024 die Ira uferlegte wolverdiente straff
2982 2977 3524 3118 ussgestanden,
3689 2967 4603 3136 haben mein gl. H. vnd
2979 3062 4641 3228 Oberen in er zuuerung deßen, bemelten
2997 3137 4644 3305 Christen loffner, welcher umb abbitt dis
2990 3230 4648 3387 geschoßnen grob und nit vil erhört fählers
2993 3314 4714 3478 vor er gut gestelt gefencklich unsetzen,
3012 3416 4656 3562 und, wie und welcher gstalten dise schand
2992 3536 4548 3635 that brucht, das erzügete kind an die
2964 3607 4700 3770 welt gebracht und hernach begraben worden.
2995 3690 4663 3834 ernstwortig examinieren laßen, der
2971 3775 4609 3927 hatt nun in bysyn und gegenwart der
2985 3853 4702 4029 woledlen, E. E. E. f. vnd wysen H. H. Niclaus
2975 3946 4596 4076 Lambachs deß kleinen v. Großweibels
2993 4070 4636 4202 von Wattenweil vnd H. Bartlome von
2980 4135 4587 4299 Römerstals deß großen Raths, vnnd vndt
2972 4228 4709 4404 unverholen ohne marter bekent, wie volget
2982 4345 4679 4555 daß vor vngefahr 7 oder 8 Jahren, dise
2984 4487 4678 4643 Margreth Blower uß verwilligung dero
3009 4592 4572 4752 elteren, bej Ime gedienet, vnd sonderlich
3005 4672 4678 4849 seiner damahls kranck gehabter frawen, als
2988 4771 4691 4955 irer bosen, biß zu irem und abgewartet
3011 4890 4678 5012 Volgents aber nach dero tod widerumb zu
2982 4972 4666 5153 iren elteren gangen, uff sein fründtliches
2998 5064 4615 5244 begeren aber, hernach von Iren elteren Ime
3023 5167 4679 5339 widerumb zugewisen worden, die imme
3032 5241 4686 5434 das in seinem witligstand getrüwlich und
3001 5330 4676 5534 zu seinem gutten vernügen haußgehalten,
2994 5455 4706 5657 Gestalten Er dan lust vnd liebe zu trage
3026 5545 4726 5739 wonnen, sy zu ehlichen, tra auch drüberhin
2994 5646 4735 5840 die ehe angemuthet, die sy imme dan zugesagt,
4782 5635 4842 5767 1
