5472 7296
3824 1429 4671 1572 Schlup Daniel) 5.
2679 1445 3660 1610 Es fehlen die Seiten 1-4 ein
3269 1545 4496 1744 Was er dorten Ingahn werde,
3303 1690 4641 1833 gutt zuheißen, worufhin er nacher
2866 1780 3057 1923 E
3291 1761 4596 1929 guttwyl gangen und daselbsten den
3310 1853 4620 2037 Buren bund geschworen, auch sölich
2690 1902 2864 2053 18
2916 1921 3069 2086 476
3314 1955 4532 2111 nach seiner heimkunfft der gmeind
3312 2042 4703 2233 groffenbaret, den sy dan guttgeheißen
2711 2079 2876 2223 1653
2716 2205 2901 2340 1636.
2893 2237 3012 2357 NB.
3075 2193 4625 2364 Es wirt von verhörter kundtschafft gezüget, daß nit
3064 2321 4679 2451 die gmeind, hander syn Schlupen Bundts genoßen Inne
3053 2414 4715 2540 zu der Landtsgmeind ußgeschoßen, vnd daß das gelt
3056 2475 4670 2602 nit von der gmeind gut geben worden sye, sondern
3032 2548 4673 2699 selbiges bendicht Egli abgedacht uß seinem eignen
3075 2636 3884 2777 gelt ußgesecklet habe.
3207 2817 4677 2990 Denne habe er für sich selbst meind
2660 2875 2910 3059 hundschafft
2939 2917 3128 3050 N. 9.
3293 2926 4691 3083 angestelt und befolchen zu stürmen
3319 3022 4574 3147 auch was in disem leidig wesen
2931 3028 3155 3156 16. 17.
2676 3047 2875 3137 10 l
3313 3120 4547 3261 gedient angeordnet, sich hiemit
2685 3135 3193 3279 19. 21. 22. 23.
3312 3197 4720 3369 neben Niclaußen müller alls ein rechter
2726 3227 2847 3319 31.
3305 3302 4046 3458 Pfwiggler erzeigt.
3307 3492 4674 3680 verners habe er die gmeind zu Rüti
2686 3505 3181 3684 kundschafft n. 3.
3272 3604 4680 3769 verführt und ufgewigglet, und under
2710 3646 3213 3795 12 14. 15. 19.
3318 3706 4660 3865 anderen, als er gmeind gehalten
2689 3722 2933 3833 23. 36.
3276 3790 4650 3947 zwen zu dem Amman geschickt, zu ime
3311 3888 4668 4030 zukommen, wo nit, welle er Inne
3319 3969 4644 4122 reichen, auch da der hr. Prednant
3312 4061 4565 4210 by eine vor dem huß gestanden,
3311 4142 4616 4301 habe er Schlupselbsten gerufft, der
3296 4249 4689 4404 Amman sölle kommen, wo nit welle er
3332 4338 4614 4490 Inne reichen, sye also gangen vnd
3307 4418 4665 4574 den Amman angeredt, wan er nit
3307 4514 4565 4671 guttwillig zu Inen hinüber wolle,
3272 4594 4712 4750 so muße er es thun, vnd als der hr.
3320 4693 4727 4847 Predicant zum fründtlich abgemahnt
3305 4787 4668 4950 hiervon all Zū stahn, Er geantwortet,
3315 4900 4593 5045 es mangle des Sweysers nit,
3332 4979 4736 5144 er hr. prediant selb lüge zu halß
3325 5061 4718 5241 hangen, daß der und vermöge, daß
3325 5153 4738 5312 zinß und zenden umb den halben theill
3322 5245 4687 5404 abgahn söllent, der und vermöge
3299 5352 3614 5481 das nit.
3279 5485 4676 5672 Item habe er zum Statthalter gredt,
3312 5607 4669 5773 wer nit wolle zu Inen stahn, deßen
3316 5702 4753 5863 haab und gut werde man angryffen
3334 5810 4680 5947 und den costen daruß bezahlen, da
3291 5900 4704 6064 ir Bund vermöge das. Er habe
