5472 7296
730 1410 957 1517 226.
972 1487 2694 1718 angetroffen, also daß ihnen ins gesambt wol
917 1632 2581 1818 Inweßen, daß dise beide Schiltk. vndt
928 1738 2582 1925 Hupscher, jetz ein gernne Zeit doharo
973 1854 2656 2064 iederweilen sich bei einanderen befunden,
992 1973 2682 2196 was sie aber miteinanderen verbracht
964 2097 2567 2304 seÿe Ihnen nit In weßen. Weder
978 2221 2610 2417 allein wirt von ermeltem Greiff
987 2337 2620 2521 auch diß bezeüget, daß er gehört,
985 2455 2586 2634 daß diser Hüpscher seiner mutter uff
991 2548 2626 2755 ein zeit gar faulen, schnöden und bösen
997 2673 2596 2894 bescheid geben, also daß er Vrsach ge¬
986 2778 2480 3005 nommen, ihne darüber zu beschelten
1004 2924 1824 3118 und abzumahnen.
961 3096 2606 3321 Im vorigen wüßins sy ins gemein diser sach
947 3254 2600 3434 halb anders mit zuzeugen: Weder daß
980 3339 2624 3537 ihnen in kurtzer Zeit dahero vnderschiedenliche
978 3464 2512 3644 sachen uß dem closter nächtlicher weil
998 3568 2599 3760 entfrömbdet worden seyen, als namlich
989 3672 2632 3863 die Bibel discatori, ein zuum gießfaß,
987 3788 2544 3968 dtlich mit Silber beschlagne Löffel, etliche
958 3894 2639 4082 Musicaliche Instrument, vnd ein handt¬
993 3989 2663 4193 oder sand uhren sambt anderen sachen mehr
993 4107 2669 4304 wer aber der thater deßelben, seye ihnen
978 4211 2002 4399 zur zeit nach unbewust.
894 4402 2638 4622 H. Josun zechender, klagt auch, daß ihme
957 4543 2638 4730 etliche Sachen beth Specificierlicher ver¬
929 4684 2579 4870 zeichnus auß seinem Summerhaus durch ge
957 4800 2528 5006 waltthätigen gebruch entfrömbdet
969 4924 2524 5105 worden seyen, wer aber der thuter
944 5020 2603 5223 deßelben, seye ihme nicht In weßen,
1006 5333 2514 5570 Abraham Fryman der Nagler.
867 5480 2615 5712 Ist den 22. auris 1685 nach dem er zuvor deß
936 5632 2583 5818 vernebten Speck. Diebstals halb, ledig ge¬
930 5735 2607 5929 laßen widerumb eingezogen, vnd seines ver¬
924 5841 2609 6045 dächtigen bösen ynzugs und sonderlich seiner mit
928 5956 2642 6131 Samuel Gerber gehabten gemeinschafft wegen,
941 6075 2580 6252 durch mehr nachts müller in bywesen.
922 6165 2618 6363 Iren Großweibels von Luternaw, auf ein
2264 6298 2581 6429 newen
2793 1949 2896 2055 10.
2745 2122 2997 2238 Samuet
2754 2203 3032 2334 Gerber
2768 3086 2883 3239 11.
2783 3534 2909 3656 12.
4535 1539 4699 1669 227
2992 1504 4680 1779 newes ernstewörtlich examiniert vndt befragt,
3063 1660 3324 1808 worden.
3616 1662 4662 1853 Hat aber anders nichts be¬
3067 1749 4731 1939 kennen noch anzeigen wollen, weder nachdem
4489 1905 4542 1983 16
3083 1863 4693 2059 ervormahls wegen des verbrachten stäck
3075 1967 4672 2163 Diebstals, in der gefangenschafft gewesen,
3061 2068 4712 2249 Seye gedachter Gerber zu vnderwiederlichen
3083 2190 4678 2367 malen zu ihme fürs koffen fenster komen,
3066 2289 4718 2468 vnnd ihne neben anderen, befragt, ob man
3065 2381 4715 2572 sie nicht auch von deß Kellers wegen, so am
3061 2469 4613 2677 Stalden geöffnet worden, Item von eines
3055 2598 4734 2775 geweßen selbernen gürtels wegen (den
3058 2695 4743 2905 er, sambt einem seckel mit 40 dublontz
3062 2834 4341 3018 furgezeigt, examinert habe
2975 2963 4763 3209 Item, er Gerber habe auch nach dem er deß ge
3066 3103 4734 3340 stolnen weis zu red worden, gsagt, seye froh
3063 3245 4097 3441 daß derselbige fort seye.
3072 3366 4779 3574 Item, an dem Tag, da der Gerber ihne uß
3063 3520 4773 3715 der gfangenschafft gelöst, habe er ihne im
3060 3602 4730 3802 sein hauß beschickt und under anderen zu
3091 3727 4823 3895 ihme geredt, man habe die rechten buben
3086 3821 4753 4026 nach nit, er für sein versohn wölle nit
3090 3929 4717 4126 warten, sonder sich fort machen, damit
3097 4038 4759 4234 er dem hencker nit under die hand kommen.
3021 4137 4800 4386 Item, als sie darüber mit einanderen an die
3071 4294 4808 4467 Matten in der Gerigen haus gangen, habe
3070 4405 4821 4607 er gehört, daß sie geredt, sie weiße wol
3061 4496 4751 4706 wo der gestollne Käs seye hinkommen,
3057 4613 4826 4838 derselbig seye in des schulmeister Bell¬
3070 4742 4641 4949 mundts Hans von Riggesperg getheilt
3047 4882 3428 5059 worden.
2964 4997 4769 5245 Item, wann Schilli zu ihme Perman kommen
3050 5149 4802 5321 habe er offtmalen, wann er kein gelt ghan
3055 5219 4797 5451 sein Pitschier, vnd vff ein Zeit ein par strieff,
3028 5358 4796 5574 und anders umb wein pfandtswegs ge
3071 5484 3749 5686 schickt vnd verseyt.
3074 5556 4729 5813 Diser Pryman ist, Lauth Rahts bevelches das
3105 5695 4765 5894 29. decembris 1655. auf erlag resi- Costens.
3084 5778 4776 6029 und bezahlung der bewüsten zweyen mu�gneten,
3047 5866 4763 6096 so ihme anvertrawt gewesen, und er pred
3056 5985 4740 6236 selig verwartet, mit einer starcken Consur
3092 6087 4791 6352 ledig gelaßen worden. Den 9. jan 1616
