5472 7296
629 1424 831 1565 50
783 2052 932 2231 1
1260 1476 1929 1713 ex aut
1055 1565 2133 1851 der ander und mitler bruder
1008 1854 2427 2069 So von gleicher ursach ynzogen worden,
1125 1955 2470 2154 all diß tags vf trewte Marter, Im
1030 2045 2489 2256 Strecke thuen, anders nicht bekandt, alß
1136 2144 2527 2360 was syn jüngster bruder hieuor angeben.
1087 2341 2507 2578 erzeigt sich nit nider rüerendt wegen
1123 2474 2412 2659 Diß auswurffs, pitet flächenlich
1127 2580 2488 2756 umb gnad. Weiß so wenig alß
1117 2678 2513 2888 syn junger bruder, war der forderst
1130 2768 2494 2981 gewesen oder den ersten wurf gethan
1156 2900 1941 3083 nach die er getroffen.
1102 3049 2499 3295 Ist auch ein mal lähr ufzogen worden.
1075 3314 2396 3521 Diser ist auch uf hiener bemeltem tag
1055 3440 2453 3638 von ir gen statt und landt eidlich ver
1114 3513 2246 3729 wigen worden, jedoch uf gnad hin.
1793 3817 1866 3980 .
902 3902 2292 4105 n 8. mer Menicht und
1064 4063 2334 4274 Jacob Lüscher beid
1413 4205 1915 4366 Von Arbūrg.
1040 4357 2436 4546 Dise beide haben sich vor etwas Zeits
1102 4499 2480 4652 Wegen interessirten Rebellionwesens,
1139 4584 2427 4736 vnd dannerhar besorgender straff,
1122 4669 2424 4834 ir auch land ein zeit lang geüßeret
1031 4752 2528 4926 volgents aber uff vernemmende oberkeit
1138 4876 2378 5010 liche citation widerumb in dz Land¬
1139 4936 2597 5097 vnd den 18. augusti 1613. vollents in Ir gut
1104 5055 2599 5209 Hauptstatt Bern gelaßen, weliche alsobald
1085 5140 2451 5297 als böse buben gfencklich ingezogen,
1147 5238 2440 5398 Vnd durch sehl. die verordneten
1138 5324 2512 5496 Examinatoren, den 20. vnd 31. gedun
1123 5444 2523 5555 monats irer verübten mißhandlungen.
1140 5531 2405 5685 ernstwirtig befragt worden,
1144 5629 2554 5833 Die haben nun bekent, wie volget:
1448 5766 1831 5963 Vrstlich
4530 1412 4736 1564 57
3113 1505 4316 1707 Vlli Bonnolust.
3265 1679 4692 1910 daß er für ein deß geschoßner von seiner
3301 1814 4749 2002 Gmeind an die Landtsgmeinden gan Huttigl
3299 1922 4718 2071 und langenthal geschickt worden, daß
3278 2010 4718 2186 selbst zu Guttwyl Er, Innamen seiner gmeind
3294 2105 4119 2287 den Bund geschworen.
3181 2334 3242 2436 .
3299 2235 4666 2453 u Langenthal aber seye er nit allein bim
3292 2381 4678 2540 Rathschlag gsin, da man der Oberkeit die
3311 2483 4690 2629 proviand abgeschlagen, vnd die fähs In¬
3312 2562 4704 2723 zunemmen befolchen, sondern habe auch selbsten
3304 2674 4628 2810 darzu rathen helffen. Wie dan do¬
3300 2754 4689 2926 mahlen auch abgerathen worden, sye, daß
3312 2859 4649 3001 man einiche protiant nit ins schloß
3289 2945 4098 3113 Arbūrg laßen solle.
3306 3061 4682 3221 Item was obenthalb Morgenthal sölle
3312 3172 4670 3306 für die Statt hauptstatt Hern, vnd an die
3332 3268 4691 3399 päss ziechen. Was aber undenthalb, die
3308 3371 4696 3527 Ergowischen Stett vnd pass daselbsten.
3328 3471 4283 3612 innemen und verwahren.
3238 3542 4616 3752 zu volg deßen dan sy auch vorhabens
3322 3672 4592 3838 gewesen, die drey Stett, hoffingen,
3315 3754 4525 3914 Arow vnd Brugg in zunemmen,
3306 3861 4551 4056 und habent zu solichen und die statt
3290 4002 4564 4138 Araw, damit sy daselbst den Wals
3316 4067 4624 4239 haben konnet, würcklich belegeret,
3207 4192 4697 4344 by welicher Belägerung er vor Venner
3139 4291 4732 4462 in der Arburgischen Compagnes gewesen.
3213 4499 4719 4675 Denne habe Er gleich wie andere, mit
3338 4611 4697 4800 gstimbt und rathen helffen, daß die Posten
3257 4717 4709 4889 zu Arburg ufgehalt vnd die brieffen
3333 4793 4705 5013 goffnet werdent, und seye er selbsten
3350 4898 4646 5076 dabej gewesen, als zwen brieffen
3358 5015 4093 5179 gröffnet worden.
3333 5130 4718 5341 Verners habe Er befelchen helffen, daß
3329 5233 4740 5453 herren obervogts knab, so von solten kommen ist
3322 5379 4397 5558 V zuhalten vnd Zuersuchen.
3344 5530 4652 5686 So habe er vff einmal zu Arburg die
3354 5587 4804 5767 Wacht vor dem Schloß gehalt vnd selbige
3379 5730 3895 5863 commandirt.
