5472 7296
499 1420 668 1550 158
673 4565 803 4781 d
838 1466 2247 1656 Caspar aberest undervogt zu Hentschicken Stofel
835 1577 2251 1728 Beeiner unndervogt zu Mörcken, sammel Müller
850 1660 2290 1835 zu Nider Lentz und Hanß Possert von Ottinsingen
660 1760 2285 1983 4. Gegen alß Hanß Heinrich Jahr zu Langenthal uß dem
820 1848 2299 2046 Keller gelaßen, da es eingespert worden, seye er
857 1958 2245 2117 uf einen tisch oder banck gestanden, mit vichlen
857 2045 2294 2214 protestainen, daß er es mit den Bauren halten
891 2154 2287 2332 auch daß er sich albereit mit dreyen eiden gegen
853 2248 2260 2411 ihnen verbunden, und züget auch Hanß Poßert noch
876 2356 2269 2518 verner, daß er fahr domalen noch gredt er habe
898 2440 2292 2611 mehr zu der rebellion dann sonst 4 geholffen
876 2562 2317 2721 und wann einer sage, daß er lindt sey, der
881 2652 2297 2826 sey so gerus cum venia) ein ketzer Schelm
877 2772 1395 2945 vnd ein dieb.
825 2902 2284 3130 Jacob Meyer der Gerber zu Ottmisingen
867 3043 2293 3199 zügete nochmahlen, wie er schon albereit hievor
888 3131 2248 3289 bekent und verrechen, daß alß er mit
907 3238 2249 3400 anderen mehr nacher Brunegg gang an
871 3331 2296 3509 seye Hanß Heinrich zahn uf einem pferdt ristende
852 3439 2284 3613 Dahar kommen, sprechende, er wolle wol solch
868 3534 2237 3709 bringen, er wolle nochmahlen gahn bir und
884 3639 2280 3817 lapfig, sy gicht nachen manen, sy werdind
882 3740 2203 3919 schon da syn, wie dann alß sy hinunder uf
872 3866 2194 4010 das Birfeld kommen, die anderen auch
900 3974 2189 4128 alda altereit vorhanden warent
847 4288 2114 4515 Caspar Kopp genant Güssiger
881 4439 2148 4622 Caspar von Son und Jacob Meyer
894 4559 2130 4734 genant Hans von Dindliken zeugen
844 4662 2101 4865 Daß Hanß Heinrich Zahn mit Jochnun
854 4796 2289 4974 Stirneman von Bur, alß sy us dem eigen
854 4923 2224 5128 ambt nacher Otmensingen kommen und
899 5051 2230 5234 geritten, sy domalen alles ufgemant
863 5183 2198 5376 daß sy nacher Windisch dem fahr zu glei
866 5315 2175 5475 söllen. Dann die Züricher vnd dero
878 5426 2239 5612 Völlter seyen albereit vorhanden, daß
875 5529 2241 5748 sy über das waßer setzen söllen wollen.
896 5628 2212 5880 auch die im ambt eigen seyen albereit
873 5783 2277 6008 ufgebrochen. Item alß der angriff vor
4186 1410 4378 1564 19.
2852 1462 4296 1654 Mellingen beschehen solte, ist Hanß Heinrich
2850 1578 4339 1771 zahn von einem hauffen zum anderen gredten,
2884 1679 4308 1903 sy ufgemunteret, daß wann sy drey schutz
2914 1811 4409 1999 uß deß Lewenbergers leger hören werden.
2856 1900 4401 2128 daß sy dran ziehen und rechlich angryffen sollen.
2871 2027 4390 2231 So habe er zahn auch anordnung gethan, daß sy
2899 2155 4378 2362 zum anderen mal strauw und uf ein mal
2929 2279 4425 2478 laubest uf ihre hat stuken müeßen. Es ver-
2954 2382 4450 2600 meldet auch Jacob Meyer genant Hanß vorge-
2914 2522 4460 2755 gmelt absönderlich, alß er von Albrecht köllen
2925 2680 4423 2871 von Nider Lentz dem fahr zugeschickt worden.
2917 2793 4472 3002 daß der friden gemacht und die wachten abziechen
2946 2918 4512 3160 sollen, seye imme Hanß Heinrich ahn uf einem schwartz
2940 3047 4501 3271 Pferdt rittendt und erwegs begegnet, der imme
2932 3178 4473 3381 solche zeitung vermeldet, daruf gedachter
2917 3313 4470 3582 jahr geantwortet, es seye nichts daran dann
2969 3422 4431 3663 die Volker muessen zue nit us dem Veld
2954 3570 4465 3773 dann es komme alles schwartz daher, so er
2958 3737 4469 3967 Bezeng aber ohngeacht deßen die wacht
2996 3888 4353 4105 nacher hauß zu ziechen befolchen habe.
3161 4302 3431 4478 Sauter
2896 4334 4361 4579 . Welcher by den oberen Ester zu Sur
2992 4466 4486 4711 züget, alß vor etlicher abgeloffner zeit
2969 4600 4452 4824 deß Rudi Widmers von Gräuchen Hanß
2985 4718 4609 4954 gebrunnen, seye Hanß Heinrich zahn umb einliffe
3007 4865 4611 5114 sohren nachts zu seinem haus kommen und in
2991 4980 4493 5220 für passieren imme zum leidten mal
2996 5108 4609 5384 gerüefft und darzu gesprochen, behüete unß
3000 5261 4638 5516 Gott es hatt gefalt und alß sy mit einanderen
3053 5395 4612 5639 nacher Gr�nichen geloffen, Hanns Hanß Heinrich
2990 5541 4612 5818 sahn zu imme Suter gesagt, es sy deß Rudi
3029 5682 4643 5907 Widmers haus das da br�nt und wann
