5472 7296
930 3762 975 3833 .
671 1411 915 1545 220
869 1470 2684 1732 Im 3. Cramen, Welches den 13. decembr
997 1638 2624 1851 1655. durch ich Rahtsher Müller, in by
986 1757 2652 1941 wesen Irn Großweibels von Luternauw,
922 1864 2648 2029 Iren haubtman Hans Rudolffs von Erlach, und
935 1966 2672 2191 hen Anthom kilchbergers gehalten worden.
1689 2204 1739 2308 c
911 2219 2609 2427 Hatt gedachter Schillin volgender
925 2327 2340 2532 maßen bekendt vnd angezeigt:
856 2511 2625 2762 Es seye (leider nit weniger, dann daß er das
982 2671 2634 2833 hieuor anzogne Holändische kamer-thuch, mit
641 2759 921 2923 Gerber
973 2781 2644 2962 Hilf und zu thun sammel Gerbers und Johannes
964 2879 2634 3066 Zieglers vorstaht, aus des Weibel Bruners
962 2994 2595 3185 Keller by nacht und näbel entfrömbden
962 3113 1294 3261 helffen.
937 3232 2664 3463 die beide habindt auch domalen auß selbigem
952 3402 2534 3588 Keller, Jeder ein geltem mit wei
971 3540 1382 3666 genomen.
971 3631 2596 3822 das bedent gestollne thuch, welches sie in 3.
979 3791 2599 3971 gleiche theil getheilt, vnd von welchem iedem
996 3890 2616 4072 by den 6. oder 27 ellen worden, betreffent,
661 3992 941 4127 Gerber
1025 4007 2553 4180 Seye selbiges in des Gerbers Haus ge¬
1005 4128 2614 4291 bliben, vnd seines erachtens, in der Nebend
2519 4299 2598 4384 .
989 4220 2529 4413 stuben in einer Goffren annoch zufinden
994 4340 2602 4530 also daß ihme zur Zeit noch nichts daruon
994 4474 1314 4608 worden.
927 4549 2580 4779 Daß aber er Schilpli diseren diebstal an¬
672 4688 759 4803 4.
1012 4719 2534 4894 fencklich verlaugnet, seye die Vrsach
962 4812 2602 5002 daß zwo nacht vor seiner ersten exam
980 4935 2500 5110 naon, gedachter Gerber zum Dritten
630 4918 939 5100 Gerber
982 5017 2666 5222 mal, zu ihme für die gfangenschafft kommen,
967 5136 2651 5321 mit befrauwen, daß, wann er ihre an¬
945 5253 2589 5444 gebe, vnd sein Namen ins thurnbuch einge¬
965 5382 2556 5575 gschriben werde, er ihne erstechen undt
962 5493 2172 5671 vmbs leben bringen wolle.
865 5621 2649 5868 Den argwohn belangendt, so wegen gstolnen
816 5780 2567 5969 anckens uff ihne und Hanßen lenger ge
935 5889 2549 6072 worffen worden, seye er deßelben gantz
931 6002 2623 6180 vnschuldig, vnd gescheche ihme hierdurch zu kurtz
937 6096 2628 6289 habe auch in dergleich sachen, niemalen kein ge¬
944 6209 2638 6365 menscht mit ihme zeüger gehabt, noch mit ihme
940 6294 2117 6497 etwas böses verbringen helffen.
2318 6386 2550 6557 Allein
2759 4551 3016 4683 Baruel
2768 4659 3031 4805 Gerber
2834 4817 2931 4919 5.
2858 5202 2899 5344 6
2818 5775 2940 5899 6.
4518 1570 4708 1697 221
2935 1558 4647 1812 Allein vor ungefahr einem jar, habe er von
3016 1725 4697 1962 Christoffel Gerig gehört, daß er gsagt,
3051 1834 4654 2029 Darndt Schelknecht, der student und Jacob
2720 1925 2948 2055 sandt
3052 1964 4684 2192 Hüpscher der Schärer (weliche jederweilen
2740 2008 2993 2145 schilten
3048 2079 4545 2287 wil gemeinschafft mit einanderen habindt
2726 2118 2959 2263 Jacob
3071 2196 4749 2386 leigen einen schlußell, darmit sie die kam
2753 2234 3043 2386 Hüpschen
3085 2316 4651 2534 merli an der ancken-waag auf thuen
3086 2440 3451 2585 kmeindt.
3029 2542 4764 2766 mit, welchem sie auch uff ein zeit aus einem ge
3066 2691 4748 2846 wüßen käller am stalden, einen sehr großen
3066 2783 4740 2945 käme und etwas weins genommen und anstatt
3075 2912 4698 3068 deßelben waßer darein geschuldet, der
3087 3010 4770 3187 Ras aber seye ins Hüpschers haus getragen,
3095 3125 4273 3322 vnd daselbsten geßen worden.
3074 3310 4779 3490 Es seye zwar er schilpli auch darby gsin, da
3110 3428 4751 3624 sie beide Hüpscher und schiltknecht, disers
3089 3540 4748 3744 Schlußels vnd diebstals halb, in sein Hüpschers
3117 3667 4820 3833 Schärstuben mit einanderen in Latem geredt,
3108 3772 4791 3981 weilen ers aber nicht volkommen verstunde
3090 3885 4833 4092 habe ihme selbiges gedachter Gerig, vff
3113 3999 4777 4208 befragen hin, obgehörter maßen ange¬
3089 4120 4688 4311 zeige, welches er ihnen vnder mundts
3089 4243 3846 4448 erhalten wolle.
3056 4479 4805 4666 Im vbrigen habe auch Samuel Gerber ihme
3070 4607 4862 4734 vmeldet und angezeigt, daß er an einem
3074 4702 4919 4885 grußen orth, ein Connenhäring 50 lb. Bonn
3077 4830 4881 5024 ol und vil Sayssen, item an einem anderen orth
3078 4951 4828 5140 ein fäßli mit rothem wein auß einem vor
3081 5065 3957 5242 keller genomen habe.
3127 5140 4895 5292 Verners, daß er getroüt, er wolle seinem
3096 5251 4863 5441 bruder über das selber gschir gahn und der
3097 5358 4891 5554 Hen seinem Schwacher, so bald er glegenheit habe,
3097 5466 3544 5643 einbrechen.
3032 5549 4782 5773 Item er habe ihme gerüembt, er könne sich
3111 5676 4866 5861 unsichtbar machen, und habe drey schlüßel
3094 5785 4806 5976 darmit er alle gemach auf thun könne.
3057 5886 4835 6102 ußert oberzeltem späck- und tuch diebstal
3044 6018 4839 6223 habe er schëlplin weder für sich selbs, noch mit
3061 6129 4748 6295 ihme gerber oder anderen nit weiters
3089 6267 4203 6454 dergleichen bringen helffen.
