5472 7296
533 1371 728 1492 150
933 1389 2330 1607 Gestalten Er seinem verbrechen gemäs, mit
1007 1524 2329 1660 namen vnd zunamen an folgen das hochgricht
987 1607 2377 1747 Zuhefften albereit veruhrtheilt auch wurck
1000 1699 1794 1828 lich vollstreckt worden.
2055 1698 2327 1849 lißen
1005 1766 2308 1907 alleßin aber vngeacht er sich vngeschucht
1009 1866 2374 2009 widerumb in sein hauß zu Entfelden begeben
999 1943 2259 2125 sich auch so lang darinn enthalten, biß er
1277 2032 1480 2106 widerumb
997 2018 2409 2180 entlichen ergriffen, vnd daruff gwarsam
1021 2126 2256 2283 lich in Ir gut Statt gebracht, Auch
974 2209 2238 2369 Volgents den 22 Jul. July vnd
971 2289 2337 2455 1614. vß hochgedacht In gl.
1003 2407 2368 2559 befelch über sein verbrechen ernstwortig
1700 2484 2331 2634 Vnd Wie woln Er
1020 2492 1691 2644 examinit worden.
1015 2570 2289 2719 alles das Jenige, so er hieuor drunden zu
950 2662 2302 2811 Lentzburg verzeichen, widerumb gantz
2234 2769 2287 2838 .
1035 2749 2238 2899 frach gelaugnet, vnd sein erzeigte
996 2826 2360 2974 Untruer an der hochen oberkeit, mit vilem
1031 2913 2232 3076 vnnutzen schwätzen beschönen wollen,
539 3004 2220 3188 4den 2428. tag att er doch entlichen in bysyn nichtt
999 3090 2292 3255 Iten damid Müllers des kleinen herren
562 3148 950 3276 und 2 angett.
1015 3181 2289 3334 Hans Ludwig herbers herren Abraham
1023 3266 2181 3413 Im Hofs zu alt Großweibels von
1022 3326 2271 3492 Wattenweil vnd deß jetzig zu Groß
1038 3420 2176 3563 weibels von Luternow, auch des
1032 3520 2288 3670 großen Raths, auch anderen Ir gut¬
1025 3596 2289 3761 burgeren vnd dieneren, mit vnd ohne
1038 3692 2126 3834 Marter bekent, wie Volget.
967 3826 2401 4023 Erstend, als der Pflauff, da die Basler nach
1002 3949 2343 4059 Arawr kommen zu schöfftland entstanden und
1020 4040 2307 4177 durch die daselbst in der nacht gehaltne
997 4126 2333 4260 Gmeind abgerathen worden, daß man
1030 4199 2401 4344 vff fraw zuziechen solle, sye er obgleich¬
1028 4286 2331 4414 wol krancknen Leibs, als der hruor in die
1015 4372 2368 4500 13. Tag ein Rethliger gewesen) auch mit
1026 4451 2345 4602 einer musgnet dahin gezogen, sich aber nit
1024 4522 2397 4690 lang daselbsten ufgehalten, sondern widerumb
1024 4630 2344 4781 alsbalden, sie das übrig volck abzogen,
1029 4715 1669 4866 nacher hauß gangen
939 4903 2347 5072 Denne sye er von sich selbsten und hiemit
1014 5021 2301 5154 vngeheißen, zum anderen mahl an die
1006 5105 2380 5241 landtsgmeind nacher Huttwyl gangen, alwo
1016 5178 2352 5305 er gleich wie andere, als man den Wund
1016 5275 2313 5428 geschworen, die hand ufghabt, doch aber
976 5365 2300 5517 die domahlen grausammen vorgesprochen
1014 5458 2293 5605 wort nit nachgesprochen und also bey
996 5542 2072 5711 disem Bundschweren gefühlet.
4357 1395 4516 1493 151.
3096 1476 4354 1693 volgents von diser landtsgmeind habe er sich
3100 1601 4495 1775 zu der zu langenthal gehaltnen landtsgmeind
3109 1665 4461 1844 verfügt, vndaselbst er weg gwüßen vff Inne
3103 1779 4528 1904 gefassen argwohns, als ob mit der oberkeit
3108 1840 4488 2019 hielte, die ein Keller gespert, aber vffen abent
3109 1934 4517 2074 widerumb hinußgelaßen worden, an welche
3101 2009 4446 2172 landtsgmeind er gehört rathen, daß man
3109 2100 4509 2236 weder der Statt Bern, noch der Statt Araw,
3134 2189 4543 2350 mich proviant mehr gefolgen laßen sölle.
3097 2323 4536 2497 Verners sye er am letsten vfstand nacher Fraw,
3109 2437 4527 2587 von Heini Lüscher Cuni Peters sohn angemahnt
3130 2527 4509 2670 worden, uß befelch vogt Schälis und anderer
3126 2616 4507 2775 mehr, mit Ime nacher Köllicken und Holtziken
3111 2703 4525 2874 zurythen, vmb die Völiker daselbsten ufzu¬
3126 2806 4520 2967 mahnen, so er verrichtet, vnd von dannen mit
3125 2894 4448 3036 einem Zedel an Vndervogt Löscher genant
3084 2995 4514 3126 Lingg nach Staffelbach verritten, welcher
3116 3072 4484 3221 den zedel alsbald ufgethan, gelesen, vnd zu
3113 3150 4293 3304 fürgesprochen, ob es einest zeit seye.
3118 3241 4475 3390 woruff er sich verners nacher Reitnow,
3134 3343 4486 3478 vnd volgents widerumb ins läger gan¬
3126 3429 3522 3554 Zuhr begeben
3101 3552 4598 3729 Ebenmeßig sye er auch mit Johne Stirnenman
3127 3681 4460 3805 uf Moricken zu gritten, des Sproßen und
3119 3746 4480 3887 zicken daselbst befragt, ob sy wüßent
3135 3824 4482 3974 daß die in ampt eigen, das jahr bei
3145 3938 4318 4045 Windisch selbst verwach wöllent.
3131 4056 4461 4190 Nit weniger sye er mit obigem Stirnenman
3135 4179 4473 4304 uß befelch undervogt Gyßins ins ampt
3117 4246 4536 4394 seigen gritten, vnd Inen angehalten, daß sey
3158 4326 4507 4471 selbsten Ir fahr zu Windisch vor frömden
3132 4413 4598 4576 überfahl bewachen wöllent, widrigen fahls
3143 4531 4593 4662 die im suhrenthal bei 1 dörffer gehinnet,
3142 4609 4567 4751 Inen in Ir land zu ziechen vnd das Jahr zu be¬
3117 4679 4528 4836 wahren, in welichem fahl dan das frig
3156 4782 4079 4917 mechtig verderbt wurde.
3129 4952 4568 5126 seine habe Siman fischer der undervogt zu Seng
4490 5087 4530 5141 .
3157 5062 4488 5194 vff ein Zeit fürgebracht, wie daß er zu
3130 5142 4546 5301 Arawr bej den vndervögt im Schenckenberger¬
3096 5218 4608 5373 Ampt gewesen, vnd von Inen vernommen, daß
3154 5321 4608 5464 sy nit wüßen mögen, was man zusamen ge¬
3179 5409 4579 5585 chworen, deßwegen beide vndervögt von
3123 5507 4590 5676 Schöfftland vnd Soffenweil, Inne Zahnen vnd
3099 5608 4482 5764 Hans Schurman, mit zweyen Schreib an
3141 5647 4592 5873 undervogt Amsler von Schintznach geschickt
