<?xml version="1.0" encoding="UTF-8" standalone="yes"?>
<PcGts xmlns="http://schema.primaresearch.org/PAGE/gts/pagecontent/2013-07-15" xmlns:xsi="http://www.w3.org/2001/XMLSchema-instance" xsi:schemaLocation="http://schema.primaresearch.org/PAGE/gts/pagecontent/2013-07-15 http://schema.primaresearch.org/PAGE/gts/pagecontent/2013-07-15/pagecontent.xsd">
    <Metadata>
        <Creator>prov=University of Rostock/Institute of Mathematics/CITlab|PLANET AI GmbH/Gundram Leifert/gundram.leifert@planet-ai.de:name=German_Kurrent_XVI-XVIII_M1(htr_id=19584)::::v=2.6.6
prov=University of Rostock/Institute of Mathematics/CITlab|PLANET AI GmbH/Tobias Gruening/tobias.gruening@planet-ai.de:name=de.uros.citlab.module.baseline2polygon.B2PSeamMultiOriented:v=2.6.6
prov=University of Rostock/Institute of Mathematics/CITlab|PLANET AI GmbH/Tobias Gruening/tobias.gruening@planet-ai.de:name=/net_tf/LA73_249_0mod360.pb:de.uros.citlab.segmentation.CITlab_LA_ML:v=2.6.6
Transkribus</Creator>
        <Created>2020-10-05T15:04:07.296+02:00</Created>
        <LastChange>2022-09-09T16:02:40.940+02:00</LastChange>
        <TranskribusMetadata docId="1334831" pageId="52361556" pageNr="129" tsid="114643339" status="IN_PROGRESS" userId="9570" imgUrl="https://files.transkribus.eu/Get?id=KMSOOHBOQPUWLBUAAQRMUKUL&amp;fileType=view" xmlUrl="https://files.transkribus.eu/Get?id=SFXFHVGILYBSMSLOEBTUQRPD" imageId="16067749"/>
    </Metadata>
    <Page imageFilename="Turmbuch_StAB B IX 476_00129-20200925_084457.jpg" imageWidth="5472" imageHeight="7296">
        <ReadingOrder>
            <OrderedGroup id="ro_1687513731998" caption="Regions reading order">
                <RegionRefIndexed index="0" regionRef="r1"/>
                <RegionRefIndexed index="1" regionRef="r2"/>
                <RegionRefIndexed index="2" regionRef="r3"/>
                <RegionRefIndexed index="3" regionRef="r4"/>
            </OrderedGroup>
        </ReadingOrder>
        <TextRegion orientation="0.0" id="r1" custom="readingOrder {index:0;}">
            <Coords points="616,5750 616,5926 790,5926 790,5750"/>
            <TextLine id="r1l1" custom="readingOrder {index:0;}">
                <Coords points="613,5936 639,5933 663,5909 680,5905 716,5861 740,5874 777,5878 784,5868 804,5865 789,5755 762,5768 742,5757 730,5770 718,5760 646,5824 630,5817 598,5829"/>
                <Baseline points="616,5876 645,5868 674,5864 703,5859 732,5856 761,5853 790,5850"/>
                <TextEquiv>
                    <Unicode>hievor</Unicode>
                </TextEquiv>
            </TextLine>
            <TextEquiv>
                <Unicode>hievor</Unicode>
            </TextEquiv>
        </TextRegion>
        <TextRegion orientation="0.0" id="r2" custom="readingOrder {index:1;}">
            <Coords points="638,1434 638,1608 822,1608 822,1434"/>
            <TextLine id="r2l1" custom="readingOrder {index:0;}">
                <Coords points="629,1567 657,1558 698,1577 711,1559 763,1562 783,1546 834,1539 818,1433 787,1436 772,1454 758,1453 730,1475 708,1465 688,1482 673,1470 651,1471 637,1485 617,1488"/>
                <Baseline points="638,1558 664,1555 690,1551 716,1546 743,1541 769,1537 795,1535 822,1534"/>
                <TextEquiv>
                    <Unicode>152</Unicode>
                </TextEquiv>
            </TextLine>
            <TextEquiv>
                <Unicode>152</Unicode>
            </TextEquiv>
        </TextRegion>
        <TextRegion orientation="0.0" id="r3" custom="readingOrder {index:2;}">
            <Coords points="844,1665 844,5976 2644,5976 2644,1665"/>
            <TextLine id="r3l1" custom="readingOrder {index:0;}">
                <Coords points="852,1776 1411,1720 1540,1778 1758,1711 1871,1764 1973,1698 2632,1861 2648,1766 2212,1592 855,1672"/>
                <Baseline points="864,1722 952,1724 1041,1724 1129,1722 1218,1720 1307,1718 1395,1716 1484,1714 1572,1712 1661,1710 1750,1710 1838,1710 1927,1713 2015,1716 2104,1723 2193,1730 2281,1741 2370,1753 2458,1771 2547,1790 2636,1814"/>
                <TextEquiv>
                    <Unicode>zu seinem weibe geben vnd verplen wollen,</Unicode>
                </TextEquiv>
            </TextLine>
            <TextLine id="r3l2" custom="readingOrder {index:1;}">
                <Coords points="846,1851 1035,1914 1126,1851 1329,1888 1526,1834 1682,1886 1923,1833 2642,1933 2644,1860 2345,1835 2158,1720 1845,1788 1698,1728 1565,1789 1316,1745 1214,1804 848,1806"/>
                <Baseline points="858,1838 946,1836 1035,1835 1124,1832 1212,1830 1301,1828 1390,1826 1478,1826 1567,1824 1656,1824 1745,1825 1833,1826 1922,1830 2011,1834 2099,1839 2188,1846 2277,1856 2365,1867 2454,1879 2543,1895 2632,1912"/>
                <TextEquiv>
                    <Unicode>weniger daß er dise orths einige an¬</Unicode>
                </TextEquiv>
            </TextLine>
            <TextLine id="r3l3" custom="readingOrder {index:2;}">
                <Coords points="838,1995 1350,2034 1491,1992 1577,2040 1773,1945 1888,1998 1975,1948 2558,2015 2559,1935 2345,1883 2038,1909 1917,1832 1630,1896 1240,1846 840,1913"/>
                <Baseline points="850,1956 934,1957 1019,1956 1104,1956 1189,1954 1274,1952 1358,1950 1443,1948 1528,1947 1613,1946 1698,1944 1782,1944 1867,1946 1952,1948 2037,1950 2122,1956 2206,1961 2291,1970 2376,1979 2461,1991 2546,2006"/>
                <TextEquiv>
                    <Unicode>werbūng gethan habe. welches</Unicode>
                </TextEquiv>
            </TextLine>
            <TextLine id="r3l4" custom="readingOrder {index:3;}">
                <Coords points="833,2162 1040,2093 1572,2119 1652,2061 1936,2083 2071,2158 2222,2087 2515,2086 2264,1967 1962,2034 1749,1956 1623,2048 1490,1999 1423,2039 833,2009"/>
                <Baseline points="844,2082 927,2084 1010,2084 1093,2084 1176,2084 1259,2082 1342,2080 1425,2078 1508,2076 1591,2074 1674,2072 1757,2072 1840,2070 1923,2070 2006,2070 2089,2072 2172,2074 2255,2078 2338,2084 2421,2091 2504,2098"/>
                <TextEquiv>
                    <Unicode>zusambt vorigen beuor geschribnen</Unicode>
                </TextEquiv>
            </TextLine>
            <TextLine id="r3l5" custom="readingOrder {index:4;}">
                <Coords points="872,2249 1209,2198 1338,2245 1493,2216 1655,2298 1826,2210 2201,2199 2531,2270 2531,2208 2449,2166 1970,2179 1842,2108 1746,2159 1633,2072 1322,2096 1234,2160 976,2100 872,2164"/>
                <Baseline points="884,2212 965,2214 1047,2214 1129,2214 1211,2214 1293,2212 1374,2210 1456,2208 1538,2206 1620,2204 1702,2202 1783,2200 1865,2200 1947,2200 2029,2200 2111,2202 2192,2206 2274,2212 2356,2217 2438,2226 2520,2236"/>
                <TextEquiv>
                    <Unicode>beiders bekendten, vnd recierten</Unicode>
                </TextEquiv>
            </TextLine>
            <TextLine id="r3l6" custom="readingOrder {index:5;}">
                <Coords points="1808,2286 1819,2286 1856,2261 1872,2263 1885,2254 1903,2265 1923,2253 1956,2260 1956,2202 1920,2202 1898,2218 1873,2203 1849,2219 1836,2219 1827,2210 1807,2213"/>
                <Baseline points="1818,2254 1843,2252 1869,2250 1894,2251 1920,2252 1946,2250"/>
                <TextEquiv>
                    <Unicode>ein s</Unicode>
                </TextEquiv>
            </TextLine>
            <TextLine id="r3l7" custom="readingOrder {index:6;}">
                <Coords points="1988,2270 2001,2268 2004,2270 2010,2263 2019,2261 2026,2265 2035,2261 2039,2256 2050,2256 2050,2214 2039,2214 2035,2217 2015,2199 1988,2201"/>
                <Baseline points="2000,2252 2040,2252"/>
                <TextEquiv>
                    <Unicode>hen</Unicode>
                </TextEquiv>
            </TextLine>
            <TextLine id="r3l8" custom="readingOrder {index:7;}">
                <Coords points="890,2389 1646,2310 1777,2383 2084,2314 2246,2330 2372,2423 2501,2360 2656,2409 2656,2283 2317,2287 2201,2199 2103,2270 1828,2283 1726,2237 1367,2297 1192,2198 890,2258"/>
                <Baseline points="900,2332 987,2334 1074,2336 1161,2334 1248,2332 1336,2330 1423,2327 1510,2324 1597,2320 1684,2317 1772,2314 1859,2312 1946,2310 2033,2310 2120,2311 2208,2314 2295,2319 2382,2326 2469,2336 2556,2348 2644,2364"/>
                <TextEquiv>
                    <Unicode>Punckten, er an der Marter erhalten</Unicode>
                </TextEquiv>
            </TextLine>
            <TextLine id="r3l9" custom="readingOrder {index:8;}">
                <Coords points="856,2486 1018,2463 1316,2545 1615,2449 2099,2437 2252,2543 2376,2452 2620,2498 2620,2430 2480,2381 2374,2423 2178,2331 2032,2380 1896,2322 1770,2378 1706,2331 856,2373"/>
                <Baseline points="868,2458 955,2460 1042,2458 1129,2458 1216,2456 1303,2454 1390,2450 1477,2447 1564,2444 1651,2440 1738,2438 1825,2436 1912,2436 1999,2436 2086,2436 2173,2439 2260,2444 2347,2450 2434,2459 2521,2470 2608,2482"/>
                <TextEquiv>
                    <Unicode>vnd bestätiget hat. Actum vt subra¬</Unicode>
                </TextEquiv>
            </TextLine>
            <TextLine id="r3l10" custom="readingOrder {index:9;}">
                <Coords points="874,2736 1091,2669 1198,2740 1435,2655 1540,2705 1816,2650 2037,2705 2364,2652 2538,2696 2536,2539 2373,2614 2317,2566 1820,2588 1591,2538 1403,2633 1252,2569 1090,2609 980,2535 872,2567"/>
                <Baseline points="884,2668 966,2670 1048,2670 1130,2670 1212,2670 1294,2668 1376,2666 1458,2663 1540,2660 1622,2658 1705,2656 1787,2653 1869,2652 1951,2650 2033,2648 2115,2648 2197,2650 2279,2652 2361,2654 2443,2659 2526,2666"/>
                <TextEquiv>
                    <Unicode>Den 7. junii 1656 ist dise vergicht nichten</Unicode>
                </TextEquiv>
            </TextLine>
            <TextLine id="r3l11" custom="readingOrder {index:10;}">
                <Coords points="2536,2691 2554,2689 2560,2696 2567,2696 2580,2707 2592,2707 2592,2598 2574,2600 2554,2587 2536,2585"/>
                <Baseline points="2548,2674 2580,2674"/>
                <TextEquiv>
                    <Unicode>.</Unicode>
                </TextEquiv>
            </TextLine>
            <TextLine id="r3l12" custom="readingOrder {index:11;}">
                <Coords points="906,2782 1265,2755 1465,2812 1791,2749 1967,2801 2208,2742 2488,2764 2487,2697 2390,2725 2274,2666 2032,2714 1426,2670 1205,2738 1085,2681 905,2711"/>
                <Baseline points="916,2758 994,2759 1072,2759 1150,2758 1228,2758 1306,2758 1384,2756 1462,2755 1540,2754 1618,2752 1696,2752 1774,2750 1852,2750 1930,2748 2008,2748 2086,2748 2164,2748 2242,2750 2320,2750 2398,2752 2476,2754"/>
                <TextEquiv>
                    <Unicode>Räth und Burgeren vorgelesen, vnd daruff</Unicode>
                </TextEquiv>
            </TextLine>
            <TextLine id="r3l13" custom="readingOrder {index:12;} person {offset:28; length:12;}">
                <Coords points="913,2905 1424,2833 1879,2912 1930,2863 2143,2902 2344,2842 2566,2919 2611,2781 2309,2806 2198,2747 1967,2800 1790,2750 1215,2811 1144,2762 913,2818"/>
                <Baseline points="924,2846 1007,2848 1091,2850 1175,2850 1259,2850 1343,2849 1426,2848 1510,2846 1594,2845 1678,2842 1762,2842 1845,2840 1929,2839 2013,2838 2097,2838 2181,2840 2264,2842 2348,2844 2432,2848 2516,2853 2600,2860"/>
                <TextEquiv>
                    <Unicode>erkent worden. Daß besagter Jacob Martin</Unicode>
                </TextEquiv>
            </TextLine>
            <TextLine id="r3l14" custom="readingOrder {index:13;}">
                <Coords points="933,2967 1405,2955 1499,3023 1603,2962 1931,2937 2604,2975 2603,2900 2354,2851 2099,2904 1930,2861 1884,2906 1200,2856 932,2910"/>
                <Baseline points="944,2942 1026,2946 1108,2950 1191,2951 1273,2952 1356,2951 1438,2950 1520,2948 1603,2946 1685,2944 1768,2941 1850,2938 1932,2936 2015,2934 2097,2934 2180,2934 2262,2934 2344,2936 2427,2940 2509,2945 2592,2952"/>
                <TextEquiv>
                    <Unicode>mit ruthen ußgeschmeist, mit dem B. bezeichnet</Unicode>
                </TextEquiv>
            </TextLine>
            <TextLine id="r3l15" custom="readingOrder {index:14;}">
                <Coords points="911,3073 1370,3052 1597,3107 2031,3029 2562,3054 2561,2963 2326,2985 2268,2942 1665,3007 1405,2954 910,2969"/>
                <Baseline points="922,3038 1003,3042 1084,3044 1166,3046 1247,3046 1329,3046 1410,3044 1491,3044 1573,3042 1654,3040 1736,3038 1817,3036 1898,3034 1980,3033 2061,3032 2143,3030 2224,3030 2305,3028 2387,3030 2468,3030 2550,3032"/>
                <TextEquiv>
                    <Unicode>und eidtlich von ir gut statt und land, auch</Unicode>
                </TextEquiv>
            </TextLine>
            <TextLine id="r3l16" custom="readingOrder {index:15;} place {offset:29; length:9;}">
                <Coords points="899,3200 992,3150 1214,3185 1571,3143 1713,3190 2021,3131 2224,3189 2298,3139 2410,3182 2525,3139 2524,3090 2380,3096 2317,3041 1987,3032 1597,3110 897,3060"/>
                <Baseline points="910,3146 990,3146 1070,3146 1150,3144 1230,3144 1311,3142 1391,3140 1471,3140 1551,3138 1631,3136 1712,3135 1792,3134 1872,3132 1952,3132 2032,3131 2113,3130 2193,3130 2273,3130 2353,3130 2433,3132 2514,3132"/>
                <TextEquiv>
                    <Unicode>sonderlich mit nammen uß dem Buhegberg,</Unicode>
                </TextEquiv>
            </TextLine>
            <TextLine id="r3l17" custom="readingOrder {index:16;}">
                <Coords points="867,3309 951,3255 1154,3304 1384,3238 1746,3302 2205,3208 2272,3261 2580,3247 2579,3174 2486,3139 2415,3197 2368,3151 2118,3191 2022,3131 1747,3191 866,3155"/>
                <Baseline points="878,3248 962,3244 1047,3239 1131,3236 1216,3234 1300,3231 1385,3228 1469,3228 1554,3226 1638,3226 1723,3224 1807,3224 1892,3224 1976,3226 2061,3226 2145,3226 2230,3228 2314,3228 2399,3230 2483,3230 2568,3232"/>
                <TextEquiv>
                    <Unicode>uffennig verwisen werden sölle. So beschehen</Unicode>
                </TextEquiv>
            </TextLine>
            <TextLine id="r3l18" custom="readingOrder {index:17;}">
                <Coords points="898,3403 959,3376 1022,3412 1071,3407 1138,3356 1226,3397 1289,3368 1374,3383 1464,3350 1461,3273 1407,3257 1364,3287 1225,3259 1156,3307 1046,3275 952,3321 918,3302 894,3312"/>
                <Baseline points="906,3352 933,3351 960,3349 987,3347 1015,3346 1042,3343 1069,3341 1097,3340 1124,3340 1151,3338 1179,3338 1206,3336 1233,3336 1260,3334 1288,3334 1315,3334 1342,3332 1370,3332 1397,3332 1424,3332 1452,3332"/>
                <TextEquiv>
                    <Unicode>tags abstath.</Unicode>
                </TextEquiv>
            </TextLine>
            <TextLine id="r3l19" custom="readingOrder {index:18;} person {offset:0; length:12;}">
                <Coords points="1094,3659 1467,3663 1511,3631 1850,3662 1888,3695 2070,3654 2069,3561 1858,3511 1799,3567 1652,3519 1452,3568 1246,3511 1093,3586"/>
                <Baseline points="1104,3648 1151,3646 1199,3643 1247,3641 1294,3640 1342,3640 1390,3638 1437,3638 1485,3638 1533,3638 1581,3638 1628,3638 1676,3638 1724,3638 1771,3638 1819,3638 1867,3638 1914,3638 1962,3637 2010,3636 2058,3634"/>
                <TextEquiv>
                    <Unicode>Anna Handtli</Unicode>
                </TextEquiv>
            </TextLine>
            <TextLine id="r3l20" custom="readingOrder {index:19;} person {offset:0; length:11;} place {offset:16; length:10;}">
                <Coords points="890,3797 1112,3754 1795,3800 1875,3755 1975,3799 2501,3758 2385,3652 2119,3720 2019,3655 1859,3722 1597,3646 1509,3698 1417,3656 890,3711"/>
                <Baseline points="902,3754 981,3754 1060,3754 1140,3754 1219,3754 1299,3754 1378,3754 1457,3754 1537,3752 1616,3752 1696,3752 1775,3752 1854,3752 1934,3750 2013,3750 2093,3750 2172,3748 2251,3747 2331,3746 2410,3744 2490,3742"/>
                <TextEquiv>
                    <Unicode>Peter Juris von Früttingen eheweib, ist vor</Unicode>
                </TextEquiv>
            </TextLine>
            <TextLine id="r3l21" custom="readingOrder {index:20;}">
                <Coords points="936,3845 1351,3865 1437,3818 1510,3880 1579,3835 1679,3892 1830,3820 2089,3881 2211,3821 2564,3848 2597,3775 935,3781"/>
                <Baseline points="946,3828 1028,3830 1110,3830 1192,3831 1274,3830 1356,3830 1438,3830 1520,3830 1602,3828 1684,3828 1766,3826 1848,3826 1930,3824 2012,3824 2094,3824 2176,3822 2258,3822 2340,3824 2422,3824 2504,3826 2586,3828"/>
                <TextEquiv>
                    <Unicode>etwas Zeits, weg gefuhrten ergerlichen lebens</Unicode>
                </TextEquiv>
            </TextLine>
            <TextLine id="r3l22" custom="readingOrder {index:21;}">
                <Coords points="932,3930 1773,3902 2055,3951 2481,3909 2480,3845 2112,3819 1968,3867 1828,3820 1735,3885 1668,3832 1511,3880 931,3857"/>
                <Baseline points="942,3906 1018,3908 1094,3908 1171,3908 1247,3908 1324,3908 1400,3908 1476,3906 1553,3906 1629,3906 1706,3906 1782,3904 1858,3904 1935,3902 2011,3902 2088,3900 2164,3900 2240,3898 2317,3896 2393,3896 2470,3894"/>
                <TextEquiv>
                    <Unicode>vnd vnderschidenlichen Ehebruchen alhar in</Unicode>
                </TextEquiv>
            </TextLine>
            <TextLine id="r3l23" custom="readingOrder {index:22;}">
                <Coords points="934,4028 1502,4011 1569,4050 1792,3989 2146,4037 2469,3998 2469,3946 1763,3902 933,3946"/>
                <Baseline points="946,3992 1021,3992 1097,3990 1172,3990 1248,3990 1324,3990 1399,3990 1475,3990 1550,3990 1626,3990 1702,3990 1777,3990 1853,3990 1928,3988 2004,3988 2080,3986 2155,3986 2231,3984 2306,3983 2382,3980 2458,3978"/>
                <TextEquiv>
                    <Unicode>die vorgerichtliche Vnd weilen sy sich einer</Unicode>
                </TextEquiv>
            </TextLine>
            <TextLine id="r3l24" custom="readingOrder {index:23;}">
                <Coords points="934,4118 1032,4092 1112,4139 1316,4085 1620,4135 1764,4073 1811,4118 1914,4074 2062,4125 2116,4071 2480,4069 2479,3991 2149,4039 933,4027"/>
                <Baseline points="946,4086 1022,4084 1098,4082 1174,4082 1250,4080 1327,4080 1403,4078 1479,4078 1555,4076 1631,4076 1708,4074 1784,4074 1860,4072 1936,4072 2012,4070 2089,4068 2165,4066 2241,4064 2317,4061 2393,4058 2470,4056"/>
                <TextEquiv>
                    <Unicode>blutschand verdechtig gemacht, volgents in die</Unicode>
                </TextEquiv>
            </TextLine>
            <TextLine id="r3l25" custom="readingOrder {index:24;}">
                <Coords points="930,4194 1623,4228 1695,4178 1769,4226 1922,4169 2060,4210 2370,4162 2437,4216 2598,4137 2597,4046 2445,4121 2156,4077 2046,4143 1763,4073 1624,4135 1284,4137 1219,4084 929,4123"/>
                <Baseline points="942,4178 1024,4174 1106,4174 1188,4172 1270,4170 1353,4170 1435,4168 1517,4168 1599,4168 1681,4168 1764,4168 1846,4166 1928,4166 2010,4166 2092,4164 2175,4164 2257,4162 2339,4160 2421,4157 2503,4154 2586,4150"/>
                <TextEquiv>
                    <Unicode>obere gfangenschafft geführt, auch gleich daruff</Unicode>
                </TextEquiv>
            </TextLine>
            <TextLine id="r3l26" custom="readingOrder {index:25;}">
                <Coords points="944,4309 1363,4258 1770,4302 1826,4259 1905,4317 1993,4266 2546,4276 2605,4259 2604,4175 2436,4217 2264,4167 2094,4229 1936,4179 1624,4228 1483,4186 1375,4238 1188,4197 1083,4244 942,4192"/>
                <Baseline points="954,4280 1036,4278 1118,4276 1200,4272 1282,4270 1364,4268 1446,4266 1528,4265 1610,4263 1692,4262 1774,4260 1856,4259 1938,4258 2020,4256 2102,4254 2184,4252 2266,4250 2348,4248 2430,4246 2512,4244 2594,4240"/>
                <TextEquiv>
                    <Unicode>Den 16. junii 1656 durch ihren heimlicher statt</Unicode>
                </TextEquiv>
            </TextLine>
            <TextLine id="r3l27" custom="readingOrder {index:26;} person {offset:24; length:9;}">
                <Coords points="932,4390 1091,4369 1166,4425 1279,4354 2341,4358 2474,4311 2472,4255 1955,4318 1840,4273 1756,4324 1690,4278 1320,4302 1227,4263 929,4311"/>
                <Baseline points="942,4374 1018,4370 1094,4366 1170,4362 1246,4360 1322,4358 1398,4356 1474,4356 1550,4354 1626,4354 1703,4352 1779,4352 1855,4350 1931,4347 2007,4344 2083,4340 2159,4335 2235,4330 2311,4323 2387,4314 2464,4304"/>
                <TextEquiv>
                    <Unicode>brätt herren altsastlan Dübelbers und z</Unicode>
                </TextEquiv>
            </TextLine>
            <TextLine id="r3l28" custom="readingOrder {index:27;} person {offset:15; length:9;}">
                <Coords points="917,4487 2536,4445 2533,4361 2297,4340 1982,4405 1689,4362 1625,4422 1501,4366 1161,4426 1102,4377 914,4399"/>
                <Baseline points="926,4466 1005,4462 1085,4458 1165,4455 1245,4454 1325,4452 1404,4450 1484,4450 1564,4448 1644,4448 1724,4446 1803,4445 1883,4443 1963,4441 2043,4438 2123,4433 2202,4428 2282,4423 2362,4415 2442,4405 2522,4396"/>
                <TextEquiv>
                    <Unicode>Großweibel von Muthernaw bei beträwung</Unicode>
                </TextEquiv>
            </TextLine>
            <TextLine id="r3l29" custom="readingOrder {index:28;}">
                <Coords points="935,4565 1683,4539 1906,4580 2570,4523 2568,4456 2505,4436 2433,4480 2170,4437 2081,4488 1773,4448 1493,4507 1290,4460 1216,4513 933,4492"/>
                <Baseline points="946,4552 1026,4550 1107,4548 1187,4546 1268,4544 1349,4542 1429,4540 1510,4538 1590,4537 1671,4536 1752,4534 1832,4532 1913,4529 1993,4526 2074,4524 2155,4522 2235,4518 2316,4514 2396,4510 2477,4506 2558,4500"/>
                <TextEquiv>
                    <Unicode>der marter ernstwörtig examinirt worden,</Unicode>
                </TextEquiv>
            </TextLine>
            <TextLine id="r3l30" custom="readingOrder {index:29;}">
                <Coords points="964,4698 1115,4638 1170,4668 1475,4645 1525,4677 1608,4639 1673,4665 1731,4648 1712,4542 1671,4572 1603,4543 1472,4550 1385,4608 1151,4553 1109,4585 1022,4557 960,4576"/>
                <Baseline points="974,4648 1011,4646 1048,4646 1085,4646 1122,4644 1160,4643 1197,4642 1234,4640 1271,4639 1308,4638 1346,4636 1383,4634 1420,4634 1457,4632 1494,4631 1532,4630 1569,4629 1606,4628 1643,4628 1680,4628 1718,4628"/>
                <TextEquiv>
                    <Unicode>die hattenn bekent:</Unicode>
                </TextEquiv>
            </TextLine>
            <TextLine id="r3l31" custom="readingOrder {index:30;}">
                <Coords points="964,4789 1325,4810 1529,4763 1607,4820 1704,4750 1866,4793 1926,4742 2017,4804 2193,4746 2599,4741 2597,4688 2404,4641 2140,4708 1831,4621 1737,4669 1599,4643 1426,4737 1349,4693 1267,4743 1047,4686 962,4722"/>
                <Baseline points="974,4780 1054,4778 1135,4776 1215,4774 1296,4772 1377,4770 1457,4767 1538,4766 1618,4764 1699,4762 1780,4760 1860,4756 1941,4754 2021,4752 2102,4748 2183,4744 2263,4740 2344,4736 2424,4731 2505,4726 2586,4720"/>
                <TextEquiv>
                    <Unicode>daß vor ungefahr fünff jahren und siderhar</Unicode>
                </TextEquiv>
            </TextLine>
            <TextLine id="r3l32" custom="readingOrder {index:31;}">
                <Coords points="914,4882 1247,4859 1349,4917 1441,4843 1664,4843 1783,4901 1965,4841 2089,4890 2180,4829 2270,4865 2426,4820 2515,4868 2573,4828 2570,4732 2022,4804 1938,4753 1868,4796 1718,4750 1091,4784 913,4838"/>
                <Baseline points="926,4864 1007,4862 1089,4859 1171,4856 1253,4854 1335,4852 1416,4851 1498,4848 1580,4846 1662,4844 1744,4842 1825,4840 1907,4837 1989,4834 2071,4830 2153,4826 2234,4820 2316,4816 2398,4810 2480,4804 2562,4796"/>
                <TextEquiv>
                    <Unicode>nach einmahl (welches verschinnen herbst zwey</Unicode>
                </TextEquiv>
            </TextLine>
            <TextLine id="r3l33" custom="readingOrder {index:32;} person {offset:16; length:16;}">
                <Coords points="934,4998 1210,4937 1415,4985 1523,4945 1598,4991 1745,4936 2121,4964 2317,4923 2316,4861 2224,4837 2090,4890 1940,4842 1780,4904 1720,4848 1509,4898 1445,4856 1338,4910 931,4878"/>
                <Baseline points="944,4948 1012,4946 1080,4944 1148,4942 1216,4942 1284,4940 1352,4940 1420,4938 1488,4938 1556,4936 1625,4934 1693,4933 1761,4932 1829,4930 1897,4928 1965,4924 2033,4922 2101,4918 2169,4915 2237,4911 2306,4906"/>
                <TextEquiv>
                    <Unicode>jargewesen) mit Hans Sibenthaler.</Unicode>
                </TextEquiv>
            </TextLine>
            <TextLine id="r3l34" custom="readingOrder {index:33;} person {offset:38; length:6; continued:true;}">
                <Coords points="883,5087 2471,5037 2593,4986 2591,4935 2431,4883 2206,4981 1960,4933 1517,5002 1314,4941 957,4951 880,5012"/>
                <Baseline points="894,5064 978,5056 1062,5051 1147,5045 1231,5041 1316,5038 1400,5035 1484,5032 1569,5030 1653,5028 1738,5026 1822,5026 1906,5022 1991,5020 2075,5018 2160,5012 2244,5008 2328,5003 2413,4995 2497,4986 2582,4976"/>
                <TextEquiv>
                    <Unicode>Deßgleichen vor anderthalb jahren mit Gilgen</Unicode>
                </TextEquiv>
            </TextLine>
            <TextLine id="r3l35" custom="readingOrder {index:34;} person {offset:0; length:6; continued:true;} person {offset:35; length:4; continued:true;}">
                <Coords points="926,5141 1020,5184 1185,5123 1405,5123 1484,5180 1549,5127 1646,5177 1777,5114 2081,5156 2141,5096 2450,5105 2485,5034 2269,5011 2044,5073 1770,5030 1687,5082 1576,5028 1511,5071 1377,5047 1255,5098 1186,5049 1100,5106 1016,5056 924,5097"/>
                <Baseline points="936,5134 1012,5132 1089,5130 1166,5128 1243,5126 1320,5124 1397,5123 1474,5121 1551,5120 1628,5116 1705,5114 1781,5112 1858,5109 1935,5106 2012,5103 2089,5098 2166,5094 2243,5089 2320,5085 2397,5077 2474,5072"/>
                <TextEquiv>
                    <Unicode>Schmid und in 14 tagen darnach mit Hans</Unicode>
                </TextEquiv>
            </TextLine>
            <TextLine id="r3l36" custom="readingOrder {index:35;} person {offset:0; length:6; continued:true;}">
                <Coords points="937,5226 1932,5243 2480,5174 2501,5120 1553,5129 1488,5180 1271,5132 1018,5187 935,5157"/>
                <Baseline points="948,5216 1025,5214 1102,5212 1179,5212 1256,5211 1333,5210 1410,5210 1487,5208 1564,5208 1641,5206 1719,5205 1796,5204 1873,5200 1950,5198 2027,5194 2104,5189 2181,5184 2258,5178 2335,5171 2412,5162 2490,5152"/>
                <TextEquiv>
                    <Unicode>willen, fleistlichen verdrabt, vnd weilen der</Unicode>
                </TextEquiv>
            </TextLine>
            <TextLine id="r3l37" custom="readingOrder {index:36;}">
                <Coords points="916,5320 1037,5302 1122,5359 1383,5301 1546,5359 1612,5300 1785,5336 1916,5281 2038,5334 2215,5273 2295,5321 2503,5248 2501,5195 913,5252"/>
                <Baseline points="926,5314 1004,5309 1082,5304 1160,5302 1238,5299 1317,5298 1395,5296 1473,5294 1551,5292 1629,5291 1708,5290 1786,5287 1864,5284 1942,5282 2020,5278 2099,5274 2177,5267 2255,5260 2333,5252 2411,5242 2490,5230"/>
                <TextEquiv>
                    <Unicode>letste zu vnderschidenlichen mahlen mit fra</Unicode>
                </TextEquiv>
            </TextLine>
            <TextLine id="r3l38" custom="readingOrder {index:37;}">
                <Coords points="934,5442 1074,5409 1245,5459 1320,5398 1471,5432 1724,5376 1999,5428 2074,5369 2601,5328 2598,5266 2498,5249 2427,5301 2086,5287 2035,5333 929,5336"/>
                <Baseline points="942,5392 1024,5392 1106,5392 1189,5390 1271,5390 1354,5388 1436,5388 1518,5386 1601,5382 1683,5380 1766,5376 1848,5373 1930,5369 2013,5364 2095,5359 2178,5354 2260,5348 2342,5340 2425,5333 2507,5325 2590,5316"/>
                <TextEquiv>
                    <Unicode>zu thun gehabt, glaube und wüße sy auch anders</Unicode>
                </TextEquiv>
            </TextLine>
            <TextLine id="r3l39" custom="readingOrder {index:38;}">
                <Coords points="926,5500 1026,5540 1156,5474 1535,5516 1611,5465 1784,5522 1895,5463 2019,5513 2537,5423 2506,5329 2172,5399 2073,5370 2000,5429 1875,5379 924,5449"/>
                <Baseline points="936,5490 1015,5488 1095,5484 1174,5483 1254,5481 1333,5480 1413,5478 1492,5476 1572,5474 1651,5472 1731,5468 1810,5466 1890,5462 1969,5458 2049,5453 2128,5446 2208,5440 2287,5433 2367,5424 2446,5414 2526,5402"/>
                <TextEquiv>
                    <Unicode>nichts, dan daß er letst unehlich kind, so sy</Unicode>
                </TextEquiv>
            </TextLine>
            <TextLine id="r3l40" custom="readingOrder {index:39;}">
                <Coords points="916,5596 1325,5558 1422,5632 1499,5566 1867,5552 2100,5602 2589,5516 2585,5418 2016,5512 1896,5464 1801,5522 1610,5466 1521,5521 912,5512"/>
                <Baseline points="926,5574 1008,5571 1091,5568 1173,5566 1256,5564 1338,5562 1421,5562 1503,5560 1586,5558 1668,5556 1751,5554 1833,5552 1916,5549 1998,5544 2081,5540 2163,5534 2246,5527 2328,5519 2411,5508 2493,5497 2576,5484"/>
                <TextEquiv>
                    <Unicode>vor etwas mehr als einem Jar erzüget, deßelben</Unicode>
                </TextEquiv>
            </TextLine>
            <TextLine id="r3l41" custom="readingOrder {index:40;}">
                <Coords points="900,5669 967,5703 1002,5671 1339,5666 1395,5687 1432,5659 1500,5706 1614,5670 1612,5586 1430,5566 1386,5605 1325,5564 1242,5616 1163,5575 1060,5623 992,5573 898,5596"/>
                <Baseline points="910,5664 944,5664 979,5662 1013,5662 1048,5660 1083,5660 1117,5658 1152,5658 1186,5656 1221,5656 1256,5654 1290,5654 1325,5652 1359,5652 1394,5650 1429,5650 1463,5649 1498,5648 1532,5648 1567,5648 1602,5646"/>
                <TextEquiv>
                    <Unicode>Hans willen seye.</Unicode>
                </TextEquiv>
            </TextLine>
            <TextLine id="r3l42" custom="readingOrder {index:41;} person {offset:37; length:6; continued:true;}">
                <Coords points="980,5816 1131,5767 1311,5819 1411,5769 1877,5797 1928,5750 2591,5719 2588,5659 2469,5596 2315,5670 2110,5606 2006,5666 1671,5671 1551,5725 1435,5657 1230,5729 1080,5669 975,5708"/>
                <Baseline points="990,5772 1069,5770 1148,5770 1228,5768 1307,5766 1387,5766 1466,5764 1545,5762 1625,5760 1704,5757 1784,5754 1863,5750 1942,5747 2022,5743 2101,5738 2181,5731 2260,5725 2339,5718 2419,5710 2498,5701 2578,5692"/>
                <TextEquiv>
                    <Unicode>Die Vrsach aber, daß sy diß kind dem Gilgen</Unicode>
                </TextEquiv>
            </TextLine>
            <TextLine id="r3l43" custom="readingOrder {index:42;} person {offset:0; length:6; continued:true;}">
                <Coords points="953,5897 2367,5836 2578,5784 2573,5685 2485,5747 2414,5709 2032,5796 1428,5768 1307,5819 1244,5769 950,5838"/>
                <Baseline points="962,5864 1042,5860 1122,5857 1202,5854 1282,5852 1363,5850 1443,5848 1523,5846 1603,5845 1683,5842 1764,5840 1844,5838 1924,5834 2004,5829 2084,5824 2165,5816 2245,5808 2325,5798 2405,5787 2485,5775 2566,5758"/>
                <TextEquiv>
                    <Unicode>Schmid zugsprochen, sye gewesen, daß besagter</Unicode>
                </TextEquiv>
            </TextLine>
            <TextLine id="r3l44" custom="readingOrder {index:43;}">
                <Coords points="916,5983 1170,6033 1225,5979 1383,6020 1880,5929 2495,5958 2609,5896 2603,5790 1534,5903 1464,5856 1285,5908 909,5863"/>
                <Baseline points="926,5954 1009,5954 1092,5954 1176,5952 1259,5952 1343,5950 1426,5948 1509,5948 1593,5944 1676,5942 1760,5938 1843,5934 1926,5928 2010,5922 2093,5915 2177,5908 2260,5898 2343,5888 2427,5875 2510,5861 2594,5846"/>
                <TextEquiv>
                    <Unicode>Willen fra versprochen, ir lebtag gutts zu thun etc.</Unicode>
                </TextEquiv>
            </TextLine>
            <TextEquiv>
                <Unicode>zu seinem weibe geben vnd verplen wollen,
weniger daß er dise orths einige an¬
werbūng gethan habe. welches
zusambt vorigen beuor geschribnen
beiders bekendten, vnd recierten
ein s
hen
Punckten, er an der Marter erhalten
vnd bestätiget hat. Actum vt subra¬
Den 7. junii 1656 ist dise vergicht nichten
.
Räth und Burgeren vorgelesen, vnd daruff
erkent worden. Daß besagter Jacob Martin
mit ruthen ußgeschmeist, mit dem B. bezeichnet
und eidtlich von ir gut statt und land, auch
sonderlich mit nammen uß dem Buhegberg,
uffennig verwisen werden sölle. So beschehen
tags abstath.
Anna Handtli
Peter Juris von Früttingen eheweib, ist vor
etwas Zeits, weg gefuhrten ergerlichen lebens
vnd vnderschidenlichen Ehebruchen alhar in
die vorgerichtliche Vnd weilen sy sich einer
blutschand verdechtig gemacht, volgents in die
obere gfangenschafft geführt, auch gleich daruff
Den 16. junii 1656 durch ihren heimlicher statt
brätt herren altsastlan Dübelbers und z
Großweibel von Muthernaw bei beträwung
der marter ernstwörtig examinirt worden,
die hattenn bekent:
daß vor ungefahr fünff jahren und siderhar
nach einmahl (welches verschinnen herbst zwey
jargewesen) mit Hans Sibenthaler.
Deßgleichen vor anderthalb jahren mit Gilgen
Schmid und in 14 tagen darnach mit Hans
willen, fleistlichen verdrabt, vnd weilen der
letste zu vnderschidenlichen mahlen mit fra
zu thun gehabt, glaube und wüße sy auch anders
nichts, dan daß er letst unehlich kind, so sy
vor etwas mehr als einem Jar erzüget, deßelben
Hans willen seye.
Die Vrsach aber, daß sy diß kind dem Gilgen
Schmid zugsprochen, sye gewesen, daß besagter
Willen fra versprochen, ir lebtag gutts zu thun etc.</Unicode>
            </TextEquiv>
        </TextRegion>
        <TextRegion orientation="0.0" id="r4" custom="readingOrder {index:3;}">
            <Coords points="2972,1592 2972,5529 4758,5529 4758,1592"/>
            <TextLine id="r4l1" custom="readingOrder {index:0;}">
                <Coords points="4419,1621 4430,1622 4451,1653 4477,1649 4490,1666 4515,1675 4533,1692 4544,1689 4565,1702 4599,1685 4610,1687 4623,1608 4595,1606 4581,1594 4555,1599 4546,1586 4522,1582 4509,1591 4493,1570 4470,1559 4443,1571 4428,1568"/>
                <Baseline points="4428,1634 4457,1640 4486,1646 4515,1651 4544,1657 4573,1659 4602,1664"/>
                <TextEquiv>
                    <Unicode>213.</Unicode>
                </TextEquiv>
            </TextLine>
            <TextLine id="r4l2" custom="readingOrder {index:1;} person {offset:14; length:12;}">
                <Coords points="2961,1772 3637,1755 4407,1852 4512,1848 4518,1759 3818,1644 3721,1671 3668,1625 3536,1708 3277,1616 3145,1664 2969,1641"/>
                <Baseline points="2972,1750 3048,1746 3125,1742 3201,1740 3278,1740 3354,1740 3431,1743 3507,1746 3584,1750 3660,1754 3737,1761 3813,1767 3890,1775 3966,1781 4043,1788 4119,1796 4196,1803 4272,1810 4349,1819 4425,1825 4502,1832"/>
                <TextEquiv>
                    <Unicode>Anlangend den gerer reiter, habe sy denselben</Unicode>
                </TextEquiv>
            </TextLine>
            <TextLine id="r4l3" custom="readingOrder {index:2;}">
                <Coords points="3010,1875 3281,1830 3416,1885 3534,1837 4070,1862 4161,1907 4223,1872 4327,1935 4471,1893 4471,1841 4239,1810 3015,1764"/>
                <Baseline points="3024,1838 3095,1832 3167,1828 3239,1826 3311,1825 3383,1824 3454,1826 3526,1828 3598,1830 3670,1834 3742,1838 3813,1842 3885,1847 3957,1853 4029,1859 4101,1864 4172,1870 4244,1876 4316,1881 4388,1888 4460,1892"/>
                <TextEquiv>
                    <Unicode>hievor unschuldig angeben, dan derselbig sich</Unicode>
                </TextEquiv>
            </TextLine>
            <TextLine id="r4l4" custom="readingOrder {index:3;}">
                <Coords points="3022,1920 3224,1960 3289,1910 3482,1918 3528,1965 3677,1911 3737,1976 3843,1925 3945,1983 4028,1922 4315,2011 4560,1993 4563,1928 4303,1921 4219,1871 4168,1913 4075,1864 3920,1891 3865,1846 3024,1864"/>
                <Baseline points="3034,1912 3109,1908 3185,1905 3261,1904 3337,1904 3413,1904 3488,1906 3564,1908 3640,1912 3716,1916 3792,1920 3867,1925 3943,1929 4019,1934 4095,1939 4171,1944 4246,1949 4322,1954 4398,1958 4474,1962 4550,1966"/>
                <TextEquiv>
                    <Unicode>niemahlen mit ira vergangen, Inmaßen sy inne</Unicode>
                </TextEquiv>
            </TextLine>
            <TextLine id="r4l5" custom="readingOrder {index:4;}">
                <Coords points="2996,2056 3432,1994 3777,2014 3988,2110 4338,2044 4404,2107 4637,2111 4597,1969 4335,2013 4094,1988 4028,1923 3947,1984 3735,1974 3677,1911 3528,1965 3433,1922 3001,1945"/>
                <Baseline points="3008,2004 3089,1997 3170,1992 3251,1990 3332,1987 3413,1986 3494,1988 3575,1990 3656,1993 3737,1996 3818,2001 3899,2007 3980,2013 4061,2018 4142,2025 4223,2031 4304,2038 4385,2044 4466,2050 4547,2057 4628,2060"/>
                <TextEquiv>
                    <Unicode>hiemit auch widerumb loffentlich entschlage,</Unicode>
                </TextEquiv>
            </TextLine>
            <TextLine id="r4l6" custom="readingOrder {index:5;}">
                <Coords points="3013,2205 3376,2174 3547,2247 3624,2187 3826,2187 4304,2246 4485,2212 4634,2266 4673,2165 4304,2151 4235,2100 4135,2170 3986,2110 3755,2104 3692,2154 3523,2099 3016,2103"/>
                <Baseline points="3024,2194 3105,2188 3187,2184 3269,2182 3351,2180 3433,2178 3514,2178 3596,2178 3678,2180 3760,2182 3842,2185 3923,2188 4005,2192 4087,2196 4169,2201 4251,2206 4332,2212 4414,2219 4496,2226 4578,2234 4660,2240"/>
                <TextEquiv>
                    <Unicode>Sonst habe sy sich auch gleich zu anfang diß jars</Unicode>
                </TextEquiv>
            </TextLine>
            <TextLine id="r4l7" custom="readingOrder {index:6;} person {offset:4; length:15;} place {offset:39; length:9;}">
                <Coords points="3020,2286 3511,2264 3590,2307 3679,2267 3907,2317 4047,2276 4286,2332 4607,2275 4493,2215 3656,2225 3559,2176 3021,2235"/>
                <Baseline points="3032,2276 3110,2271 3188,2267 3266,2263 3344,2261 3423,2258 3501,2258 3579,2258 3657,2258 3735,2260 3814,2262 3892,2264 3970,2268 4048,2272 4126,2276 4205,2279 4283,2284 4361,2290 4439,2294 4517,2300 4596,2304"/>
                <TextEquiv>
                    <Unicode>mit Heinrich Schmid, welcher nachts zu trahingen</Unicode>
                </TextEquiv>
            </TextLine>
            <TextLine id="r4l8" custom="readingOrder {index:7;} person {offset:48; length:4; continued:true;}">
                <Coords points="3031,2420 3118,2353 3240,2409 3364,2342 4660,2397 4601,2285 4454,2335 4131,2281 3578,2315 3501,2268 3032,2318"/>
                <Baseline points="3042,2364 3122,2357 3202,2350 3283,2345 3363,2341 3444,2339 3524,2338 3604,2338 3685,2338 3765,2340 3846,2342 3926,2346 4006,2347 4087,2350 4167,2353 4248,2356 4328,2358 4408,2360 4489,2362 4569,2362 4650,2362"/>
                <TextEquiv>
                    <Unicode>gestigen und über alles warnen, daß sein bruder Gilg</Unicode>
                </TextEquiv>
            </TextLine>
            <TextLine id="r4l9" custom="readingOrder {index:8;} person {offset:0; length:7; continued:true;}">
                <Coords points="3024,2468 3580,2406 3791,2473 3947,2428 4670,2457 4670,2395 3368,2344 3199,2410 3119,2353 3024,2426"/>
                <Baseline points="3034,2450 3115,2441 3196,2435 3277,2429 3358,2425 3440,2422 3521,2420 3602,2418 3683,2418 3764,2418 3846,2419 3927,2420 4008,2422 4089,2424 4170,2426 4252,2428 4333,2430 4414,2432 4495,2434 4576,2436 4658,2436"/>
                <TextEquiv>
                    <Unicode>alberit sich mit eren vergeßen nichts thun wöllen</Unicode>
                </TextEquiv>
            </TextLine>
            <TextLine id="r4l10" custom="readingOrder {index:9;}">
                <Coords points="3019,2594 3808,2509 4177,2537 4252,2594 4430,2525 4663,2586 4709,2469 4261,2428 4203,2472 4150,2426 3788,2471 3584,2405 3475,2475 3018,2474"/>
                <Baseline points="3030,2540 3113,2532 3196,2526 3280,2520 3363,2515 3447,2510 3530,2508 3613,2504 3697,2503 3780,2502 3864,2502 3947,2502 4030,2502 4114,2504 4197,2507 4281,2509 4364,2513 4447,2518 4531,2521 4614,2526 4698,2532"/>
                <TextEquiv>
                    <Unicode>jedoch gantz wider iren willen mit einküschheit vergeßen etc.</Unicode>
                </TextEquiv>
            </TextLine>
            <TextLine id="r4l11" custom="readingOrder {index:10;} person {offset:0; length:15;}">
                <Coords points="2999,2905 4596,2890 4595,2781 4484,2740 4199,2831 4063,2738 3859,2795 3464,2742 3369,2814 2998,2741"/>
                <Baseline points="3010,2876 3088,2876 3167,2874 3246,2872 3324,2870 3403,2869 3482,2868 3560,2866 3639,2864 3718,2862 3797,2861 3875,2860 3954,2860 4033,2860 4111,2860 4190,2860 4269,2861 4347,2864 4426,2866 4505,2870 4584,2874"/>
                <TextEquiv>
                    <Unicode>Heinrich Schmid hievorgenant, Ist</Unicode>
                </TextEquiv>
            </TextLine>
            <TextLine id="r4l12" custom="readingOrder {index:11;}">
                <Coords points="3044,3004 4657,2954 4656,2881 4478,2863 4394,2916 4103,2873 3043,2898"/>
                <Baseline points="3054,2970 3133,2966 3213,2963 3292,2960 3372,2958 3452,2954 3531,2952 3611,2950 3690,2949 3770,2948 3850,2947 3929,2946 4009,2946 4088,2944 4168,2944 4248,2944 4327,2944 4407,2944 4486,2944 4566,2944 4646,2944"/>
                <TextEquiv>
                    <Unicode>vff dise anklegt, den 20. Junii auch examinirt, vnd</Unicode>
                </TextEquiv>
            </TextLine>
            <TextLine id="r4l13" custom="readingOrder {index:12;}">
                <Coords points="3023,3076 3358,3046 3496,3102 4165,3020 4483,3082 4682,3046 4681,2966 4364,2995 4157,2949 4107,2995 3980,2941 3816,3008 3618,2962 3492,3009 3450,2967 3022,2998"/>
                <Baseline points="3034,3060 3115,3055 3197,3050 3279,3047 3361,3044 3443,3041 3524,3038 3606,3036 3688,3034 3770,3033 3852,3032 3933,3030 4015,3030 4097,3030 4179,3030 4261,3030 4342,3030 4424,3030 4506,3030 4588,3030 4670,3032"/>
                <TextEquiv>
                    <Unicode>ob er dise blutschand mit vermelter dirnen begangen.</Unicode>
                </TextEquiv>
            </TextLine>
            <TextLine id="r4l14" custom="readingOrder {index:13;}">
                <Coords points="4135,3116 4195,3118 4246,3158 4346,3128 4421,3157 4497,3120 4594,3138 4621,3118 4667,3145 4687,3141 4688,3021 4635,3016 4506,3082 4428,3082 4393,3048 4355,3061 4284,3043 4228,3081 4167,3018 4135,3025"/>
                <Baseline points="4146,3112 4172,3112 4199,3114 4225,3115 4252,3116 4278,3116 4305,3116 4331,3116 4358,3115 4384,3114 4411,3114 4437,3114 4464,3114 4490,3114 4517,3114 4543,3114 4570,3114 4596,3116 4623,3117 4649,3119 4676,3122"/>
                <TextEquiv>
                    <Unicode>derselbige aber</Unicode>
                </TextEquiv>
            </TextLine>
            <TextLine id="r4l15" custom="readingOrder {index:14;}">
                <Coords points="3020,3172 3088,3203 3168,3146 3232,3182 3331,3115 3419,3158 3596,3136 3646,3169 3694,3152 3692,3081 3659,3091 3602,3060 3557,3095 3426,3094 3384,3056 3345,3075 3302,3046 3226,3091 3160,3049 3114,3086 3016,3077"/>
                <Baseline points="3030,3154 3062,3150 3095,3145 3127,3142 3160,3140 3193,3138 3225,3135 3258,3133 3290,3132 3323,3130 3356,3129 3388,3128 3421,3128 3453,3127 3486,3126 3519,3126 3551,3126 3584,3125 3616,3124 3649,3124 3682,3122"/>
                <TextEquiv>
                    <Unicode>befragt worden.</Unicode>
                </TextEquiv>
            </TextLine>
            <TextLine id="r4l16" custom="readingOrder {index:15;}">
                <Coords points="3011,3283 3531,3223 3960,3262 4110,3208 4273,3256 4612,3215 4655,3136 4247,3186 3958,3137 3897,3190 3771,3103 3686,3176 3009,3185"/>
                <Baseline points="3022,3240 3103,3234 3184,3230 3265,3228 3346,3224 3428,3222 3509,3220 3590,3218 3671,3216 3752,3216 3834,3216 3915,3214 3996,3214 4077,3214 4158,3212 4240,3212 4321,3210 4402,3208 4483,3208 4564,3205 4646,3202"/>
                <TextEquiv>
                    <Unicode>hatt über alles starcke zusprechen nichts bekennt,</Unicode>
                </TextEquiv>
            </TextLine>
            <TextLine id="r4l17" custom="readingOrder {index:16;}">
                <Coords points="2970,3350 3212,3320 3304,3369 3476,3316 3537,3357 3642,3297 4018,3341 4152,3285 4639,3316 4689,3301 4687,3195 4302,3257 4110,3208 3958,3265 3531,3226 2969,3282"/>
                <Baseline points="2982,3326 3066,3320 3151,3316 3236,3312 3321,3310 3406,3306 3490,3303 3575,3300 3660,3298 3745,3296 3830,3295 3914,3294 3999,3292 4084,3290 4169,3290 4254,3288 4338,3287 4423,3286 4508,3284 4593,3282 4678,3280"/>
                <TextEquiv>
                    <Unicode>sondern gäntzlichen dise anklag verneinet und be-</Unicode>
                </TextEquiv>
            </TextLine>
            <TextLine id="r4l18" custom="readingOrder {index:17;}">
                <Coords points="2985,3423 4590,3411 4587,3307 4488,3343 4141,3279 4020,3340 2984,3352"/>
                <Baseline points="2996,3416 3075,3408 3154,3404 3233,3398 3312,3394 3391,3392 3470,3388 3549,3386 3628,3385 3707,3384 3787,3382 3866,3382 3945,3380 4024,3380 4103,3380 4182,3378 4261,3378 4340,3376 4419,3374 4498,3372 4578,3370"/>
                <TextEquiv>
                    <Unicode>Aüget, daß er mit diser leichtfertig dienen</Unicode>
                </TextEquiv>
            </TextLine>
            <TextLine id="r4l19" custom="readingOrder {index:18;}">
                <Coords points="3004,3500 3166,3492 3238,3547 3317,3481 3585,3463 3916,3471 3999,3525 4122,3454 4329,3510 4441,3466 4538,3525 4611,3495 4609,3404 3923,3386 3693,3437 3595,3383 3513,3436 3282,3406 3190,3457 3003,3420"/>
                <Baseline points="3016,3494 3095,3489 3174,3484 3253,3478 3332,3476 3411,3472 3490,3470 3569,3468 3648,3468 3727,3466 3807,3466 3886,3464 3965,3464 4044,3464 4123,3464 4202,3464 4281,3462 4360,3462 4439,3462 4518,3460 4598,3458"/>
                <TextEquiv>
                    <Unicode>niemahlen weder mit unküschen warten nach</Unicode>
                </TextEquiv>
            </TextLine>
            <TextLine id="r4l20" custom="readingOrder {index:19;}">
                <Coords points="3054,3592 3668,3625 3795,3572 3948,3564 4051,3615 4183,3553 4266,3571 4263,3480 3998,3523 3915,3474 3747,3500 3692,3471 3383,3536 3315,3481 3053,3538"/>
                <Baseline points="3066,3578 3125,3576 3184,3574 3244,3571 3303,3568 3363,3566 3422,3563 3481,3562 3541,3560 3600,3558 3660,3556 3719,3554 3778,3554 3838,3552 3897,3552 3957,3550 4016,3550 4075,3550 4135,3548 4194,3548 4254,3548"/>
                <TextEquiv>
                    <Unicode>wercken nichts zu schaffen gehabt.</Unicode>
                </TextEquiv>
            </TextLine>
            <TextLine id="r4l21" custom="readingOrder {index:20;} person {offset:26; length:12;}">
                <Coords points="3011,3735 4770,3706 4768,3598 4655,3568 4392,3650 4256,3605 4143,3654 4021,3607 3937,3663 3009,3619"/>
                <Baseline points="3022,3722 3108,3720 3195,3718 3282,3716 3369,3714 3456,3712 3542,3712 3629,3710 3716,3709 3803,3708 3890,3708 3976,3706 4063,3706 4150,3704 4237,3704 4324,3702 4410,3701 4497,3699 4584,3697 4671,3694 4758,3692"/>
                <TextEquiv>
                    <Unicode>By der confrontation hatt Anna Wandfeu</Unicode>
                </TextEquiv>
            </TextLine>
            <TextLine id="r4l22" custom="readingOrder {index:21;}">
                <Coords points="3032,3833 4485,3777 4632,3836 4749,3782 4747,3714 4083,3762 3979,3709 3645,3757 3493,3709 3206,3778 3030,3742"/>
                <Baseline points="3042,3814 3126,3812 3211,3810 3296,3810 3381,3808 3466,3806 3550,3804 3635,3802 3720,3800 3805,3798 3890,3796 3974,3794 4059,3792 4144,3790 4229,3789 4314,3786 4398,3784 4483,3782 4568,3780 4653,3778 4738,3776"/>
                <TextEquiv>
                    <Unicode>besagtem Demi Schmist vndermundts vorge¬</Unicode>
                </TextEquiv>
            </TextLine>
            <TextLine id="r4l23" custom="readingOrder {index:22;}">
                <Coords points="3835,3903 3877,3891 3918,3928 3972,3889 4183,3884 4226,3921 4303,3875 4359,3911 4444,3852 4674,3920 4765,3894 4763,3800 4738,3794 4630,3837 4539,3830 4483,3782 4149,3843 4006,3804 3833,3810"/>
                <Baseline points="3846,3878 3891,3878 3936,3878 3982,3878 4027,3876 4073,3875 4118,3874 4163,3872 4209,3870 4254,3868 4300,3868 4345,3866 4390,3865 4436,3864 4481,3862 4527,3862 4572,3862 4617,3862 4663,3862 4708,3864 4754,3866"/>
                <TextEquiv>
                    <Unicode>daß er nachts zu trahmyn</Unicode>
                </TextEquiv>
            </TextLine>
            <TextLine id="r4l24" custom="readingOrder {index:23;}">
                <Coords points="3036,3926 3051,3926 3073,3909 3137,3905 3206,3954 3255,3905 3288,3906 3287,3866 3254,3865 3195,3836 3173,3841 3150,3831 3124,3854 3081,3831 3047,3848 3033,3846"/>
                <Baseline points="3046,3906 3071,3902 3097,3899 3123,3895 3149,3894 3174,3894 3200,3894 3226,3894 3252,3895 3278,3898"/>
                <TextEquiv>
                    <Unicode>halten.</Unicode>
                </TextEquiv>
            </TextLine>
            <TextLine id="r4l25" custom="readingOrder {index:24;}">
                <Coords points="3045,4032 3121,3973 3218,4028 3414,3980 4588,3967 4668,3905 4447,3853 4369,3913 4290,3878 3939,3930 3437,3855 3335,3942 3042,3933"/>
                <Baseline points="3054,3988 3134,3984 3214,3980 3294,3978 3374,3975 3455,3972 3535,3970 3615,3968 3695,3966 3775,3965 3856,3964 3936,3962 4016,3960 4096,3958 4176,3956 4257,3953 4337,3950 4417,3948 4497,3944 4577,3940 4658,3936"/>
                <TextEquiv>
                    <Unicode>gestigen, da sy albereit im bett bei deren kinderen</Unicode>
                </TextEquiv>
            </TextLine>
            <TextLine id="r4l26" custom="readingOrder {index:25;}">
                <Coords points="3021,4133 3130,4070 3211,4114 3485,4059 3846,4112 3913,4056 4488,4074 4713,4029 4711,3956 4138,3952 3754,4024 3471,3977 3237,4036 3120,3975 3018,4038"/>
                <Baseline points="3030,4078 3113,4074 3197,4070 3280,4068 3364,4065 3448,4062 3531,4060 3615,4057 3698,4055 3782,4052 3866,4050 3949,4048 4033,4046 4116,4042 4200,4040 4284,4038 4367,4036 4451,4032 4534,4028 4618,4024 4702,4020"/>
                <TextEquiv>
                    <Unicode>gelegen, und nachdem er ira uff befrag gesagt,</Unicode>
                </TextEquiv>
            </TextLine>
            <TextLine id="r4l27" custom="readingOrder {index:26;} person {offset:8; length:12;}">
                <Coords points="3021,4224 3667,4151 3842,4203 3948,4133 4717,4155 4767,4136 4763,4014 4446,4085 3420,4068 3018,4127"/>
                <Baseline points="3030,4164 3116,4162 3202,4160 3288,4157 3374,4154 3461,4152 3547,4150 3633,4146 3719,4144 3805,4142 3892,4138 3978,4136 4064,4133 4150,4129 4236,4126 4323,4123 4409,4120 4495,4116 4581,4113 4667,4109 4754,4104"/>
                <TextEquiv>
                    <Unicode>erheiße Heini Schmid, sy ime geantwortet, sein</Unicode>
                </TextEquiv>
            </TextLine>
            <TextLine id="r4l28" custom="readingOrder {index:27;} person {offset:7; length:6;}">
                <Coords points="3044,4292 3302,4262 3464,4313 3539,4240 4198,4272 4277,4215 4457,4254 4737,4206 4735,4117 4185,4189 3951,4133 3835,4205 3039,4190"/>
                <Baseline points="3054,4260 3137,4258 3221,4256 3304,4254 3388,4251 3472,4248 3555,4244 3639,4242 3722,4238 3806,4234 3890,4230 3973,4226 4057,4222 4140,4217 4224,4213 4308,4208 4391,4204 4475,4200 4558,4195 4642,4191 4726,4186"/>
                <TextEquiv>
                    <Unicode>bruder Gilgen seye albereit bei Ira gewesen, vnd es</Unicode>
                </TextEquiv>
            </TextLine>
            <TextLine id="r4l29" custom="readingOrder {index:28;}">
                <Coords points="4267,4335 4343,4343 4398,4310 4466,4352 4559,4294 4647,4301 4692,4279 4724,4290 4719,4231 4661,4248 4616,4214 4570,4228 4544,4212 4509,4217 4454,4253 4399,4226 4343,4281 4262,4271"/>
                <Baseline points="4276,4312 4301,4309 4327,4306 4352,4304 4378,4302 4404,4299 4429,4297 4455,4294 4481,4292 4506,4289 4532,4286 4558,4286 4583,4284 4609,4283 4635,4282 4660,4282 4686,4282 4712,4282"/>
                <TextEquiv>
                    <Unicode>Darüber er</Unicode>
                </TextEquiv>
            </TextLine>
            <TextLine id="r4l30" custom="readingOrder {index:29;}">
                <Coords points="3028,4400 3195,4341 3293,4403 3452,4328 3613,4354 3649,4321 3769,4386 3850,4337 4044,4377 4098,4324 4163,4328 4160,4253 4122,4245 4050,4281 3958,4244 3917,4277 3851,4239 3808,4269 3714,4250 3653,4295 3528,4263 3454,4313 3335,4268 3281,4312 3164,4267 3025,4298"/>
                <Baseline points="3038,4348 3093,4346 3149,4346 3204,4344 3260,4342 3316,4340 3371,4339 3427,4336 3482,4334 3538,4332 3594,4330 3649,4329 3705,4326 3760,4324 3816,4322 3872,4320 3927,4318 3983,4316 4038,4315 4094,4314 4150,4312"/>
                <TextEquiv>
                    <Unicode>gebe nichts, sölle sich fortmacht,</Unicode>
                </TextEquiv>
            </TextLine>
            <TextLine id="r4l31" custom="readingOrder {index:30;}">
                <Coords points="3025,4448 3652,4410 4129,4466 4661,4387 4695,4284 4465,4352 4097,4327 4033,4381 3909,4332 3780,4390 3707,4335 3629,4391 3447,4335 3281,4401 3201,4342 3023,4406"/>
                <Baseline points="3036,4432 3118,4430 3201,4427 3283,4426 3366,4424 3448,4422 3531,4420 3613,4418 3696,4416 3778,4415 3861,4414 3943,4410 4026,4408 4108,4404 4191,4401 4273,4397 4356,4392 4438,4385 4521,4380 4603,4373 4686,4364"/>
                <TextEquiv>
                    <Unicode>repliciere, was Inne das rev) gheye, vnd</Unicode>
                </TextEquiv>
            </TextLine>
            <TextLine id="r4l32" custom="readingOrder {index:31;}">
                <Coords points="3017,4530 3134,4571 3186,4520 3351,4554 3607,4501 3782,4562 3911,4506 4161,4551 4314,4481 4367,4528 4524,4458 4683,4490 4680,4406 4593,4398 4105,4464 3666,4417 3566,4480 3480,4426 3218,4484 3120,4431 3015,4457"/>
                <Baseline points="3028,4520 3110,4518 3192,4516 3274,4514 3356,4512 3438,4510 3520,4508 3602,4506 3684,4504 3766,4502 3849,4500 3931,4498 4013,4495 4095,4492 4177,4488 4259,4484 4341,4480 4423,4476 4505,4470 4587,4463 4670,4456"/>
                <TextEquiv>
                    <Unicode>ungeacht sey ime rechtig abgewehrt, sye er doch</Unicode>
                </TextEquiv>
            </TextLine>
            <TextLine id="r4l33" custom="readingOrder {index:32;}">
                <Coords points="3024,4627 3170,4608 3227,4660 3345,4606 3890,4587 3999,4634 4108,4581 4300,4623 4569,4565 4620,4612 4736,4519 4506,4476 4153,4549 4069,4503 3847,4560 3617,4512 3022,4567"/>
                <Baseline points="3034,4604 3118,4604 3203,4602 3287,4602 3372,4600 3457,4598 3541,4596 3626,4594 3710,4590 3795,4588 3880,4585 3964,4582 4049,4578 4133,4574 4218,4571 4303,4567 4387,4563 4472,4559 4556,4554 4641,4549 4726,4546"/>
                <TextEquiv>
                    <Unicode>entlichen Ires leibt mechtig worden, vnd vnge¬</Unicode>
                </TextEquiv>
            </TextLine>
            <TextLine id="r4l34" custom="readingOrder {index:33;}">
                <Coords points="3028,4726 3461,4683 3882,4726 4067,4674 4188,4714 4629,4616 4571,4562 4305,4621 4060,4590 3957,4636 3875,4588 3531,4648 3347,4603 3225,4661 3024,4635"/>
                <Baseline points="3038,4690 3117,4688 3196,4686 3275,4684 3354,4682 3433,4680 3512,4678 3591,4676 3670,4673 3749,4670 3828,4668 3907,4664 3986,4662 4065,4658 4144,4656 4223,4651 4302,4647 4381,4643 4460,4639 4539,4636 4618,4630"/>
                <TextEquiv>
                    <Unicode>farlich bei einer halben stund bei ira verbliben</Unicode>
                </TextEquiv>
            </TextLine>
            <TextLine id="r4l35" custom="readingOrder {index:34;}">
                <Coords points="3003,4819 3284,4857 3517,4789 3608,4843 3816,4776 3933,4825 4046,4767 4686,4767 4742,4673 4645,4688 4567,4621 4211,4729 4125,4681 3883,4740 3595,4692 3446,4748 3190,4692 2999,4726"/>
                <Baseline points="3014,4802 3100,4800 3186,4797 3272,4794 3358,4792 3444,4789 3530,4786 3616,4781 3702,4778 3788,4775 3874,4771 3960,4767 4046,4763 4132,4760 4218,4755 4304,4751 4390,4748 4476,4743 4562,4740 4648,4736 4734,4732"/>
                <TextEquiv>
                    <Unicode>befragt, wie sy inne nachts habe erkennen kommen.</Unicode>
                </TextEquiv>
            </TextLine>
            <TextLine id="r4l36" custom="readingOrder {index:35;}">
                <Coords points="3013,4925 3788,4876 3917,4921 4007,4863 4123,4905 4189,4859 4415,4889 4666,4837 4569,4768 4205,4821 4047,4766 3948,4831 3850,4773 3590,4856 3108,4814 3010,4854"/>
                <Baseline points="3022,4902 3103,4900 3185,4898 3266,4895 3348,4892 3430,4890 3511,4886 3593,4882 3674,4878 3756,4873 3838,4871 3919,4866 4001,4861 4082,4858 4164,4853 4246,4849 4327,4845 4409,4842 4490,4838 4572,4834 4654,4832"/>
                <TextEquiv>
                    <Unicode>Antwort, an seinen langen fingeren vnd an der</Unicode>
                </TextEquiv>
            </TextLine>
            <TextLine id="r4l37" custom="readingOrder {index:36;}">
                <Coords points="3049,5034 3328,4983 3397,5031 3508,4975 3882,5002 4090,4937 4300,4998 4670,4927 4667,4865 4564,4854 4242,4907 4007,4863 3914,4923 3478,4896 3387,4950 3142,4903 3045,4948"/>
                <Baseline points="3058,4984 3138,4982 3218,4980 3298,4978 3378,4976 3458,4972 3538,4970 3618,4967 3698,4963 3778,4960 3858,4955 3938,4952 4018,4947 4098,4944 4178,4938 4258,4934 4338,4930 4418,4925 4498,4921 4578,4915 4658,4910"/>
                <TextEquiv>
                    <Unicode>stimm, auch etwelcher gstalt im angsicht, das</Unicode>
                </TextEquiv>
            </TextLine>
            <TextLine id="r4l38" custom="readingOrder {index:37;}">
                <Coords points="3084,5106 3367,5067 3434,5100 3531,5064 3593,5115 3688,5114 3757,5058 3863,5106 3974,5053 3973,5009 3781,4969 3722,5009 3601,4979 3457,4989 3401,5033 3313,5002 3081,5017"/>
                <Baseline points="3094,5072 3137,5070 3181,5070 3224,5068 3268,5066 3311,5065 3355,5063 3398,5062 3442,5060 3485,5059 3529,5058 3572,5056 3616,5054 3659,5052 3703,5051 3746,5050 3790,5048 3833,5047 3877,5046 3920,5044 3964,5044"/>
                <TextEquiv>
                    <Unicode>der monheit gschinnen.</Unicode>
                </TextEquiv>
            </TextLine>
            <TextLine id="r4l39" custom="readingOrder {index:38;} person {offset:21; length:12;}">
                <Coords points="3128,5281 4719,5184 4709,5037 4656,5034 4566,5093 4359,5046 4233,5132 3948,5087 3711,5207 3607,5149 3123,5195"/>
                <Baseline points="3138,5242 3216,5245 3294,5246 3373,5246 3451,5246 3530,5244 3608,5242 3686,5238 3765,5234 3843,5229 3922,5224 4000,5219 4078,5211 4157,5205 4235,5198 4314,5191 4392,5184 4470,5176 4549,5168 4627,5160 4706,5152"/>
                <TextEquiv>
                    <Unicode>Diß alles vermeinete Heini Schmid bestendigklich</Unicode>
                </TextEquiv>
            </TextLine>
            <TextLine id="r4l40" custom="readingOrder {index:39;}">
                <Coords points="3043,5351 3242,5333 3384,5390 3482,5330 3643,5382 3727,5329 3782,5366 4049,5297 4148,5339 4230,5278 4659,5242 4655,5180 4472,5173 3910,5273 3494,5245 3240,5302 3037,5253"/>
                <Baseline points="3052,5328 3131,5330 3211,5330 3291,5330 3370,5330 3450,5328 3530,5326 3609,5322 3689,5320 3769,5314 3849,5308 3928,5302 4008,5297 4088,5288 4167,5282 4247,5274 4327,5264 4406,5255 4486,5245 4566,5235 4646,5224"/>
                <TextEquiv>
                    <Unicode>Vnd wan Ich ein Persohn, in obgeschribner form</Unicode>
                </TextEquiv>
            </TextLine>
            <TextLine id="r4l41" custom="readingOrder {index:40;}">
                <Coords points="3024,5481 3133,5411 4067,5433 4173,5369 4566,5381 4730,5312 4640,5240 4561,5290 3951,5305 3777,5365 3016,5362"/>
                <Baseline points="3030,5418 3114,5418 3198,5416 3283,5415 3367,5413 3452,5410 3536,5406 3620,5401 3705,5397 3789,5391 3874,5384 3958,5378 4042,5371 4127,5364 4211,5356 4296,5347 4380,5339 4464,5328 4549,5320 4633,5310 4718,5300"/>
                <TextEquiv>
                    <Unicode>zutra kommen, müße dieselbe seinen namen miß</Unicode>
                </TextEquiv>
            </TextLine>
            <TextLine id="r4l42" custom="readingOrder {index:41;}">
                <Coords points="3060,5519 3155,5523 3201,5561 3247,5545 3292,5566 3366,5510 3420,5533 3490,5511 3517,5528 3605,5486 3603,5437 3555,5449 3485,5427 3422,5451 3357,5424 3237,5447 3132,5410 3058,5452"/>
                <Baseline points="3070,5508 3096,5508 3122,5508 3148,5508 3174,5508 3201,5508 3227,5506 3253,5506 3279,5506 3305,5504 3332,5504 3358,5504 3384,5502 3410,5502 3436,5500 3463,5500 3489,5498 3515,5497 3541,5496 3567,5495 3594,5494"/>
                <TextEquiv>
                    <Unicode>brucht haben.</Unicode>
                </TextEquiv>
            </TextLine>
            <TextEquiv>
                <Unicode>213.
Anlangend den gerer reiter, habe sy denselben
hievor unschuldig angeben, dan derselbig sich
niemahlen mit ira vergangen, Inmaßen sy inne
hiemit auch widerumb loffentlich entschlage,
Sonst habe sy sich auch gleich zu anfang diß jars
mit Heinrich Schmid, welcher nachts zu trahingen
gestigen und über alles warnen, daß sein bruder Gilg
alberit sich mit eren vergeßen nichts thun wöllen
jedoch gantz wider iren willen mit einküschheit vergeßen etc.
Heinrich Schmid hievorgenant, Ist
vff dise anklegt, den 20. Junii auch examinirt, vnd
ob er dise blutschand mit vermelter dirnen begangen.
derselbige aber
befragt worden.
hatt über alles starcke zusprechen nichts bekennt,
sondern gäntzlichen dise anklag verneinet und be-
Aüget, daß er mit diser leichtfertig dienen
niemahlen weder mit unküschen warten nach
wercken nichts zu schaffen gehabt.
By der confrontation hatt Anna Wandfeu
besagtem Demi Schmist vndermundts vorge¬
daß er nachts zu trahmyn
halten.
gestigen, da sy albereit im bett bei deren kinderen
gelegen, und nachdem er ira uff befrag gesagt,
erheiße Heini Schmid, sy ime geantwortet, sein
bruder Gilgen seye albereit bei Ira gewesen, vnd es
Darüber er
gebe nichts, sölle sich fortmacht,
repliciere, was Inne das rev) gheye, vnd
ungeacht sey ime rechtig abgewehrt, sye er doch
entlichen Ires leibt mechtig worden, vnd vnge¬
farlich bei einer halben stund bei ira verbliben
befragt, wie sy inne nachts habe erkennen kommen.
Antwort, an seinen langen fingeren vnd an der
stimm, auch etwelcher gstalt im angsicht, das
der monheit gschinnen.
Diß alles vermeinete Heini Schmid bestendigklich
Vnd wan Ich ein Persohn, in obgeschribner form
zutra kommen, müße dieselbe seinen namen miß
brucht haben.</Unicode>
            </TextEquiv>
        </TextRegion>
    </Page>
</PcGts>
