5472 7296
3564 1466 4126 1799 Registen.
2907 1758 4555 2145 Anderist. Peter, v. Stich begen Zeit diebstahl. 98.
2916 1982 4613 2354 Überstold, Verenn, v. Langnen, wegen ihren mehrlichen
3278 2189 3804 2383 Kindern 102.
2936 2323 4735 2632 Ann Madlena. Casser Schumend zu Rietentbyl frau, be¬
3285 2509 4082 2728 gen Seindiebstahl 169
2916 2636 4651 2905 Amt, Anna auf der Winterhalden, wegen Minind d. 171.
2890 2818 4674 3086 Alter Madlenn geb. Scherth, Hansen trun, zu Thorithaus,
3320 2982 4167 3195 loegen Ziebstahl. 195. 198.
3779 3705 3855 3842 B
2909 3767 4689 4027 Brömier, Hans Cunrad, v. Reithingen im Jndistichen, als
3293 3943 4655 4146 Theilnehmer an der Bauern Rebellion. 45.
2917 4068 4795 4348 Bohnenblust, Uli, v. Karbung, wegen Trurenen frühe 50 f 1
2913 4232 4783 4484 Bürbei, Hans im Winkel bei Trachstellend, theil nehmen um
3363 4403 3990 4543 Baurenhering. 60.
2880 4471 3323 4732 utiglichen
3345 4524 4774 4758 Vendicht vnd Suechenbuchsten, wegen Substählen,
3364 4676 4009 4857 d. 119 126 130.
2893 4778 4752 5060 Berner, Sura, Hund Mathysen zu Riemend byl denn, wegen
3371 4992 3875 5171 Hurenn. 125.
2872 5016 4661 5366 Dart, Hand und Schlaffenburg, beren diebstählen: 136.
2861 5248 4677 5550 Bütigkoser, Margreth Fursten Tochter, alhie auferzogen,
3310 5461 4072 5672 wegen diebstahl. 144.
2888 5579 4654 5832 Boute, Hans, geb. Landschreiben zu Schlachenburg, wegen
3299 5786 4405 5971 theilnahme am tauren aufruhr 166
2867 5868 4640 6129 Braband, Barbli, auf Friedellend, bachen unchricht 102
2882 6071 4599 6352 Berchtold, Viehen, und Lachburg, behen ungebührlichen
3235 6264 4187 6470 Worten wider Meyschl. N. 181.
2872 6346 4558 6615 Sager Statthalten v. Reffinberg. 47. 18. d 18
