5472 7296
705 1410 827 1547 66
879 1417 2273 1780 Hanns Pfaffli gewesner
1110 1589 2023 1780 Weibel zu dignauw.
847 1804 2325 2066 Als derselbig in dem jungst
1040 1958 2301 2167 furgangnen Rebellion wesen,
1057 2070 2319 2272 sich etlicher maßen Interessiert
1074 2181 2289 2388 vnnd theilhaftig befunden, vnd
1065 2326 2433 2480 druberhin zu bezügung deßelben,
1067 2402 2365 2608 nach dem er die eine Eydts¬
1041 2513 2453 2733 schuldigung, mit vnd neben anderen
1058 2649 2347 2871 erstatten sollen, einen abtritt
1036 2738 2435 2967 genommen, vnd volgents sich widerumb
1016 2876 2400 3104 In Ir g Statt begeben. Habendt
1050 2996 2261 3225 dieselbigen Ihne gefäncklich
1045 3141 2351 3314 annemen, vnnd druff hin seines
1048 3260 2403 3458 genomenen abtritte, wie auch
1088 3384 2503 3535 ubriger seiner in disem Rebellion¬
1075 3512 2409 3718 wasen begangenschafft halben,
1069 3656 2422 3804 durch mehr müller h amport
1056 3778 2459 3950 des kleinen, denne h alt Landt¬
1081 3868 2430 4071 vogt Ludwig Leerber H. Kellen,
1093 3999 2463 4175 und zu Großweibel von Witten,
1062 4106 2506 4317 wyl ernstwortlich examinern.
1077 4238 2340 4429 laßen, der hat nun den 7.
1049 4361 2323 4562 Octobris. 1653. In bywesen
1045 4471 2381 4651 ob. vnd wolermelter Herren,
1029 4585 2000 4795 bekendt wie volget:
932 4938 2406 5221 aß dem die Erste Landts gemeindt
1038 5129 2374 5358 zu Signauw (daran zwar sein
1042 5250 2452 5486 bruder, er aber nit gsyn) gehalten,
1052 5373 2428 5611 ten und alda abgerathen worden
1032 5476 2481 5747 die beschworden vnd clagpunckten
1055 5612 2373 5842 vffspaper zu setzen vnd einer
1006 5773 2487 5994 g oberkeit fürzubringen, sey
1032 5881 2458 6131 daruffhin in der zu signauw s
1000 6019 2410 6275 haltnen kilchhoren gemeindt
2106 6251 2324 6353 eine
4415 1397 4607 1550 67.
3064 1522 4585 1753 Eir glyches zuthun, abgemehret, vnd
3163 1684 4549 1887 er daselbst derenthalb zwar
3159 1810 4439 1992 wider seinen willen) zu ihrem
3136 1922 4523 2119 Redner geordnet worden, habe
3168 2034 4507 2167 Aber mit anders gethan, noch
3181 2136 4543 2336 rathen helffen, weder das man
3148 2254 4542 2460 die Clagpunckten vff seye, vndt
3168 2366 4581 2574 der Oberkeit fürtrage, weliches
3157 2513 4606 2703 auch beschechen, die er hernach uß
3144 2633 4671 2823 Irem bevelch, an die zu kommel¬
3134 2742 4665 2944 glegen angestelte Landts gemeindt
3090 2859 4596 3073 getragen, aber derselbigen nit
3176 2976 4611 3179 bygewohnt, noch darzu etwas
3188 3102 4654 3312 rathen helffen, sonder mir alle¬
3196 3210 4605 3427 wyl das beste zur Sach geredt.
3039 3518 4677 3743 So seye er auch der eingeschribnen
3124 3697 4649 3879 Kriegs Räthen einer gewesen, hab
3209 3848 3305 3935 e
3166 3817 4691 3982 aber neinalen mit feindthatliches
3167 3948 4549 4172 wider ein gnädige Oberkeit
3184 4069 4485 4265 tentieren noch rathen helffen.
3024 4429 4685 4692 emne seye er auch mit den über¬
3143 4573 4584 4815 gen aber vnbewust, das es
3171 4706 4630 4869 wider ein Statt Bern ange¬
3151 4828 4687 5086 sechen sein solle, vff die Nie¬
3146 4951 4687 5231 Brugg, vnnd hiemit fur die Statt
3183 5087 4615 5340 gezogen, aber mit boses Im
3126 5275 3774 5509 sum gesagt.
3139 5543 4783 5816 Habe sich auch vermag Uli Galles und
3198 5736 4723 5949 mundts erhaltung einmahl uff der
3181 5853 4659 6037 Mutten ob Signaue an der daselbst
3170 5936 4735 6177 gehaltnen Landts gemeindt befunden,
3180 6081 4548 6329 aber mit darzu rathen helffen
2900 6254 4372 6469 dein vernere bekantnuß ist zu sehen, folio 78.
