5472 7296
463 1483 659 1680 60.
870 1516 2179 1739 Aclauss ewenbergers
909 1655 2241 1868 Im Schönholtz der kilchhören luders,
971 1762 2300 1916 wyl und Landtvogtey Wachselwald
950 1855 2316 2031 Obmans vnd fuhrers aller der Vier
1026 1949 2337 2136 Eidtgnoßischen orthen, Gern, Lucern
1079 2061 2240 2242 Solothurn und Basel habenden
1032 2086 1082 2264 e
1143 2183 1519 2337 Rebellen
1554 2143 2488 2384 processus criminalis.
1050 2444 2391 2629 nachdem derselbig albereitt vor
1077 2570 2404 2735 der H. Oesterlichen Zeit, den Vergleich,
1084 2664 2364 2825 so von inghl und oberen, mit dero
1106 2757 2395 2906 Vnderthanen des Eimenthals, durch
1127 2842 2454 3017 Vnderhandlung der Herren trangelisch
1126 2925 2376 3121 orthen zu Bern sich befindenden
1111 3048 2416 3224 Ehrengesandten, gemacht worden,
1116 3148 2352 3305 Als ein ußgeschoßner von seiner
1123 3243 2351 3392 Gmeind, neben anderen nit allen
1140 3326 2456 3504 angenommen, sondern by geleisteter
1102 3435 2425 3596 Eidtsglupt vor Rath vnd burgeren
1099 3522 2464 3699 In handen h. Burgermeister Wasers
1063 3637 2347 3774 von Zürich gelopt, so wol für sich
1114 3710 2413 3880 selbsten darbej Zū bleiben, als aūch sein
1114 3800 2335 3955 gmeind bestmüglich hierzu halten,
1123 3875 2371 4073 darbei auch wegen der oberkeit
1130 4003 2370 4152 erzeigten vngehorsams, vnd ver¬
1135 4093 2372 4232 übten vngerymbten, getruwen
1132 4147 2443 4322 Vnderthanen vngeburlichen handlung
1128 4252 2430 4407 vff den Knüwen deprecirt, vnd
1127 4360 2472 4528 daruf seines mit anderen geschoßnen
2077 4470 2434 4626 Hettend
1117 4478 1987 4626 fählers gnad erlanget.
1139 4568 2396 4727 mahl und oberen verhoffet, er
1145 4667 2423 4822 wurde sölche erlangte gnad, vnd
1125 4771 2407 4923 an Eidtsstatt gethane versprechung
1124 4857 2458 5034 also behertzigen, daß er sich diß
1125 4972 2428 5128 daruf erfolgten, aller welt bekant
1088 5076 2404 5236 dem allgemeinen Vatterland gantz
1121 5163 2406 5317 gefärlichsten vnd zum vnd der¬
1100 5239 2507 5421 bringlichen schaden gereichten rebellion
1143 5386 2309 5501 wesen, verners nit annemen,
1111 5468 2454 5608 sondern nun mehr, wie etlich andere
1086 5543 2382 5703 seine Mitt ußgeschoßne gethan, zu
1127 5627 1707 5772 ruwen begeben.
2075 5645 2479 5778 Deme aber
1095 5717 2463 5913 zu wider hatt man mit schmertzlichen
1103 5834 2457 6020 bedauren vernemmen, auch volgents
4466 1477 4624 1603 31.
3120 1594 4510 1819 In der that selbsten erfahren müßen,
3212 1741 4534 1889 daß er nit einfaltig, wie sonst ein
3110 1727 3213 1853 1
3202 1840 4543 1982 gmeiner Mann, vnder der fuhr, oder
3211 1924 4526 2074 vil mehr verführung eines anderen
3202 2025 4641 2159 diser rebellion bygepflichtet, Sondern
3193 2116 4558 2281 für ein obman Redner und haupt
3218 2217 4578 2357 aller Rebellanten der Ver Eidtglic
3216 2295 4579 2459 loblichen orthen gern Lucern, solo
3216 2396 4623 2558 thurn und Basel, in den Landts gemeind
3217 2495 4550 2643 vnd sonsten gebrauchen laßen, wie
3227 2588 4604 2738 dan söliches alles diejenigen theills
3224 2684 4709 2863 hinder Ime, theills hinder anderen Persohnen
3235 2784 4646 2944 gefundene, mit seinem namen vnder¬
3216 2875 4626 3054 schribene, vnd eignen Pitschier Ver¬
3240 2978 4655 3134 wahrte Schrifften bezügen, vnd mit
3237 3056 4671 3238 mehrerem seine in diser rebellion ge¬
3231 3151 4673 3306 thane Verrichtungen heiter an tag geben
3240 3254 4608 3453 Deßwegen dan derselbig schon vor
3251 3367 4646 3523 einer gerumen Zeit gfenclich nacher
3151 3421 3255 3513 .
3222 3456 4712 3633 Burgdorff geführt, daselbsten durch
3204 3543 4712 3730 herren schultheißen wibollet und jr haupt¬
3270 3662 4722 3816 man Hans Rudolff von Diesbach ernst¬
3259 3769 4644 3924 w�rtig examinirt und uff ir gut
3236 3858 4689 4011 befelch volgents mit seiner bekantnuß
3260 3978 4710 4115 alhar geschickt, vnd verners zu vnder¬
3250 4070 4718 4229 schidenlichen mahlen von nichtt verordnet
3279 4138 4661 4306 examinatoren, seiner begangenschafft
3271 4219 4753 4388 vnd verhaltens in diser Vnrui, ernst
3266 4372 4679 4520 hafftig befragt worden, der hatt mun
3277 4425 4669 4604 zu vnderschidenlichen mahlen mit vnd
3289 4505 4613 4660 ohne marter, so schrifft: so mundtlich
3279 4600 4728 4805 bekent, und letstlich den 23. aug. 1653.
3275 4724 4744 4901 nochmahlen bestättiget, wie volget:
3223 4832 4763 5058 Als vor etwas Zeits der Herr Landtvogt
3286 4965 4697 5167 zu Trachselwald, den im wirthshuß
3317 5058 4745 5246 daselbst domahls versampt gewesnen
3313 5167 4721 5367 ußschützen, ein hoch oberkeitlich schryben
3299 5236 4722 5459 vorlesen laßen, so zugeben, daß sy die
3295 5334 4775 5533 Landtluth, die Redlins fuhrer ußhergeben
3307 5424 4722 5615 vnd folgents in gebuhrender vnder¬
3300 5543 4700 5743 thänigkeit vor ir gut zu erlangung
3306 5615 4723 5842 Ires begerens, erschynen söllent, syen
3312 5729 4737 5938 sey die ußschutz samptlich ein worden,
3326 5828 4707 6040 es zusehen, ußert Ime, der vnder
