<?xml version="1.0" encoding="UTF-8" standalone="yes"?>
<PcGts xmlns="http://schema.primaresearch.org/PAGE/gts/pagecontent/2013-07-15" xmlns:xsi="http://www.w3.org/2001/XMLSchema-instance" xsi:schemaLocation="http://schema.primaresearch.org/PAGE/gts/pagecontent/2013-07-15 http://schema.primaresearch.org/PAGE/gts/pagecontent/2013-07-15/pagecontent.xsd">
    <Metadata>
        <Creator>prov=University of Rostock/Institute of Mathematics/CITlab|PLANET AI GmbH/Gundram Leifert/gundram.leifert@planet-ai.de:name=German_Kurrent_XVI-XVIII_M1(htr_id=19584)::::v=2.6.6
prov=University of Rostock/Institute of Mathematics/CITlab|PLANET AI GmbH/Tobias Gruening/tobias.gruening@planet-ai.de:name=de.uros.citlab.module.baseline2polygon.B2PSeamMultiOriented:v=2.6.6
prov=University of Rostock/Institute of Mathematics/CITlab|PLANET AI GmbH/Tobias Gruening/tobias.gruening@planet-ai.de:name=/net_tf/LA73_249_0mod360.pb:de.uros.citlab.segmentation.CITlab_LA_ML:v=2.6.6
Transkribus</Creator>
        <Created>2020-10-05T15:04:02.892+02:00</Created>
        <LastChange>2022-09-09T16:01:43.582+02:00</LastChange>
        <TranskribusMetadata docId="1334831" pageId="52361371" pageNr="98" tsid="114643150" status="IN_PROGRESS" userId="9570" imgUrl="https://files.transkribus.eu/Get?id=CSIKHIYLEUKDLZHAIYPWSZOR&amp;fileType=view" xmlUrl="https://files.transkribus.eu/Get?id=COGHLXXWEGBRBALLMVBIQZQE" imageId="16067372"/>
    </Metadata>
    <Page imageFilename="Turmbuch_StAB B IX 476_00098-20200925_083951.jpg" imageWidth="5472" imageHeight="7296">
        <ReadingOrder>
            <OrderedGroup id="ro_1687513724008" caption="Regions reading order">
                <RegionRefIndexed index="0" regionRef="r1"/>
                <RegionRefIndexed index="1" regionRef="r2"/>
                <RegionRefIndexed index="2" regionRef="r3"/>
            </OrderedGroup>
        </ReadingOrder>
        <TextRegion orientation="0.0" id="r1" custom="readingOrder {index:0;}">
            <Coords points="770,1418 770,1584 942,1584 942,1418"/>
            <TextLine id="r1l1" custom="readingOrder {index:0;}">
                <Coords points="761,1553 780,1551 829,1590 839,1591 897,1528 953,1513 947,1456 887,1453 879,1463 865,1462 857,1472 834,1477 798,1455 770,1451 752,1458"/>
                <Baseline points="770,1534 798,1533 827,1530 856,1528 884,1524 913,1521 942,1518"/>
                <TextEquiv>
                    <Unicode>190</Unicode>
                </TextEquiv>
            </TextLine>
            <TextEquiv>
                <Unicode>190</Unicode>
            </TextEquiv>
        </TextRegion>
        <TextRegion orientation="0.0" id="r2" custom="readingOrder {index:1;}">
            <Coords points="1086,1550 1086,5926 2686,5926 2686,1550"/>
            <TextLine id="r2l1" custom="readingOrder {index:0;} person {offset:0; length:18;}">
                <Coords points="1177,1627 1293,1661 1372,1605 1510,1661 1760,1618 1979,1668 2087,1633 2212,1677 2314,1620 2374,1671 2483,1628 2653,1681 2656,1562 2468,1572 2180,1466 1876,1535 1567,1472 1180,1485"/>
                <Baseline points="1190,1594 1262,1596 1335,1596 1407,1596 1480,1596 1553,1594 1625,1594 1698,1592 1770,1591 1843,1590 1916,1590 1988,1590 2061,1591 2133,1592 2206,1596 2279,1600 2351,1606 2424,1613 2496,1620 2569,1631 2642,1644"/>
                <TextEquiv>
                    <Unicode>Madlena Kaltschmid hieuorgenant,</Unicode>
                </TextEquiv>
            </TextLine>
            <TextLine id="r2l2" custom="readingOrder {index:1;} date {offset:4; length:23;}">
                <Coords points="1110,1872 1282,1798 1686,1847 1746,1799 1948,1792 2551,1843 2577,1781 2191,1676 1884,1755 1709,1700 1628,1748 1483,1670 1111,1771"/>
                <Baseline points="1122,1800 1194,1800 1266,1800 1338,1798 1410,1798 1482,1796 1554,1796 1626,1794 1698,1794 1770,1792 1843,1792 1915,1792 1987,1794 2059,1794 2131,1796 2203,1800 2275,1804 2347,1807 2419,1813 2491,1821 2564,1830"/>
                <TextEquiv>
                    <Unicode>den 21. martii jars obstath ist uss ir gnd.</Unicode>
                </TextEquiv>
            </TextLine>
            <TextLine id="r2l3" custom="readingOrder {index:2;} person {offset:21; length:8;}">
                <Coords points="1184,1918 1575,1918 1632,1871 1799,1945 1861,1888 2293,1878 2599,1944 2600,1846 2451,1813 1185,1829"/>
                <Baseline points="1196,1894 1265,1892 1335,1890 1404,1889 1474,1886 1544,1885 1613,1882 1683,1880 1752,1878 1822,1878 1892,1876 1961,1876 2031,1877 2100,1878 2170,1880 2240,1883 2309,1887 2379,1893 2448,1900 2518,1908 2588,1916"/>
                <TextEquiv>
                    <Unicode>befelch durch mhhen. Lentulum und jr. gross¬</Unicode>
                </TextEquiv>
            </TextLine>
            <TextLine id="r2l4" custom="readingOrder {index:3;} person {offset:11; length:8;} person {offset:24; length:10; continued:true;}">
                <Coords points="1203,1998 1903,1994 1999,1954 2065,1999 2291,1958 2468,2005 2497,1908 2290,1878 2188,1925 2094,1878 1731,1936 1632,1873 1536,1931 1442,1891 1203,1923"/>
                <Baseline points="1214,1976 1277,1976 1341,1974 1404,1972 1468,1970 1532,1968 1595,1966 1659,1964 1722,1962 1786,1961 1850,1960 1913,1958 1977,1958 2040,1958 2104,1958 2168,1958 2231,1960 2295,1962 2358,1965 2422,1968 2486,1972"/>
                <TextEquiv>
                    <Unicode>weibel von Luternaw hn. Hans Jacob</Unicode>
                </TextEquiv>
            </TextLine>
            <TextLine id="r2l5" custom="readingOrder {index:4;} person {offset:0; length:6; continued:true;}">
                <Coords points="1171,2083 2630,2059 2630,2011 2376,2016 2289,1956 2065,2007 1980,1950 1621,2010 1525,1969 1267,2008 1171,1976"/>
                <Baseline points="1182,2060 1253,2059 1325,2057 1397,2054 1469,2052 1541,2050 1612,2046 1684,2044 1756,2042 1828,2040 1900,2040 1971,2038 2043,2038 2115,2038 2187,2040 2259,2043 2330,2046 2402,2051 2474,2056 2546,2063 2618,2070"/>
                <TextEquiv>
                    <Unicode>Binder über die von seiner hieuorgenanten</Unicode>
                </TextEquiv>
            </TextLine>
            <TextLine id="r2l6" custom="readingOrder {index:5;}">
                <Coords points="1185,2131 1404,2175 1443,2143 1557,2196 1777,2117 2017,2171 2079,2125 2623,2139 2545,2066 2490,2104 2253,2048 2127,2089 2061,2054 1905,2093 1725,2053 1562,2094 1501,2059 1446,2105 1185,2081"/>
                <Baseline points="1196,2130 1266,2130 1337,2130 1408,2130 1479,2130 1550,2128 1620,2126 1691,2124 1762,2124 1833,2122 1904,2120 1974,2120 2045,2120 2116,2120 2187,2122 2258,2124 2328,2126 2399,2131 2470,2136 2541,2143 2612,2150"/>
                <TextEquiv>
                    <Unicode>dirnen beschechene anklag verhört worden,</Unicode>
                </TextEquiv>
            </TextLine>
            <TextLine id="r2l7" custom="readingOrder {index:6;}">
                <Coords points="1715,2235 1809,2251 1876,2203 2088,2240 2436,2216 2691,2263 2694,2176 2602,2192 2564,2159 2510,2194 2409,2151 2337,2172 2151,2132 2017,2171 1886,2123 1719,2125"/>
                <Baseline points="1728,2200 1775,2200 1823,2200 1870,2202 1918,2202 1966,2202 2013,2202 2061,2202 2108,2202 2156,2202 2204,2203 2251,2204 2299,2206 2346,2208 2394,2210 2442,2214 2489,2216 2537,2221 2584,2226 2632,2232 2680,2236"/>
                <TextEquiv>
                    <Unicode>dass er weder von dem, dass</Unicode>
                </TextEquiv>
            </TextLine>
            <TextLine id="r2l8" custom="readingOrder {index:7;}">
                <Coords points="1180,2288 1207,2283 1257,2247 1323,2290 1380,2233 1397,2247 1415,2234 1445,2246 1488,2240 1481,2151 1454,2153 1437,2141 1405,2178 1374,2155 1317,2194 1234,2134 1212,2143 1167,2128"/>
                <Baseline points="1190,2256 1216,2245 1242,2238 1268,2233 1294,2228 1320,2225 1346,2224 1372,2224 1398,2224 1424,2225 1450,2226 1476,2228"/>
                <TextEquiv>
                    <Unicode>zeigt an,</Unicode>
                </TextEquiv>
            </TextLine>
            <TextLine id="r2l9" custom="readingOrder {index:8;}">
                <Coords points="1203,2349 1395,2305 1517,2375 1574,2324 1633,2362 1770,2303 1885,2364 1989,2292 2118,2357 2248,2296 2598,2345 2597,2228 2455,2220 2279,2261 1892,2213 1813,2262 1645,2179 1317,2288 1203,2269"/>
                <Baseline points="1214,2322 1282,2318 1351,2314 1419,2311 1488,2308 1557,2305 1625,2302 1694,2299 1762,2296 1831,2294 1900,2294 1968,2292 2037,2292 2105,2292 2174,2292 2243,2294 2311,2296 2380,2299 2448,2302 2517,2308 2586,2314"/>
                <TextEquiv>
                    <Unicode>die dirnen schwanger gewesen, eines kindts</Unicode>
                </TextEquiv>
            </TextLine>
            <TextLine id="r2l10" custom="readingOrder {index:9;}">
                <Coords points="1192,2428 1788,2389 2047,2433 2147,2378 2269,2439 2339,2393 2644,2415 2570,2331 1191,2343"/>
                <Baseline points="1204,2402 1275,2402 1346,2400 1418,2398 1489,2396 1561,2394 1632,2390 1703,2388 1775,2386 1846,2384 1918,2382 1989,2380 2060,2379 2132,2380 2203,2380 2275,2382 2346,2385 2417,2391 2489,2397 2560,2405 2632,2414"/>
                <TextEquiv>
                    <Unicode>genäsen noch einich kind begraben gewüsst,</Unicode>
                </TextEquiv>
            </TextLine>
            <TextLine id="r2l11" custom="readingOrder {index:10;}">
                <Coords points="1187,2556 1449,2477 1718,2524 1827,2475 2051,2523 2101,2479 2152,2526 2227,2479 2586,2496 2585,2445 2454,2387 2290,2442 2191,2379 2023,2441 1718,2396 1463,2447 1268,2402 1186,2435"/>
                <Baseline points="1198,2494 1266,2492 1335,2488 1404,2484 1473,2480 1542,2478 1610,2474 1679,2471 1748,2468 1817,2466 1886,2464 1954,2464 2023,2464 2092,2464 2161,2464 2230,2466 2298,2467 2367,2471 2436,2475 2505,2480 2574,2486"/>
                <TextEquiv>
                    <Unicode>dass er aber sich der genisst, ime die un¬</Unicode>
                </TextEquiv>
            </TextLine>
            <TextLine id="r2l12" custom="readingOrder {index:11;}">
                <Coords points="1186,2607 1320,2571 1383,2609 1444,2565 1614,2613 1707,2562 1794,2611 1926,2554 2230,2548 2610,2596 2609,2525 2364,2475 2264,2509 2101,2474 2040,2519 1824,2478 1720,2523 1184,2486"/>
                <Baseline points="1198,2574 1268,2572 1338,2570 1408,2568 1478,2565 1548,2563 1618,2560 1688,2557 1758,2554 1828,2552 1898,2550 1968,2548 2038,2548 2108,2548 2178,2548 2248,2548 2318,2550 2388,2553 2458,2557 2528,2560 2598,2568"/>
                <TextEquiv>
                    <Unicode>küschheit angemuothet, wüsse er nit, sitten¬</Unicode>
                </TextEquiv>
            </TextLine>
            <TextLine id="r2l13" custom="readingOrder {index:12;}">
                <Coords points="1185,2665 1291,2726 1556,2647 1967,2651 2045,2698 2329,2646 2482,2696 2576,2674 2575,2608 2493,2574 2443,2613 1926,2555 1791,2611 1706,2561 1569,2615 1510,2569 1382,2609 1290,2571 1185,2624"/>
                <Baseline points="1196,2658 1264,2656 1332,2654 1401,2652 1469,2648 1538,2646 1606,2644 1674,2642 1743,2638 1811,2637 1880,2636 1948,2634 2016,2634 2085,2634 2153,2635 2222,2636 2290,2639 2358,2644 2427,2648 2495,2653 2564,2660"/>
                <TextEquiv>
                    <Unicode>mahlen ime nit bekant wan sy genesen.</Unicode>
                </TextEquiv>
            </TextLine>
            <TextLine id="r2l14" custom="readingOrder {index:13;} DIWO {offset:21; length:8;}">
                <Coords points="1124,2828 1279,2758 1894,2749 2232,2756 2347,2820 2550,2757 2697,2818 2696,2725 2406,2660 2333,2708 1873,2657 1295,2726 1189,2661 1123,2688"/>
                <Baseline points="1136,2768 1213,2766 1291,2764 1368,2762 1446,2760 1523,2759 1601,2758 1678,2756 1756,2754 1833,2754 1911,2752 1988,2752 2066,2752 2143,2752 2221,2752 2298,2754 2376,2754 2453,2756 2531,2759 2608,2762 2686,2766"/>
                <TextEquiv>
                    <Unicode>In confrontation des meidlins (immo dirnen)</Unicode>
                </TextEquiv>
            </TextLine>
            <TextLine id="r2l15" custom="readingOrder {index:14;} person {offset:12; length:6;}">
                <Coords points="1183,2864 1327,2898 1582,2835 1960,2839 2029,2890 2122,2830 2436,2871 2609,2841 2496,2765 2343,2808 2194,2765 2009,2804 1899,2757 1845,2806 1782,2764 1515,2763 1458,2810 1293,2762 1182,2809"/>
                <Baseline points="1194,2856 1264,2854 1334,2850 1404,2846 1474,2844 1545,2842 1615,2838 1685,2836 1755,2834 1825,2833 1896,2832 1966,2830 2036,2830 2106,2830 2176,2830 2247,2830 2317,2830 2387,2832 2457,2834 2527,2836 2598,2838"/>
                <TextEquiv>
                    <Unicode>bekente hn. Binder wahr sein, dass er</Unicode>
                </TextEquiv>
            </TextLine>
            <TextLine id="r2l16" custom="readingOrder {index:15;}">
                <Coords points="1183,2954 1493,2926 1604,2970 1679,2925 1780,2976 1845,2918 1903,2956 2017,2910 2157,2949 2314,2914 2390,2966 2651,2940 2649,2863 2558,2844 1581,2835 1276,2905 1181,2861"/>
                <Baseline points="1194,2936 1266,2934 1338,2931 1410,2928 1482,2926 1555,2922 1627,2918 1699,2916 1771,2914 1843,2910 1916,2908 1988,2906 2060,2906 2132,2904 2204,2904 2277,2906 2349,2906 2421,2908 2493,2912 2565,2916 2638,2922"/>
                <TextEquiv>
                    <Unicode>vor etwas zeits (wüsse aber nit eigentlich</Unicode>
                </TextEquiv>
            </TextLine>
            <TextLine id="r2l17" custom="readingOrder {index:16;}">
                <Coords points="1176,3028 1382,3056 1683,3013 1730,3053 1809,3004 2044,2996 2130,3045 2250,2995 2411,3041 2669,3012 2668,2945 2392,2965 2315,2914 2151,2946 2093,2908 1902,2955 1766,2904 1603,2971 1492,2927 1175,2977"/>
                <Baseline points="1188,3016 1261,3014 1335,3011 1408,3009 1482,3006 1555,3004 1629,3001 1702,2998 1776,2996 1849,2994 1923,2990 1996,2988 2070,2988 2143,2986 2217,2986 2290,2988 2364,2988 2437,2992 2511,2994 2584,2999 2658,3004"/>
                <TextEquiv>
                    <Unicode>wan) dieselbige der unküschheit angeredt,</Unicode>
                </TextEquiv>
            </TextLine>
            <TextLine id="r2l18" custom="readingOrder {index:17;}">
                <Coords points="1215,3107 1946,3085 2114,3128 2211,3077 2458,3075 2532,3129 2641,3072 2640,3015 2396,3042 2297,3000 2129,3044 1895,2994 1726,3054 1675,3011 1411,3057 1214,3030"/>
                <Baseline points="1226,3094 1296,3092 1366,3089 1436,3087 1506,3084 1577,3082 1647,3080 1717,3078 1787,3076 1857,3076 1928,3074 1998,3073 2068,3072 2138,3072 2208,3072 2279,3072 2349,3072 2419,3072 2489,3072 2559,3072 2630,3074"/>
                <TextEquiv>
                    <Unicode>die ime geantwortet, ja und wan sy</Unicode>
                </TextEquiv>
            </TextLine>
            <TextLine id="r2l19" custom="readingOrder {index:18;}">
                <Coords points="1188,3220 1246,3180 1662,3164 1734,3204 2254,3151 2559,3181 2604,3111 2531,3128 2459,3075 2389,3121 2203,3085 2110,3126 1986,3089 1712,3125 1627,3080 1380,3084 1187,3153"/>
                <Baseline points="1198,3180 1267,3175 1337,3172 1407,3170 1477,3166 1547,3164 1616,3162 1686,3160 1756,3158 1826,3157 1896,3156 1965,3154 2035,3154 2105,3154 2175,3154 2245,3154 2314,3154 2384,3154 2454,3155 2524,3156 2594,3158"/>
                <TextEquiv>
                    <Unicode>ein kind bekäme, was wurde die fraw</Unicode>
                </TextEquiv>
            </TextLine>
            <TextLine id="r2l20" custom="readingOrder {index:19;} speech {offset:36; length:3; continued:true;}">
                <Coords points="1191,3296 1238,3265 1335,3299 1420,3249 1495,3298 1573,3239 2167,3276 2218,3241 2276,3280 2497,3241 2496,3163 2393,3198 2258,3153 1864,3166 1733,3206 1682,3168 1474,3207 1359,3173 1189,3218"/>
                <Baseline points="1202,3260 1266,3256 1330,3253 1394,3250 1458,3248 1523,3244 1587,3244 1651,3241 1715,3240 1779,3238 1844,3238 1908,3236 1972,3236 2036,3234 2100,3234 2165,3232 2229,3232 2293,3230 2357,3230 2421,3228 2486,3226"/>
                <TextEquiv>
                    <Unicode>darzuo sagen?, daruff er imme gsagt und</Unicode>
                </TextEquiv>
            </TextLine>
            <TextLine id="r2l21" custom="readingOrder {index:20;} speech {offset:0; length:8; continued:true;} textStyle {offset:32; length:1;strikethrough:true;}">
                <Coords points="1191,3349 1606,3321 1704,3373 1915,3319 2563,3326 2592,3238 2157,3287 1990,3237 1789,3293 1570,3242 1498,3297 1442,3266 1190,3317"/>
                <Baseline points="1202,3342 1271,3340 1340,3336 1409,3334 1478,3330 1547,3328 1616,3326 1685,3322 1754,3320 1823,3318 1892,3314 1961,3313 2030,3310 2099,3308 2168,3308 2237,3306 2306,3306 2375,3306 2444,3306 2513,3306 2582,3306"/>
                <TextEquiv>
                    <Unicode>was dan? Er habe doch kein kind w und</Unicode>
                </TextEquiv>
            </TextLine>
            <TextLine id="r2l22" custom="readingOrder {index:21;}">
                <Coords points="1172,3462 1649,3434 1748,3387 2533,3415 2564,3353 2430,3317 2168,3361 2039,3314 1837,3362 1772,3327 1702,3375 1602,3320 1380,3379 1168,3343"/>
                <Baseline points="1182,3432 1250,3427 1319,3420 1387,3417 1456,3411 1525,3407 1593,3404 1662,3401 1730,3398 1799,3397 1868,3396 1936,3394 2005,3392 2073,3392 2142,3392 2211,3392 2279,3392 2348,3392 2416,3392 2485,3392 2554,3392"/>
                <TextEquiv>
                    <Unicode>wan er eins von ira bekäme, wolte er</Unicode>
                </TextEquiv>
            </TextLine>
            <TextLine id="r2l23" custom="readingOrder {index:22;}">
                <Coords points="2114,3509 2132,3513 2166,3483 2265,3523 2351,3466 2472,3496 2529,3479 2548,3497 2577,3483 2576,3408 2551,3397 2503,3430 2444,3424 2401,3445 2309,3410 2240,3411 2206,3435 2112,3420"/>
                <Baseline points="2124,3480 2150,3477 2176,3475 2202,3474 2228,3473 2254,3472 2280,3472 2306,3471 2332,3470 2358,3470 2384,3470 2410,3470 2436,3470 2462,3470 2488,3470 2514,3470 2540,3470 2566,3470"/>
                <TextEquiv>
                    <Unicode>welche wort</Unicode>
                </TextEquiv>
            </TextLine>
            <TextLine id="r2l24" custom="readingOrder {index:23;}">
                <Coords points="1184,3532 1279,3507 1329,3536 1396,3505 1455,3533 1574,3527 1608,3492 1674,3522 1710,3485 1847,3472 1842,3408 1814,3403 1754,3452 1666,3414 1629,3445 1570,3421 1344,3466 1315,3445 1179,3462"/>
                <Baseline points="1194,3514 1226,3511 1258,3509 1290,3506 1322,3503 1354,3500 1386,3498 1418,3494 1450,3493 1482,3491 1515,3488 1547,3486 1579,3484 1611,3482 1643,3478 1675,3476 1707,3475 1739,3472 1771,3470 1803,3469 1836,3468"/>
                <TextEquiv>
                    <Unicode>es gern ufferzüchen.</Unicode>
                </TextEquiv>
            </TextLine>
            <TextLine id="r2l25" custom="readingOrder {index:24;}">
                <Coords points="1210,3605 1545,3565 1656,3612 1733,3570 2577,3583 2576,3528 2025,3509 1882,3447 1769,3512 1209,3519"/>
                <Baseline points="1222,3584 1289,3579 1356,3575 1423,3572 1490,3568 1558,3566 1625,3564 1692,3562 1759,3562 1826,3560 1894,3560 1961,3560 2028,3560 2095,3560 2162,3560 2230,3562 2297,3562 2364,3562 2431,3562 2498,3562 2566,3562"/>
                <TextEquiv>
                    <Unicode>die dirnen bestätiget und darbei ange¬</Unicode>
                </TextEquiv>
            </TextLine>
            <TextLine id="r2l26" custom="readingOrder {index:25;} person {offset:11; length:6;}">
                <Coords points="1171,3724 1346,3674 1438,3711 1558,3652 1783,3697 2020,3648 2245,3691 2297,3647 2375,3693 2574,3659 2573,3590 2415,3611 2341,3559 2246,3604 2088,3565 1647,3605 1543,3566 1169,3624"/>
                <Baseline points="1182,3670 1251,3665 1320,3660 1389,3656 1458,3653 1527,3651 1596,3648 1665,3646 1734,3644 1803,3644 1872,3642 1941,3642 2010,3642 2079,3642 2148,3642 2217,3642 2286,3644 2355,3644 2424,3644 2493,3645 2562,3646"/>
                <TextEquiv>
                    <Unicode>zeigt, hn. Binder habe ira fürgeben es</Unicode>
                </TextEquiv>
            </TextLine>
            <TextLine id="r2l27" custom="readingOrder {index:26;}">
                <Coords points="2465,3740 2476,3740 2499,3717 2515,3715 2531,3720 2554,3743 2561,3738 2565,3743 2581,3727 2599,3727 2599,3660 2581,3658 2565,3672 2556,3672 2526,3647 2487,3679 2465,3679"/>
                <Baseline points="2476,3710 2504,3707 2532,3706 2560,3707 2588,3710"/>
                <TextEquiv>
                    <Unicode>sich</Unicode>
                </TextEquiv>
            </TextLine>
            <TextLine id="r2l28" custom="readingOrder {index:27;}">
                <Coords points="1178,3766 1758,3731 1991,3774 2174,3722 2277,3779 2343,3719 2454,3729 2452,3677 2298,3647 2246,3690 2181,3651 2103,3695 1882,3652 1776,3706 1516,3654 1444,3709 1356,3671 1177,3720"/>
                <Baseline points="1190,3758 1252,3754 1315,3749 1377,3745 1440,3742 1503,3738 1565,3737 1628,3734 1690,3732 1753,3730 1816,3730 1878,3728 1941,3726 2003,3726 2066,3724 2129,3722 2191,3720 2254,3718 2316,3716 2379,3714 2442,3710"/>
                <TextEquiv>
                    <Unicode>sye kein sünd, wan sy schon mit ime</Unicode>
                </TextEquiv>
            </TextLine>
            <TextLine id="r2l29" custom="readingOrder {index:28;}">
                <Coords points="1167,3875 1550,3821 1708,3883 2055,3812 2141,3853 2229,3802 2422,3826 2494,3805 2491,3705 2333,3774 2172,3729 1997,3780 1758,3732 1622,3783 1225,3749 1165,3786"/>
                <Baseline points="1178,3838 1243,3834 1308,3831 1373,3828 1438,3826 1504,3824 1569,3822 1634,3820 1699,3818 1764,3818 1830,3816 1895,3814 1960,3812 2025,3810 2090,3808 2156,3806 2221,3804 2286,3801 2351,3798 2416,3794 2482,3790"/>
                <TextEquiv>
                    <Unicode>fleischlichen vermische, wan sy nur mit</Unicode>
                </TextEquiv>
            </TextLine>
            <TextLine id="r2l30" custom="readingOrder {index:29;}">
                <Coords points="1181,3948 1365,3976 1405,3935 1589,3920 1685,3960 1822,3914 2003,3965 2255,3908 2327,3951 2498,3858 2391,3807 1896,3870 1797,3837 1719,3888 1552,3823 1415,3832 1348,3887 1177,3852"/>
                <Baseline points="1192,3928 1256,3927 1321,3925 1386,3923 1451,3922 1516,3920 1580,3918 1645,3916 1710,3913 1775,3912 1840,3908 1904,3906 1969,3904 2034,3902 2099,3900 2164,3896 2228,3894 2293,3892 2358,3888 2423,3886 2488,3882"/>
                <TextEquiv>
                    <Unicode>keinem anderen dan mit ime zu thuon</Unicode>
                </TextEquiv>
            </TextLine>
            <TextLine id="r2l31" custom="readingOrder {index:30;}">
                <Coords points="1171,4070 1183,4069 1214,4036 1223,4043 1252,4024 1264,4030 1279,4014 1296,4025 1311,4015 1325,4021 1347,4000 1366,4016 1391,4010 1390,3974 1369,3970 1363,3977 1316,3939 1252,3962 1222,3940 1206,3956 1168,3964"/>
                <Baseline points="1180,4012 1205,4010 1230,4009 1255,4008 1280,4008 1305,4008 1330,4006 1355,4006 1380,4004"/>
                <TextEquiv>
                    <Unicode>habe.</Unicode>
                </TextEquiv>
            </TextLine>
            <TextLine id="r2l32" custom="readingOrder {index:31;}">
                <Coords points="2357,4120 2369,4118 2372,4113 2381,4111 2391,4114 2402,4112 2388,4029 2368,4035 2359,4034 2354,4030 2342,4032"/>
                <Baseline points="2364,4094 2388,4090"/>
                <TextEquiv>
                    <Unicode></Unicode>
                </TextEquiv>
            </TextLine>
            <TextLine id="r2l33" custom="readingOrder {index:32;}">
                <Coords points="1169,4164 1257,4113 1421,4172 1500,4106 1809,4124 1862,4164 1996,4116 2051,4152 2165,4097 2304,4111 2303,4024 2017,3990 1942,4041 1736,4036 1523,3980 1167,4071"/>
                <Baseline points="1180,4116 1235,4116 1291,4115 1347,4114 1402,4112 1458,4112 1514,4110 1569,4108 1625,4106 1681,4104 1737,4104 1792,4102 1848,4100 1904,4100 1959,4099 2015,4098 2071,4098 2126,4100 2182,4100 2238,4102 2294,4104"/>
                <TextEquiv>
                    <Unicode>Hieruf und uff obigen ir gnd. befelch</Unicode>
                </TextEquiv>
            </TextLine>
            <TextLine id="r2l34" custom="readingOrder {index:33;}">
                <Coords points="1150,4201 1472,4231 1561,4184 1865,4189 1939,4234 2041,4189 2176,4223 2233,4182 2364,4226 2434,4149 2333,4102 2161,4100 2052,4152 1958,4098 1755,4145 1500,4105 1430,4163 1261,4119 1149,4169"/>
                <Baseline points="1160,4208 1223,4203 1286,4199 1349,4196 1412,4193 1475,4190 1538,4189 1601,4188 1664,4186 1727,4186 1791,4186 1854,4186 1917,4186 1980,4186 2043,4186 2106,4186 2169,4186 2232,4186 2295,4184 2358,4184 2422,4182"/>
                <TextEquiv>
                    <Unicode>ist ermelte dirnen in strecki thurn ge¬</Unicode>
                </TextEquiv>
            </TextLine>
            <TextLine id="r2l35" custom="readingOrder {index:34;}">
                <Coords points="1172,4323 1537,4272 1786,4293 1820,4258 1866,4298 1962,4265 2216,4309 2355,4265 2416,4319 2525,4274 2523,4199 2286,4237 1865,4189 1519,4192 1468,4234 1170,4209"/>
                <Baseline points="1182,4286 1248,4282 1315,4278 1381,4274 1448,4272 1514,4270 1581,4268 1647,4268 1714,4266 1780,4266 1847,4266 1913,4264 1980,4264 2046,4264 2113,4264 2179,4264 2246,4262 2312,4262 2379,4260 2445,4258 2512,4256"/>
                <TextEquiv>
                    <Unicode>fuehrt und daselbst zum anderen mahl</Unicode>
                </TextEquiv>
            </TextLine>
            <TextLine id="r2l36" custom="readingOrder {index:35;}">
                <Coords points="1148,4394 1242,4429 1314,4361 1840,4355 1962,4407 2020,4349 2155,4343 2387,4382 2430,4367 2428,4267 2278,4311 1971,4263 1868,4299 1822,4257 1784,4294 1591,4277 1521,4327 1468,4294 1146,4323"/>
                <Baseline points="1158,4366 1221,4365 1284,4364 1347,4362 1410,4360 1473,4359 1536,4357 1599,4356 1662,4354 1725,4352 1788,4352 1851,4350 1914,4348 1977,4348 2040,4346 2103,4345 2166,4344 2229,4344 2292,4342 2355,4342 2418,4342"/>
                <TextEquiv>
                    <Unicode>lähr an der marter ufzogen worden,</Unicode>
                </TextEquiv>
            </TextLine>
            <TextLine id="r2l37" custom="readingOrder {index:36;}">
                <Coords points="1188,4510 1297,4447 1670,4465 1729,4432 1967,4491 2047,4438 2417,4422 2456,4458 2485,4357 2382,4385 2304,4345 2256,4385 2082,4346 1941,4414 1840,4356 1595,4361 1493,4408 1358,4378 1187,4421"/>
                <Baseline points="1198,4450 1261,4446 1325,4446 1389,4444 1453,4442 1517,4442 1580,4440 1644,4440 1708,4440 1772,4440 1836,4438 1899,4438 1963,4438 2027,4438 2091,4437 2155,4436 2218,4435 2282,4434 2346,4432 2410,4430 2474,4428"/>
                <TextEquiv>
                    <Unicode>hatt aber über hieuorige bekantnuss</Unicode>
                </TextEquiv>
            </TextLine>
            <TextLine id="r2l38" custom="readingOrder {index:37;}">
                <Coords points="1175,4556 1722,4531 1784,4571 1879,4517 2054,4562 2416,4522 2497,4559 2523,4458 2413,4426 2192,4491 2107,4456 1963,4490 1729,4432 1543,4500 1473,4460 1332,4498 1174,4469"/>
                <Baseline points="1186,4534 1252,4532 1318,4530 1384,4530 1451,4528 1517,4527 1583,4526 1650,4524 1716,4524 1782,4522 1849,4522 1915,4520 1981,4518 2047,4518 2114,4516 2180,4516 2246,4516 2313,4514 2379,4513 2445,4512 2512,4512"/>
                <TextEquiv>
                    <Unicode>verners nichts verjächen wöllen, sondern</Unicode>
                </TextEquiv>
            </TextLine>
            <TextLine id="r2l39" custom="readingOrder {index:38;}">
                <Coords points="1176,4659 1292,4605 1466,4671 1555,4613 1663,4660 1706,4627 1825,4665 1880,4625 2113,4645 2227,4602 2533,4612 2558,4553 1986,4567 1876,4518 1797,4576 1728,4538 1174,4556"/>
                <Baseline points="1186,4610 1254,4610 1322,4610 1390,4610 1458,4610 1526,4610 1594,4610 1662,4610 1730,4610 1798,4610 1866,4610 1934,4610 2002,4608 2070,4608 2138,4606 2206,4604 2274,4602 2342,4599 2410,4596 2478,4592 2546,4588"/>
                <TextEquiv>
                    <Unicode>dieselbige nochmahlen an der marter</Unicode>
                </TextEquiv>
            </TextLine>
            <TextLine id="r2l40" custom="readingOrder {index:39;}">
                <Coords points="1165,4717 1883,4724 2017,4676 2421,4736 2479,4687 2630,4689 2629,4637 2483,4600 1848,4661 1699,4626 1619,4664 1550,4617 1471,4667 1285,4617 1164,4664"/>
                <Baseline points="1176,4704 1248,4702 1320,4699 1392,4698 1464,4696 1536,4695 1608,4694 1680,4694 1752,4692 1824,4692 1897,4692 1969,4692 2041,4690 2113,4690 2185,4688 2257,4686 2329,4686 2401,4684 2473,4680 2545,4678 2618,4674"/>
                <TextEquiv>
                    <Unicode>erhalten mit vermelden, dass sy zwar</Unicode>
                </TextEquiv>
            </TextLine>
            <TextLine id="r2l41" custom="readingOrder {index:40;}">
                <Coords points="1162,4833 1553,4787 2127,4839 2220,4783 2586,4774 2585,4689 2368,4742 2169,4692 2041,4751 1828,4694 1664,4742 1597,4697 1511,4746 1161,4723"/>
                <Baseline points="1174,4792 1244,4788 1314,4783 1384,4780 1454,4778 1524,4777 1594,4776 1664,4776 1734,4776 1804,4777 1874,4778 1944,4778 2014,4778 2084,4778 2154,4778 2224,4776 2294,4775 2364,4772 2434,4768 2504,4763 2574,4756"/>
                <TextEquiv>
                    <Unicode>ein ursach ires kindts tod, in dem dass</Unicode>
                </TextEquiv>
            </TextLine>
            <TextLine id="r2l42" custom="readingOrder {index:41;}">
                <Coords points="1158,4893 1642,4868 1750,4906 1944,4867 2328,4927 2429,4865 2591,4862 2591,4780 2527,4821 2328,4776 2250,4836 2081,4843 1651,4788 1158,4833"/>
                <Baseline points="1170,4876 1240,4872 1311,4868 1381,4866 1452,4864 1522,4862 1593,4862 1663,4864 1734,4864 1804,4866 1875,4866 1945,4868 2016,4868 2086,4870 2157,4870 2227,4868 2298,4868 2368,4865 2439,4862 2509,4858 2580,4852"/>
                <TextEquiv>
                    <Unicode>sy niemandts nichts daruon gesagt und</Unicode>
                </TextEquiv>
            </TextLine>
            <TextLine id="r2l43" custom="readingOrder {index:42;}">
                <Coords points="1129,4981 1399,4945 1555,5002 1680,4963 1879,4999 2268,4953 2366,5001 2469,4960 2469,4910 2414,4876 2204,4924 1943,4867 1751,4906 1641,4869 1564,4917 1326,4876 1129,4931"/>
                <Baseline points="1140,4960 1205,4957 1271,4954 1337,4952 1403,4952 1469,4952 1535,4952 1601,4953 1667,4954 1733,4954 1799,4956 1864,4956 1930,4956 1996,4958 2062,4958 2128,4958 2194,4956 2260,4955 2326,4953 2392,4950 2458,4946"/>
                <TextEquiv>
                    <Unicode>in der genisst nit besser sorg darzuo</Unicode>
                </TextEquiv>
            </TextLine>
            <TextLine id="r2l44" custom="readingOrder {index:43;}">
                <Coords points="1153,5099 1208,5055 1583,5090 1779,5045 1979,5106 2257,5031 2477,5078 2580,5047 2579,4919 2412,5007 2246,5008 2190,4960 1845,5013 1738,4968 1555,5005 1420,4958 1153,4973"/>
                <Baseline points="1164,5048 1234,5048 1304,5046 1374,5044 1444,5044 1515,5044 1585,5044 1655,5044 1725,5045 1795,5046 1866,5046 1936,5046 2006,5046 2076,5046 2146,5046 2217,5044 2287,5042 2357,5042 2427,5038 2497,5036 2568,5032"/>
                <TextEquiv>
                    <Unicode>gehabt, es syen aber die grossen schmertzen</Unicode>
                </TextEquiv>
            </TextLine>
            <TextLine id="r2l45" custom="readingOrder {index:44;} DIWO {offset:4; length:9;}">
                <Coords points="1159,5167 1721,5131 1991,5181 2103,5135 2389,5148 2437,5063 2355,5089 2258,5032 2112,5103 2039,5064 1966,5103 1776,5046 1579,5095 1447,5061 1317,5098 1207,5055 1159,5091"/>
                <Baseline points="1170,5136 1232,5136 1295,5134 1358,5134 1421,5133 1484,5132 1546,5132 1609,5132 1672,5132 1735,5132 1798,5132 1860,5132 1923,5132 1986,5132 2049,5132 2112,5132 2174,5132 2237,5132 2300,5132 2363,5132 2426,5132"/>
                <TextEquiv>
                    <Unicode>und gächligen überfähl der kindtswehe,</Unicode>
                </TextEquiv>
            </TextLine>
            <TextLine id="r2l46" custom="readingOrder {index:45;}">
                <Coords points="1162,5246 1365,5231 1475,5285 1621,5224 2063,5268 2547,5239 2546,5159 2345,5131 1856,5192 1721,5131 1632,5169 1501,5136 1161,5194"/>
                <Baseline points="1172,5228 1240,5226 1308,5225 1376,5224 1444,5222 1513,5222 1581,5220 1649,5220 1717,5220 1785,5220 1854,5220 1922,5220 1990,5218 2058,5218 2126,5218 2195,5218 2263,5217 2331,5216 2399,5214 2467,5214 2536,5212"/>
                <TextEquiv>
                    <Unicode>auch die ohnmacht in welche sy alsbald</Unicode>
                </TextEquiv>
            </TextLine>
            <TextLine id="r2l47" custom="readingOrder {index:46;}">
                <Coords points="1157,5324 1554,5322 1614,5363 1669,5310 1772,5362 2003,5362 2178,5310 2248,5364 2311,5300 2457,5310 2500,5211 2075,5281 1901,5223 1821,5277 1624,5223 1476,5280 1398,5235 1156,5267"/>
                <Baseline points="1168,5308 1234,5308 1300,5308 1366,5308 1432,5308 1498,5308 1564,5308 1630,5308 1696,5308 1762,5308 1829,5308 1895,5308 1961,5307 2027,5306 2093,5306 2159,5304 2225,5302 2291,5300 2357,5298 2423,5296 2490,5292"/>
                <TextEquiv>
                    <Unicode>nach der genisst gefallen, die schuld</Unicode>
                </TextEquiv>
            </TextLine>
            <TextLine id="r2l48" custom="readingOrder {index:47;} person {offset:4; length:4;}">
                <Coords points="1076,5463 1224,5396 2580,5392 2632,5291 2515,5264 2251,5361 2170,5309 2052,5365 1214,5306 1075,5363"/>
                <Baseline points="1086,5394 1162,5392 1239,5392 1316,5392 1393,5392 1470,5392 1546,5392 1623,5392 1700,5392 1777,5392 1854,5392 1930,5392 2007,5392 2084,5391 2161,5390 2238,5388 2314,5386 2391,5383 2468,5380 2545,5376 2622,5370"/>
                <TextEquiv>
                    <Unicode>dan Gott und irem gewüssen sye bekant,</Unicode>
                </TextEquiv>
            </TextLine>
            <TextLine id="r2l49" custom="readingOrder {index:48;}">
                <Coords points="1137,5515 2218,5516 2586,5471 2585,5398 2331,5425 2264,5378 1906,5444 1272,5396 1136,5446"/>
                <Baseline points="1148,5480 1219,5478 1290,5478 1361,5478 1433,5478 1504,5478 1575,5478 1647,5480 1718,5480 1789,5480 1861,5480 1932,5480 2003,5478 2074,5478 2146,5476 2217,5473 2288,5470 2360,5466 2431,5461 2502,5455 2574,5448"/>
                <TextEquiv>
                    <Unicode>dass sy vorsetzlicher weiss dasselbig nit</Unicode>
                </TextEquiv>
            </TextLine>
            <TextLine id="r2l50" custom="readingOrder {index:49;}">
                <Coords points="1149,5591 1277,5563 1389,5612 1446,5566 1645,5562 1730,5610 1880,5551 2185,5609 2255,5553 2438,5575 2481,5474 2157,5536 1914,5487 1713,5532 1573,5490 1512,5531 1297,5485 1244,5531 1148,5509"/>
                <Baseline points="1160,5566 1225,5564 1291,5562 1356,5560 1422,5560 1487,5558 1553,5558 1618,5558 1684,5558 1749,5558 1815,5558 1880,5558 1946,5558 2011,5558 2077,5558 2142,5558 2208,5556 2273,5556 2339,5554 2404,5552 2470,5548"/>
                <TextEquiv>
                    <Unicode>gethan noch jemahlen im sinn gehabt</Unicode>
                </TextEquiv>
            </TextLine>
            <TextLine id="r2l51" custom="readingOrder {index:50;}">
                <Coords points="1146,5673 1302,5644 1690,5677 1839,5632 1887,5673 2175,5677 2413,5656 2413,5594 2255,5553 2184,5608 2020,5567 1942,5611 1859,5577 1729,5611 1686,5568 1446,5566 1386,5611 1274,5566 1146,5616"/>
                <Baseline points="1158,5652 1220,5649 1282,5644 1344,5642 1406,5640 1469,5640 1531,5640 1593,5640 1655,5640 1717,5642 1780,5644 1842,5644 1904,5646 1966,5647 2028,5648 2091,5648 2153,5646 2215,5645 2277,5642 2339,5638 2402,5634"/>
                <TextEquiv>
                    <Unicode>das kind zuouerderben, sondern wan</Unicode>
                </TextEquiv>
            </TextLine>
            <TextLine id="r2l52" custom="readingOrder {index:51;}">
                <Coords points="1160,5762 1258,5718 1459,5770 1683,5722 1834,5767 1990,5732 2061,5777 2298,5720 2410,5769 2566,5714 2565,5641 2458,5634 2296,5690 2037,5650 1159,5664"/>
                <Baseline points="1170,5720 1239,5720 1308,5720 1377,5720 1446,5720 1516,5720 1585,5722 1654,5723 1723,5724 1792,5726 1862,5726 1931,5727 2000,5728 2069,5727 2138,5726 2208,5724 2277,5723 2346,5719 2415,5715 2484,5710 2554,5702"/>
                <TextEquiv>
                    <Unicode>dasselbig das leben gehabt hette, sölches</Unicode>
                </TextEquiv>
            </TextLine>
            <TextLine id="r2l53" custom="readingOrder {index:52;} DIWO {offset:0; length:13;}">
                <Coords points="1147,5817 1270,5856 1423,5801 1855,5852 1938,5813 2006,5872 2104,5872 2182,5811 2351,5852 2537,5809 2537,5722 2409,5770 2294,5724 2063,5776 1951,5735 1794,5783 1462,5771 1403,5723 1147,5767"/>
                <Baseline points="1158,5804 1226,5803 1294,5802 1363,5802 1431,5802 1500,5804 1568,5804 1636,5806 1705,5808 1773,5810 1842,5812 1910,5812 1978,5814 2047,5814 2115,5814 2184,5812 2252,5810 2320,5805 2389,5801 2457,5795 2526,5788"/>
                <TextEquiv>
                    <Unicode>einzuofäschen in ein ander huss zuotragen und</Unicode>
                </TextEquiv>
            </TextLine>
            <TextLine id="r2l54" custom="readingOrder {index:53;}">
                <Coords points="1081,5916 1209,5897 1275,5954 1356,5903 1499,5958 1719,5932 1846,5949 1848,5841 1808,5822 1741,5844 1695,5824 1656,5863 1595,5811 1551,5838 1483,5800 1378,5828 1314,5813 1270,5855 1186,5806 1083,5829"/>
                <Baseline points="1092,5890 1129,5890 1166,5890 1203,5890 1240,5890 1278,5890 1315,5890 1352,5890 1389,5891 1426,5892 1464,5892 1501,5892 1538,5894 1575,5894 1612,5896 1650,5896 1687,5898 1724,5900 1761,5902 1798,5902 1836,5906"/>
                <TextEquiv>
                    <Unicode>darzuo sorg zuehalten.</Unicode>
                </TextEquiv>
            </TextLine>
            <TextEquiv>
                <Unicode>Madlena Kaltschmid hieuorgenant,
den 21. martii jars obstath ist uss ir gnd.
befelch durch mhhen. Lentulum und jr. gross¬
weibel von Luternaw hn. Hans Jacob
Binder über die von seiner hieuorgenanten
dirnen beschechene anklag verhört worden,
dass er weder von dem, dass
zeigt an,
die dirnen schwanger gewesen, eines kindts
genäsen noch einich kind begraben gewüsst,
dass er aber sich der genisst, ime die un¬
küschheit angemuothet, wüsse er nit, sitten¬
mahlen ime nit bekant wan sy genesen.
In confrontation des meidlins (immo dirnen)
bekente hn. Binder wahr sein, dass er
vor etwas zeits (wüsse aber nit eigentlich
wan) dieselbige der unküschheit angeredt,
die ime geantwortet, ja und wan sy
ein kind bekäme, was wurde die fraw
darzuo sagen?, daruff er imme gsagt und
was dan? Er habe doch kein kind w und
wan er eins von ira bekäme, wolte er
welche wort
es gern ufferzüchen.
die dirnen bestätiget und darbei ange¬
zeigt, hn. Binder habe ira fürgeben es
sich
sye kein sünd, wan sy schon mit ime
fleischlichen vermische, wan sy nur mit
keinem anderen dan mit ime zu thuon
habe.

Hieruf und uff obigen ir gnd. befelch
ist ermelte dirnen in strecki thurn ge¬
fuehrt und daselbst zum anderen mahl
lähr an der marter ufzogen worden,
hatt aber über hieuorige bekantnuss
verners nichts verjächen wöllen, sondern
dieselbige nochmahlen an der marter
erhalten mit vermelden, dass sy zwar
ein ursach ires kindts tod, in dem dass
sy niemandts nichts daruon gesagt und
in der genisst nit besser sorg darzuo
gehabt, es syen aber die grossen schmertzen
und gächligen überfähl der kindtswehe,
auch die ohnmacht in welche sy alsbald
nach der genisst gefallen, die schuld
dan Gott und irem gewüssen sye bekant,
dass sy vorsetzlicher weiss dasselbig nit
gethan noch jemahlen im sinn gehabt
das kind zuouerderben, sondern wan
dasselbig das leben gehabt hette, sölches
einzuofäschen in ein ander huss zuotragen und
darzuo sorg zuehalten.</Unicode>
            </TextEquiv>
        </TextRegion>
        <TextRegion orientation="0.0" id="r3" custom="readingOrder {index:2;}">
            <Coords points="3000,1579 3000,6242 4904,6242 4904,1579"/>
            <TextLine id="r3l1" custom="readingOrder {index:0;}">
                <Coords points="4603,1677 4623,1683 4633,1675 4647,1688 4691,1691 4720,1671 4736,1677 4776,1665 4800,1681 4827,1682 4839,1568 4788,1554 4758,1578 4726,1577 4690,1566 4680,1554 4658,1561 4640,1540 4618,1533"/>
                <Baseline points="4620,1620 4645,1625 4670,1627 4695,1630 4720,1633 4745,1635 4770,1638 4795,1640 4820,1642"/>
                <TextEquiv>
                    <Unicode>191</Unicode>
                </TextEquiv>
            </TextLine>
            <TextLine id="r3l2" custom="readingOrder {index:1;} person {offset:21; length:18;}">
                <Coords points="3206,1713 3548,1736 3633,1694 3869,1736 3939,1700 4528,1770 4659,1763 4663,1687 4398,1617 3950,1653 3212,1578"/>
                <Baseline points="3218,1702 3289,1695 3361,1691 3432,1688 3504,1688 3575,1688 3647,1690 3718,1692 3790,1695 3861,1699 3933,1705 4004,1710 4076,1715 4147,1721 4219,1727 4290,1732 4362,1737 4433,1741 4505,1746 4576,1748 4648,1750"/>
                <TextEquiv>
                    <Unicode>über hieuorgedachter Madlena Kaltschmid</Unicode>
                </TextEquiv>
            </TextLine>
            <TextLine id="r3l3" custom="readingOrder {index:2;}">
                <Coords points="3326,1827 3504,1780 3674,1826 3839,1770 4004,1772 4092,1838 4321,1790 4715,1836 4718,1753 4571,1782 3924,1707 3735,1739 3627,1693 3330,1745"/>
                <Baseline points="3340,1782 3408,1776 3476,1772 3544,1770 3612,1768 3681,1768 3749,1770 3817,1770 3885,1774 3953,1776 4022,1780 4090,1784 4158,1789 4226,1794 4294,1799 4363,1802 4431,1806 4499,1811 4567,1815 4635,1819 4704,1822"/>
                <TextEquiv>
                    <Unicode>gethane vergicht haben mghen. die räth erkent,</Unicode>
                </TextEquiv>
            </TextLine>
            <TextLine id="r3l4" custom="readingOrder {index:3;}">
                <Coords points="4202,1831 4214,1832 4228,1824 4245,1837 4304,1826 4319,1836 4335,1835 4337,1806 4326,1805 4313,1792 4301,1798 4288,1792 4283,1797 4264,1800 4247,1784 4238,1784 4228,1792 4206,1790"/>
                <Baseline points="4216,1814 4243,1821 4270,1822 4297,1823 4324,1826"/>
                <TextEquiv>
                    <Unicode>und</Unicode>
                </TextEquiv>
            </TextLine>
            <TextLine id="r3l5" custom="readingOrder {index:4;}">
                <Coords points="3355,1910 3681,1857 3822,1895 3885,1867 4002,1922 4324,1874 4641,1898 4668,1828 3932,1826 3858,1764 3774,1823 3727,1787 3584,1831 3358,1807"/>
                <Baseline points="3368,1856 3432,1854 3496,1852 3561,1852 3625,1852 3690,1852 3754,1854 3818,1856 3883,1858 3947,1861 4012,1864 4076,1867 4140,1870 4205,1874 4269,1877 4334,1878 4398,1881 4462,1882 4527,1884 4591,1884 4656,1884"/>
                <TextEquiv>
                    <Unicode>dass sy mit ruthen geschmeitzt von statt und</Unicode>
                </TextEquiv>
            </TextLine>
            <TextLine id="r3l6" custom="readingOrder {index:5;}">
                <Coords points="3323,1948 3628,1941 3878,1995 4234,1937 4387,2009 4718,2044 4691,1885 4644,1922 4326,1874 3995,1920 3706,1861 3325,1900"/>
                <Baseline points="3336,1934 3404,1932 3473,1932 3541,1932 3610,1932 3679,1934 3747,1936 3816,1938 3884,1940 3953,1943 4022,1946 4090,1949 4159,1952 4227,1956 4296,1958 4365,1962 4433,1966 4502,1968 4570,1970 4639,1972 4708,1974"/>
                <TextEquiv>
                    <Unicode>land verwisen werden sölle. ist beschechen</Unicode>
                </TextEquiv>
            </TextLine>
            <TextLine id="r3l7" custom="readingOrder {index:6;} date {offset:4; length:15;}">
                <Coords points="3299,2062 3427,2028 3468,2054 3633,2034 3845,2095 3953,2047 4095,2092 4096,1941 3873,1997 3828,1964 3723,1980 3579,1940 3300,1971"/>
                <Baseline points="3310,2032 3348,2030 3387,2030 3426,2028 3464,2028 3503,2026 3542,2026 3580,2026 3619,2026 3658,2026 3697,2026 3735,2026 3774,2026 3813,2028 3851,2028 3890,2029 3929,2030 3967,2032 4006,2032 4045,2034 4084,2036"/>
                <TextEquiv>
                    <Unicode>den 22. martii 1655.</Unicode>
                </TextEquiv>
            </TextLine>
            <TextLine id="r3l8" custom="readingOrder {index:7;} person {offset:4; length:6;}">
                <Coords points="3287,2157 3864,2134 4142,2181 4453,2163 4523,2204 4707,2175 4709,2102 4365,2062 4263,2121 4027,2111 3940,2049 3840,2099 3661,2036 3435,2031 3289,2091"/>
                <Baseline points="3300,2140 3369,2138 3439,2138 3509,2136 3579,2136 3649,2136 3718,2138 3788,2138 3858,2140 3928,2143 3998,2146 4067,2148 4137,2151 4207,2154 4277,2158 4347,2161 4416,2164 4486,2168 4556,2170 4626,2174 4696,2176"/>
                <TextEquiv>
                    <Unicode>Hr. Binder aber sol neben erlag alles costens</Unicode>
                </TextEquiv>
            </TextLine>
            <TextLine id="r3l9" custom="readingOrder {index:8;}">
                <Coords points="3319,2258 3433,2204 3585,2257 3650,2215 3892,2211 3978,2257 4258,2228 4412,2288 4502,2238 4682,2289 4684,2202 4609,2177 3859,2182 3796,2139 3736,2174 3435,2133 3322,2174"/>
                <Baseline points="3332,2218 3399,2216 3466,2214 3533,2214 3600,2214 3667,2214 3734,2214 3801,2214 3868,2214 3935,2216 4002,2217 4069,2220 4136,2222 4203,2224 4270,2229 4337,2232 4404,2237 4471,2240 4538,2247 4605,2252 4672,2258"/>
                <TextEquiv>
                    <Unicode>zuo handen des newbuwenden zucht oder</Unicode>
                </TextEquiv>
            </TextLine>
            <TextLine id="r3l10" custom="readingOrder {index:9;}">
                <Coords points="3324,2315 4025,2363 4151,2352 4207,2298 4691,2341 4692,2288 4419,2236 4304,2273 4234,2225 4183,2268 4076,2224 3984,2259 3893,2211 3785,2245 3651,2215 3586,2257 3432,2205 3325,2251"/>
                <Baseline points="3336,2300 3403,2296 3470,2293 3537,2290 3604,2288 3672,2288 3739,2288 3806,2288 3873,2288 3940,2290 4008,2293 4075,2295 4142,2298 4209,2300 4276,2304 4344,2307 4411,2310 4478,2312 4545,2316 4612,2318 4680,2322"/>
                <TextEquiv>
                    <Unicode>weissenhusses zur buoss erlegen 1000 pfund.</Unicode>
                </TextEquiv>
            </TextLine>
            <TextLine id="r3l11" custom="readingOrder {index:10;} person {offset:0; length:15;}">
                <Coords points="3460,2901 3789,2906 3865,2948 3974,2906 4240,2966 4455,2907 4512,2959 4623,2936 4629,2762 4344,2800 4154,2667 4051,2751 3874,2761 3632,2633 3571,2665 3469,2623"/>
                <Baseline points="3472,2876 3529,2876 3586,2876 3643,2878 3700,2879 3757,2882 3814,2884 3871,2886 3928,2888 3985,2891 4042,2894 4099,2896 4156,2900 4213,2901 4270,2904 4327,2905 4384,2906 4441,2908 4498,2908 4555,2908 4612,2908"/>
                <TextEquiv>
                    <Unicode>Margreth Specht uss</Unicode>
                </TextEquiv>
            </TextLine>
            <TextLine id="r3l12" custom="readingOrder {index:11;} DIWO {offset:4; length:9;} place {offset:14; length:10;} person {offset:31; length:8;}">
                <Coords points="3321,3078 3588,3055 3801,3105 3908,3055 4109,3091 4196,3057 4466,3107 4553,3050 4763,3102 4801,2972 4584,2932 4490,2979 4399,2921 4272,2996 4090,2926 3843,2968 3774,2917 3429,2914 3321,2998"/>
                <Baseline points="3332,3054 3404,3050 3477,3048 3550,3046 3623,3044 3696,3044 3768,3044 3841,3044 3914,3044 3987,3046 4060,3046 4132,3048 4205,3048 4278,3050 4351,3051 4424,3052 4496,3054 4569,3055 4642,3056 4715,3056 4788,3056"/>
                <TextEquiv>
                    <Unicode>der kilchhöri Müllenberg hrrn. Knopffen</Unicode>
                </TextEquiv>
            </TextLine>
            <TextLine id="r3l13" custom="readingOrder {index:12;} place {offset:20; length:9;}">
                <Coords points="3325,3192 3448,3144 3549,3197 3999,3116 4090,3196 4155,3146 4539,3136 4655,3198 4779,3150 4779,3054 4630,3099 4546,3049 4482,3106 3997,3052 3803,3104 3586,3055 3325,3075"/>
                <Baseline points="3336,3142 3407,3140 3479,3138 3550,3136 3622,3134 3694,3132 3765,3132 3837,3130 3908,3130 3980,3130 4052,3130 4123,3130 4195,3130 4266,3132 4338,3133 4410,3134 4481,3136 4553,3139 4624,3142 4696,3143 4768,3146"/>
                <TextEquiv>
                    <Unicode>des predicanten zuo Cappellen dienst magt,</Unicode>
                </TextEquiv>
            </TextLine>
            <TextLine id="r3l14" custom="readingOrder {index:13;}">
                <Coords points="3331,3286 3463,3218 3589,3275 3733,3218 4005,3269 4295,3223 4410,3281 4492,3217 4677,3270 4782,3231 4783,3158 4636,3194 4540,3139 4172,3145 4078,3191 3998,3116 3331,3190"/>
                <Baseline points="3342,3230 3413,3225 3484,3220 3556,3218 3627,3214 3699,3212 3770,3212 3841,3210 3913,3210 3984,3211 4056,3212 4127,3212 4198,3214 4270,3216 4341,3216 4413,3218 4484,3220 4555,3220 4627,3222 4698,3222 4770,3222"/>
                <TextEquiv>
                    <Unicode>ist wegen etlich vergiffteten kuechlinen uss</Unicode>
                </TextEquiv>
            </TextLine>
            <TextLine id="r3l15" custom="readingOrder {index:14;}">
                <Coords points="3347,3361 3963,3294 4180,3347 4512,3314 4854,3391 4855,3233 4007,3272 3703,3223 3591,3272 3456,3225 3348,3272"/>
                <Baseline points="3360,3308 3434,3306 3508,3304 3582,3302 3656,3302 3731,3300 3805,3300 3879,3298 3953,3298 4027,3298 4102,3298 4176,3298 4250,3300 4324,3302 4398,3303 4473,3306 4547,3310 4621,3313 4695,3317 4769,3323 4844,3328"/>
                <TextEquiv>
                    <Unicode>der corgrichtlichen in die obere gfangenschafft</Unicode>
                </TextEquiv>
            </TextLine>
            <TextLine id="r3l16" custom="readingOrder {index:15;} date {offset:16; length:16;}">
                <Coords points="3321,3457 3390,3405 3497,3457 3573,3393 4332,3436 4442,3391 4572,3434 4638,3414 4639,3355 4273,3310 4154,3365 3963,3295 3749,3352 3636,3305 3571,3350 3322,3368"/>
                <Baseline points="3332,3396 3396,3394 3461,3394 3526,3392 3591,3392 3656,3392 3720,3392 3785,3394 3850,3394 3915,3396 3980,3398 4044,3398 4109,3400 4174,3402 4239,3402 4304,3404 4368,3404 4433,3404 4498,3404 4563,3402 4628,3402"/>
                <TextEquiv>
                    <Unicode>gefuehrt und am 20. martii 1655.</Unicode>
                </TextEquiv>
            </TextLine>
            <TextLine id="r3l17" custom="readingOrder {index:16;} person {offset:19; length:15;}">
                <Coords points="3354,3524 3462,3489 3532,3535 3585,3492 3649,3533 3811,3489 4268,3537 4474,3493 4657,3517 4698,3499 4699,3414 4600,3455 4409,3390 4100,3454 4036,3415 3636,3430 3574,3393 3496,3459 3355,3415"/>
                <Baseline points="3366,3484 3432,3484 3498,3484 3564,3484 3630,3484 3696,3484 3762,3484 3828,3486 3894,3486 3960,3486 4027,3488 4093,3488 4159,3490 4225,3490 4291,3490 4357,3490 4423,3492 4489,3490 4555,3490 4621,3490 4688,3488"/>
                <TextEquiv>
                    <Unicode>durch mhhen. buwh. von Graffenried</Unicode>
                </TextEquiv>
            </TextLine>
            <TextLine id="r3l18" custom="readingOrder {index:17;}">
                <Coords points="3341,3590 3465,3583 3563,3639 3652,3577 3826,3628 3968,3586 4743,3599 4743,3537 4677,3514 4448,3551 3840,3489 3342,3530"/>
                <Baseline points="3352,3578 3421,3576 3490,3575 3559,3574 3628,3572 3697,3572 3766,3572 3835,3572 3904,3570 3973,3570 4042,3572 4111,3572 4180,3572 4249,3573 4318,3574 4387,3576 4456,3576 4525,3578 4594,3580 4663,3582 4732,3586"/>
                <TextEquiv>
                    <Unicode>uss ir gnd. befelch examinirt worden,</Unicode>
                </TextEquiv>
            </TextLine>
            <TextLine id="r3l19" custom="readingOrder {index:18;}">
                <Coords points="3344,3679 3799,3699 3975,3654 4604,3735 4766,3693 4767,3601 4584,3584 4408,3626 4358,3587 4303,3627 4161,3590 3829,3630 3635,3581 3566,3635 3405,3574 3345,3599"/>
                <Baseline points="3356,3662 3426,3660 3496,3660 3566,3658 3636,3658 3706,3656 3776,3656 3846,3656 3916,3656 3986,3657 4056,3658 4126,3658 4196,3660 4266,3660 4336,3662 4406,3664 4476,3665 4546,3666 4616,3668 4686,3670 4756,3672"/>
                <TextEquiv>
                    <Unicode>hatt guottwillig und ohne marter verjächen,</Unicode>
                </TextEquiv>
            </TextLine>
            <TextLine id="r3l20" custom="readingOrder {index:19;}">
                <Coords points="3342,3808 3611,3761 3993,3828 4063,3770 4186,3809 4264,3779 4314,3828 4415,3784 4714,3801 4682,3684 4592,3746 4328,3688 4101,3727 3969,3668 3721,3720 3345,3678"/>
                <Baseline points="3354,3764 3421,3762 3489,3762 3556,3760 3624,3760 3691,3760 3759,3760 3826,3760 3894,3762 3961,3762 4029,3764 4096,3766 4164,3768 4231,3769 4299,3772 4366,3774 4434,3777 4501,3780 4569,3783 4636,3786 4704,3788"/>
                <TextEquiv>
                    <Unicode>dass sy vor ungefahr anderthalb jaren</Unicode>
                </TextEquiv>
            </TextLine>
            <TextLine id="r3l21" custom="readingOrder {index:20;} person {offset:4; length:14;} place {offset:23; length:13;}">
                <Coords points="3345,3866 3830,3853 3982,3892 4035,3847 4195,3851 4305,3890 4497,3851 4658,3927 4718,3898 4720,3809 4315,3828 4249,3779 4184,3824 4062,3772 3924,3822 3710,3764 3346,3804"/>
                <Baseline points="3356,3852 3423,3850 3491,3848 3558,3848 3626,3846 3694,3846 3761,3846 3829,3848 3896,3848 3964,3849 4032,3850 4099,3852 4167,3854 4234,3855 4302,3857 4369,3858 4437,3860 4505,3862 4572,3864 4640,3866 4708,3868"/>
                <TextEquiv>
                    <Unicode>bei Jost Güngerich von Oberdiessbach</Unicode>
                </TextEquiv>
            </TextLine>
            <TextLine id="r3l22" custom="readingOrder {index:21;}">
                <Coords points="3348,3962 4355,3960 4498,4012 4592,3961 4782,3991 4818,3914 4734,3882 4653,3924 4510,3861 3350,3878"/>
                <Baseline points="3360,3932 3432,3931 3504,3930 3576,3930 3648,3930 3721,3930 3793,3932 3865,3932 3937,3934 4009,3934 4082,3936 4154,3938 4226,3940 4298,3944 4370,3946 4443,3948 4515,3952 4587,3953 4659,3956 4731,3960 4804,3962"/>
                <TextEquiv>
                    <Unicode>ein unehlich kind erzüget, siderhar aber</Unicode>
                </TextEquiv>
            </TextLine>
            <TextLine id="r3l23" custom="readingOrder {index:22;}">
                <Coords points="3337,4042 4871,4078 4872,3998 4680,4008 4594,3960 4497,4011 4393,3961 3987,4000 3915,3953 3822,4004 3771,3952 3338,3966"/>
                <Baseline points="3348,4022 3423,4022 3499,4022 3574,4024 3650,4024 3726,4024 3801,4026 3877,4028 3952,4028 4028,4030 4104,4032 4179,4033 4255,4036 4330,4037 4406,4039 4482,4041 4557,4043 4633,4046 4708,4047 4784,4050 4860,4052"/>
                <TextEquiv>
                    <Unicode>vor ungefahr 12 wuchen sich noch verners</Unicode>
                </TextEquiv>
            </TextLine>
            <TextLine id="r3l24" custom="readingOrder {index:23;}">
                <Coords points="3345,4144 4504,4168 4692,4132 4813,4170 4855,4089 3802,4037 3605,4084 3548,4035 3346,4082"/>
                <Baseline points="3356,4118 3430,4116 3504,4116 3579,4114 3653,4114 3728,4115 3802,4116 3876,4118 3951,4118 4025,4120 4100,4122 4174,4124 4248,4126 4323,4128 4397,4130 4472,4132 4546,4132 4620,4134 4695,4134 4769,4134 4844,4134"/>
                <TextEquiv>
                    <Unicode>mit ime in unküschheit verdrabt, dannen¬</Unicode>
                </TextEquiv>
            </TextLine>
            <TextLine id="r3l25" custom="readingOrder {index:24;}">
                <Coords points="3338,4200 3536,4261 3906,4257 4007,4206 4101,4255 4469,4219 4553,4275 4677,4218 4793,4270 4855,4234 4856,4147 4776,4183 4628,4138 3338,4145"/>
                <Baseline points="3348,4206 3422,4204 3497,4204 3572,4204 3647,4202 3722,4202 3796,4204 3871,4204 3946,4204 4021,4206 4096,4206 4170,4208 4245,4208 4320,4210 4395,4210 4470,4212 4544,4212 4619,4214 4694,4214 4769,4214 4844,4214"/>
                <TextEquiv>
                    <Unicode>har sy ires erachtens widerumb schwanger</Unicode>
                </TextEquiv>
            </TextLine>
            <TextLine id="r3l26" custom="readingOrder {index:25;} person {offset:14; length:10;}">
                <Coords points="3368,4326 4037,4329 4277,4376 4380,4315 4828,4335 4829,4268 4342,4221 4253,4280 4008,4206 3889,4274 3841,4230 3782,4266 3546,4263 3457,4203 3368,4235"/>
                <Baseline points="3380,4312 3451,4310 3523,4310 3595,4310 3667,4310 3739,4310 3810,4310 3882,4310 3954,4312 4026,4312 4098,4312 4169,4314 4241,4314 4313,4314 4385,4316 4457,4316 4528,4316 4600,4314 4672,4314 4744,4314 4816,4312"/>
                <TextEquiv>
                    <Unicode>und wylen des Güngerichs ires huerigs</Unicode>
                </TextEquiv>
            </TextLine>
            <TextLine id="r3l27" custom="readingOrder {index:26;}">
                <Coords points="2499,4423 2568,4470 2857,4388 3116,4455 3235,4404 3818,4436 4158,4409 4158,4335 2498,4354"/>
                <Baseline points="3230,4414 3311,4408 3393,4402 3475,4399 3557,4396 3639,4394 3720,4392 3802,4392 3884,4392 3966,4392 4048,4392 4129,4392 4211,4392 4293,4392 4375,4394 4457,4394 4538,4394 4620,4394 4702,4392 4784,4391 4866,4390"/>
                <TextEquiv>
                    <Unicode>ehefraw sy mechtig angefindet, auch getrowt</Unicode>
                </TextEquiv>
            </TextLine>
            <TextLine id="r3l28" custom="readingOrder {index:27;}">
                <Coords points="3300,4490 3492,4531 3575,4487 4025,4514 4121,4477 4203,4527 4292,4490 4396,4526 4491,4482 4572,4528 4814,4481 4813,4426 4603,4397 4537,4436 4315,4394 4176,4443 4130,4399 3897,4453 3700,4408 3611,4450 3556,4409 3300,4433"/>
                <Baseline points="3312,4484 3386,4481 3461,4478 3535,4476 3610,4476 3684,4476 3759,4476 3833,4476 3908,4476 3982,4476 4057,4476 4131,4476 4206,4478 4280,4478 4355,4478 4429,4476 4504,4476 4578,4474 4653,4472 4727,4469 4802,4466"/>
                <TextEquiv>
                    <Unicode>wo sy sy werde antreffen mit irem</Unicode>
                </TextEquiv>
            </TextLine>
            <TextLine id="r3l29" custom="readingOrder {index:28;}">
                <Coords points="3317,4567 3491,4608 3615,4564 3702,4608 3777,4555 3894,4610 4150,4552 4312,4616 4406,4547 4730,4572 4767,4465 4570,4527 4472,4483 4342,4531 4097,4491 4017,4525 3955,4479 3887,4530 3715,4480 3516,4530 3317,4496"/>
                <Baseline points="3330,4554 3401,4554 3472,4554 3543,4554 3615,4556 3686,4556 3757,4556 3829,4558 3900,4558 3971,4558 4043,4558 4114,4558 4185,4558 4256,4558 4328,4558 4399,4556 4470,4556 4542,4554 4613,4554 4684,4551 4756,4548"/>
                <TextEquiv>
                    <Unicode>messer zuoerstechen, sye sy in dise</Unicode>
                </TextEquiv>
            </TextLine>
            <TextLine id="r3l30" custom="readingOrder {index:29;}">
                <Coords points="3324,4661 3763,4651 3839,4700 3932,4649 4159,4701 4343,4639 4707,4632 4799,4673 4832,4581 4406,4547 4302,4612 4063,4556 3892,4613 3775,4555 3684,4611 3423,4563 3323,4606"/>
                <Baseline points="3334,4646 3408,4646 3482,4645 3557,4644 3631,4644 3706,4644 3780,4644 3854,4644 3929,4644 4003,4644 4078,4642 4152,4642 4226,4642 4301,4640 4375,4639 4450,4638 4524,4636 4598,4633 4673,4630 4747,4626 4822,4624"/>
                <TextEquiv>
                    <Unicode>böse gedancken gefallen dieselbige durch</Unicode>
                </TextEquiv>
            </TextLine>
            <TextLine id="r3l31" custom="readingOrder {index:30;}">
                <Coords points="3346,4748 3507,4804 3732,4741 3829,4794 3917,4726 4012,4786 4226,4720 4375,4754 4683,4709 4782,4760 4757,4634 4602,4685 4533,4639 4465,4677 4343,4640 4170,4703 3932,4648 3843,4700 3612,4656 3345,4689"/>
                <Baseline points="3358,4746 3428,4742 3499,4737 3569,4734 3640,4731 3711,4729 3781,4727 3852,4726 3922,4724 3993,4724 4064,4722 4134,4722 4205,4722 4275,4720 4346,4720 4417,4720 4487,4718 4558,4717 4628,4716 4699,4714 4770,4710"/>
                <TextEquiv>
                    <Unicode>gifft hinzuorichten, zuo welichem und sy</Unicode>
                </TextEquiv>
            </TextLine>
            <TextLine id="r3l32" custom="readingOrder {index:31;} person {offset:10; length:10;}">
                <Coords points="3323,4867 3425,4831 4025,4873 4235,4819 4736,4833 4764,4750 4688,4714 4469,4770 4226,4719 4051,4783 3922,4737 3841,4791 3740,4751 3505,4805 3321,4732"/>
                <Baseline points="3334,4836 3405,4834 3476,4831 3547,4830 3618,4828 3689,4826 3760,4824 3831,4822 3902,4822 3973,4820 4044,4820 4115,4818 4186,4818 4257,4818 4328,4816 4399,4816 4470,4816 4541,4816 4612,4814 4683,4814 4754,4814"/>
                <TextEquiv>
                    <Unicode>gedachten Güngerichs eltesten dochter</Unicode>
                </TextEquiv>
            </TextLine>
            <TextLine id="r3l33" custom="readingOrder {index:32;} person {offset:0; length:4;}">
                <Coords points="3218,4944 3490,4929 3564,4986 3664,4932 3911,4966 4203,4896 4314,4956 4473,4904 4693,4936 4637,4850 4539,4883 4422,4818 4246,4866 4088,4822 4018,4884 3738,4830 3501,4900 3427,4832 3218,4878"/>
                <Baseline points="3230,4926 3302,4926 3375,4924 3447,4922 3520,4920 3593,4919 3665,4918 3738,4916 3810,4914 3883,4914 3956,4912 4028,4912 4101,4910 4173,4910 4246,4910 4319,4910 4391,4910 4464,4910 4536,4910 4609,4910 4682,4912"/>
                <TextEquiv>
                    <Unicode>Anni genant ein halben batzn geben,</Unicode>
                </TextEquiv>
            </TextLine>
            <TextLine id="r3l34" custom="readingOrder {index:33;}">
                <Coords points="3336,5043 3601,5007 4161,5046 4309,5003 4376,5057 4474,5003 4895,5046 4894,4932 4473,4907 4336,4962 4214,4894 4036,4906 3932,4976 3734,4926 3577,4978 3426,4925 3335,4956"/>
                <Baseline points="3346,5010 3422,5010 3499,5008 3576,5008 3653,5006 3730,5006 3807,5004 3884,5004 3961,5002 4038,5002 4115,5000 4191,5000 4268,4998 4345,4998 4422,4996 4499,4996 4576,4994 4653,4994 4730,4993 4807,4992 4884,4992"/>
                <TextEquiv>
                    <Unicode>darumb müssen züg zuo kauffen, so sy auch</Unicode>
                </TextEquiv>
            </TextLine>
            <TextLine id="r3l35" custom="readingOrder {index:34;}">
                <Coords points="3338,5124 3571,5131 3662,5084 3874,5165 4075,5143 4135,5085 4205,5124 4650,5080 4881,5115 4880,5044 4630,5005 4368,5060 4013,4997 3785,5054 3597,5012 3337,5048"/>
                <Baseline points="3350,5102 3426,5103 3502,5104 3578,5104 3654,5103 3730,5102 3806,5100 3882,5098 3958,5096 4034,5094 4110,5092 4186,5090 4262,5088 4338,5086 4414,5084 4490,5084 4566,5082 4642,5082 4718,5084 4794,5085 4870,5088"/>
                <TextEquiv>
                    <Unicode>gethan, welches sy hernach under einen</Unicode>
                </TextEquiv>
            </TextLine>
            <TextLine id="r3l36" custom="readingOrder {index:35;}">
                <Coords points="3328,5243 4711,5210 4822,5175 4821,5116 4649,5080 4565,5128 4347,5095 4211,5132 4136,5083 4019,5173 3878,5173 3661,5083 3326,5143"/>
                <Baseline points="3338,5198 3411,5200 3485,5202 3558,5202 3632,5202 3706,5202 3779,5200 3853,5200 3926,5198 4000,5197 4074,5194 4147,5192 4221,5190 4294,5188 4368,5186 4442,5184 4515,5182 4589,5180 4662,5180 4736,5178 4810,5178"/>
                <TextEquiv>
                    <Unicode>kuechli teig gemischt, 4 kellen kuechli</Unicode>
                </TextEquiv>
            </TextLine>
            <TextLine id="r3l37" custom="readingOrder {index:36;} person {offset:28; length:4;}">
                <Coords points="3324,5321 3580,5299 3690,5351 4007,5280 4227,5344 4329,5283 4584,5328 4846,5281 4845,5213 4776,5182 4571,5237 4349,5187 4208,5260 3999,5200 3792,5256 3672,5220 3559,5265 3432,5210 3323,5243"/>
                <Baseline points="3334,5296 3409,5294 3484,5292 3559,5292 3634,5290 3709,5290 3784,5288 3859,5288 3934,5288 4009,5286 4084,5286 4159,5286 4234,5284 4309,5284 4384,5282 4459,5282 4534,5280 4609,5279 4684,5278 4759,5276 4834,5274"/>
                <TextEquiv>
                    <Unicode>daruon gemacht und gemeltem Anni</Unicode>
                </TextEquiv>
            </TextLine>
            <TextLine id="r3l38" custom="readingOrder {index:37;}">
                <Coords points="3349,5391 3933,5431 4024,5389 4623,5417 4737,5373 4847,5415 4874,5290 4513,5345 4327,5286 4227,5349 3998,5291 3692,5357 3582,5301 3349,5323"/>
                <Baseline points="3360,5380 3435,5380 3510,5382 3585,5382 3660,5382 3735,5382 3810,5382 3885,5382 3960,5380 4035,5380 4111,5380 4186,5378 4261,5378 4336,5376 4411,5376 4486,5374 4561,5374 4636,5374 4711,5374 4786,5374 4862,5374"/>
                <TextEquiv>
                    <Unicode>mit dem befelch überantwortet, dass</Unicode>
                </TextEquiv>
            </TextLine>
            <TextLine id="r3l39" custom="readingOrder {index:38;}">
                <Coords points="3387,5491 4889,5466 4888,5425 4714,5380 4470,5425 4031,5390 3956,5434 3386,5402"/>
                <Baseline points="3398,5466 3472,5464 3546,5462 3620,5462 3694,5460 3768,5460 3842,5460 3916,5458 3990,5458 4064,5458 4138,5458 4212,5458 4286,5458 4360,5458 4434,5458 4508,5458 4582,5458 4656,5458 4730,5458 4804,5456 4878,5456"/>
                <TextEquiv>
                    <Unicode>sy dieselben niemand anderem dan seiner</Unicode>
                </TextEquiv>
            </TextLine>
            <TextLine id="r3l40" custom="readingOrder {index:39;} person {offset:17; length:10;}">
                <Coords points="3355,5585 4212,5552 4285,5595 4822,5542 4909,5591 4908,5486 4737,5504 4652,5450 4342,5516 4179,5463 4024,5510 3735,5456 3496,5524 3354,5473"/>
                <Baseline points="3366,5556 3442,5556 3519,5556 3595,5554 3672,5554 3749,5554 3825,5552 3902,5552 3978,5552 4055,5550 4132,5550 4208,5550 4285,5548 4361,5548 4438,5546 4515,5546 4591,5546 4668,5544 4744,5544 4821,5544 4898,5544"/>
                <TextEquiv>
                    <Unicode>stieffmuoter des Güngerichs frawen</Unicode>
                </TextEquiv>
            </TextLine>
            <TextLine id="r3l41" custom="readingOrder {index:40;} textStyle {offset:0; length:2;strikethrough:true;}">
                <Coords points="3362,5664 3497,5702 3716,5633 4397,5637 4553,5693 4601,5649 4841,5658 4840,5543 4714,5591 4357,5553 4301,5599 4206,5550 3946,5610 3854,5561 3713,5615 3495,5560 3361,5584"/>
                <Baseline points="3372,5642 3444,5644 3517,5644 3590,5644 3663,5644 3736,5642 3808,5642 3881,5640 3954,5640 4027,5638 4100,5637 4172,5636 4245,5634 4318,5633 4391,5632 4464,5632 4536,5632 4609,5632 4682,5632 4755,5633 4828,5634"/>
                <TextEquiv>
                    <Unicode>üb geben solle, es sye aber uss sonder¬</Unicode>
                </TextEquiv>
            </TextLine>
            <TextLine id="r3l42" custom="readingOrder {index:41;} person {offset:17; length:6;}">
                <Coords points="3342,5734 4035,5774 4458,5731 4721,5792 4915,5758 4890,5646 4702,5692 3932,5630 3498,5702 3342,5670"/>
                <Baseline points="3354,5726 3431,5728 3509,5728 3586,5728 3664,5728 3741,5728 3819,5728 3896,5728 3974,5726 4051,5726 4129,5726 4206,5724 4284,5724 4361,5724 4439,5724 4516,5724 4594,5725 4671,5726 4749,5728 4826,5730 4904,5732"/>
                <TextEquiv>
                    <Unicode>barer fürsechung Gottes nit geschehen</Unicode>
                </TextEquiv>
            </TextLine>
            <TextLine id="r3l43" custom="readingOrder {index:42;}">
                <Coords points="3359,5811 3567,5869 3631,5819 3801,5856 3952,5813 4868,5849 4868,5767 4777,5755 4459,5743 4347,5786 4238,5736 4029,5779 3906,5730 3668,5787 3584,5739 3483,5777 3360,5745"/>
                <Baseline points="3370,5808 3444,5810 3518,5813 3592,5814 3667,5816 3741,5816 3815,5816 3890,5816 3964,5816 4038,5816 4113,5816 4187,5816 4261,5814 4335,5814 4410,5814 4484,5814 4558,5814 4633,5816 4707,5816 4781,5818 4856,5820"/>
                <TextEquiv>
                    <Unicode>noch jemandts daruon gestorben,</Unicode>
                </TextEquiv>
            </TextLine>
            <TextLine id="r3l44" custom="readingOrder {index:43;}">
                <Coords points="3325,5940 4055,5975 4338,5914 4565,5973 4626,5924 4889,5921 4889,5854 4802,5818 4681,5871 4550,5822 4317,5864 3954,5811 3773,5876 3325,5837"/>
                <Baseline points="3336,5914 3413,5915 3490,5914 3567,5914 3644,5914 3721,5914 3798,5912 3875,5912 3952,5912 4029,5910 4107,5910 4184,5908 4261,5908 4338,5908 4415,5908 4492,5908 4569,5908 4646,5908 4723,5908 4800,5910 4878,5912"/>
                <TextEquiv>
                    <Unicode>bittet gantz flächenlich umb gnad etc.</Unicode>
                </TextEquiv>
            </TextLine>
            <TextLine id="r3l45" custom="readingOrder {index:44;} date {offset:8; length:10;}">
                <Coords points="2989,6034 4063,6066 4141,6025 4235,6092 4470,6038 4587,6089 4683,6043 4683,5959 4192,5923 3650,5998 3595,5945 3186,5905 2989,5984"/>
                <Baseline points="3000,6016 3083,6022 3167,6027 3250,6031 3334,6034 3418,6036 3501,6038 3585,6040 3668,6040 3752,6040 3836,6040 3919,6040 4003,6040 4086,6039 4170,6038 4254,6036 4337,6036 4421,6034 4504,6032 4588,6032 4672,6030"/>
                <TextEquiv>
                    <Unicode>Ist den 21. martii mit ruothen ussgeschmeitzt,</Unicode>
                </TextEquiv>
            </TextLine>
            <TextLine id="r3l46" custom="readingOrder {index:45;}">
                <Coords points="2999,6136 4117,6192 4211,6138 4803,6146 4852,6061 4236,6092 4166,6033 3912,6104 3777,6044 3640,6101 3000,6056"/>
                <Baseline points="3012,6094 3103,6102 3194,6108 3286,6115 3377,6120 3469,6124 3560,6126 3651,6128 3743,6130 3834,6130 3926,6130 4017,6130 4108,6130 4200,6128 4291,6126 4383,6124 4474,6122 4565,6120 4657,6118 4748,6114 4840,6112"/>
                <TextEquiv>
                    <Unicode>zeichnet und mit dem eid ohne gnad von statt</Unicode>
                </TextEquiv>
            </TextLine>
            <TextLine id="r3l47" custom="readingOrder {index:46;}">
                <Coords points="3047,6242 3193,6202 3327,6220 3385,6264 3531,6215 3618,6265 3846,6229 4029,6290 4098,6282 4102,6197 4044,6153 3802,6191 3665,6137 3554,6164 3454,6134 3314,6153 3268,6116 3051,6139"/>
                <Baseline points="3062,6176 3113,6179 3164,6184 3215,6189 3267,6192 3318,6196 3369,6200 3421,6202 3472,6205 3523,6207 3575,6210 3626,6212 3677,6213 3728,6215 3780,6216 3831,6218 3882,6219 3934,6220 3985,6222 4036,6222 4088,6222"/>
                <TextEquiv>
                    <Unicode>und land verwisen worden.</Unicode>
                </TextEquiv>
            </TextLine>
            <TextEquiv>
                <Unicode>191
über hieuorgedachter Madlena Kaltschmid
gethane vergicht haben mghen. die räth erkent,
und
dass sy mit ruthen geschmeitzt von statt und
land verwisen werden sölle. ist beschechen
den 22. martii 1655.
Hr. Binder aber sol neben erlag alles costens
zuo handen des newbuwenden zucht oder
weissenhusses zur buoss erlegen 1000 pfund.
Margreth Specht uss
der kilchhöri Müllenberg hrrn. Knopffen
des predicanten zuo Cappellen dienst magt,
ist wegen etlich vergiffteten kuechlinen uss
der corgrichtlichen in die obere gfangenschafft
gefuehrt und am 20. martii 1655.
durch mhhen. buwh. von Graffenried
uss ir gnd. befelch examinirt worden,
hatt guottwillig und ohne marter verjächen,
dass sy vor ungefahr anderthalb jaren
bei Jost Güngerich von Oberdiessbach
ein unehlich kind erzüget, siderhar aber
vor ungefahr 12 wuchen sich noch verners
mit ime in unküschheit verdrabt, dannen¬
har sy ires erachtens widerumb schwanger
und wylen des Güngerichs ires huerigs
ehefraw sy mechtig angefindet, auch getrowt
wo sy sy werde antreffen mit irem
messer zuoerstechen, sye sy in dise
böse gedancken gefallen dieselbige durch
gifft hinzuorichten, zuo welichem und sy
gedachten Güngerichs eltesten dochter
Anni genant ein halben batzn geben,
darumb müssen züg zuo kauffen, so sy auch
gethan, welches sy hernach under einen
kuechli teig gemischt, 4 kellen kuechli
daruon gemacht und gemeltem Anni
mit dem befelch überantwortet, dass
sy dieselben niemand anderem dan seiner
stieffmuoter des Güngerichs frawen
üb geben solle, es sye aber uss sonder¬
barer fürsechung Gottes nit geschehen
noch jemandts daruon gestorben,
bittet gantz flächenlich umb gnad etc.
Ist den 21. martii mit ruothen ussgeschmeitzt,
zeichnet und mit dem eid ohne gnad von statt
und land verwisen worden.</Unicode>
            </TextEquiv>
        </TextRegion>
    </Page>
</PcGts>
