5472 7296
637 1338 884 1474 107.
963 1307 1026 1445 2
1149 1313 2265 1512 Bendiche Spring Amman zu
1072 1436 2298 1677 Thūrnen, Zuget bei geschwornen Eid
1017 1535 2313 1784 Ime sie noch wol in wüßen, daß uff
1034 1658 2390 1844 ein Zeit der Schreiber Steiner im Flösch
1102 1743 2320 1960 geredt furgeben, wie daß er vonn
2284 1887 2330 1954 .
1061 1821 2272 2024 seinem gwüßen Mann an der Senßen
1076 1921 2370 2141 brugg gehört reden, Er wolte zu Ber
1094 2014 2367 2202 ein mas wys truncken und darnach
1076 2106 2226 2315 Zūetlichen hüßeren gehen dorffen,
1098 2207 2397 2390 und sollen, hie ist einfaltschen batzen.
1100 2291 2337 2506 macher, auch anzeigt wer dieselbig
1472 2380 2369 2546 So vil er sich aber wüste
1097 2440 1332 2589 sych
1076 2483 2343 2663 ZūerInneren, heige Steiner drey
1094 2563 2258 2725 oder vier herren gnamset, deren
1089 2661 2440 2839 namen vestiert Ir que. Hr. Schultheiß
1115 2743 2352 2912 von Graffenried. Ime entfallen
1099 2863 1870 3026 und in vergeßen kommen.
980 3057 2327 3269 Jacob Nussbaum gewesner
1074 3177 2295 3364 Wirth Zū Thūrnen, hatt aūch
1107 3288 2339 3459 be geschwornen End züget, wie
1132 3382 2408 3530 obiger ußert, daß er vom steinen
1103 3472 2436 3634 ghört nahmen, in angen herr schulthens
1094 3575 2371 3736 von Grafferio, nichth. Seiner
1107 3658 2397 3838 Stürler, und nicht. Generalen von
1107 3781 2414 3937 frlach, den vier heigs er zwar
1124 3864 2337 4037 auf mit nammen guenst, heigs
1119 3977 1824 4137 aber sölch vergeßen.
1061 4119 2353 4330 Melcher Schrages jetzige wirth zu
1095 4262 2317 4424 Thurnen, hatt ebenmeßig bey ge¬
1111 4360 2007 4522 schwornen sie zuget,
1060 4430 2352 4615 imme seye wol in wüßen, daß
1062 4533 2358 4688 Steiner von der Gumenen bruge
1105 4640 2348 4803 kommen und bei inen hievorgenachten
1116 4736 2383 4900 relation (wie in spring zugsammen.
1086 4839 2339 5003 stehet) Im flosch gethan, da er
1038 4918 2442 5100 Domahlen vom Steiner Vier Persohnen,
1138 5026 2329 5187 welche Im falschen muntz wegen
1101 5114 2410 5290 begriffen sein söllen, ghört namsen
1098 5203 2367 5360 a aber allein franten herren schult
1073 5318 2309 5472 heißen von Graffenriedth vnd
1086 5401 2363 5586 H. keiner Stürlers namen als
1072 5511 2420 5683 welche herren imme bekant) behalt
978 5604 2360 5835 Zeigen all drey zugen an, daß sy obiges
1056 5731 2394 5941 ire ustag uff einem tag vom steiner
1074 5845 1655 6018 gehört habind.
4353 1360 4638 1496 108
3013 1390 4519 1604 meiner g herren und oberen erkantnuß wider
3054 1559 4491 1712 Burcki Mader vnd Hans Steiner den Schreiber
3074 1647 4525 1803 von Churen ist dahin ergangen, daß gedachter
3062 1747 4576 1923 mader mehr schultheißen von Graffenried, hrn.
3036 1837 4499 2001 Venner Stürler, hrn. Generaten von Erlach
3066 1940 4486 2097 vnd hr. Obristen von Wattenweil, der usge¬
3078 2007 4498 2176 schlagnen schandtlichen calumm und faltschen
3094 2117 4497 2261 zulag halb in dem sy fürfaltsche müntzer
3101 2215 4490 2359 beschuldiget worden, vor einem ersammen
3074 2303 4552 2454 gricht, eine offne formkliche endtschlachnus
3093 2392 4455 2537 thun und volgents uff ein jarlang oder
3106 2485 4589 2636 inghen gnad hin ins schallenwerck geschaffet.
3095 2612 4623 2702 Ermelter Steiner aber neben der privation
3110 2670 4574 2832 von der Jederen vff gnad, als ein vnguter
3087 2766 4587 2915 Nachsacher berurter bosen reden, die Herren
3109 2870 4507 3011 vmb gnad vnd verzeichung pitten solle.
3097 2948 4607 3079 Weliches dan von beiden, offentlich vor Gricht
3109 3050 4539 3167 uff den neüwen beschechen 17. febr 1654.
4470 3120 4663 3289 .
3392 3797 4595 4099 hristen muchter von Rockh
3318 4019 3386 4072 .
3039 4032 4561 4231 Ist von nicht und oberen wegen seinen
3128 4138 4484 4335 mit der schon abgestrafften Elßbeth
3124 4263 4550 4428 Muhrer, seiner basen im anderen grad
3135 4348 4576 4518 begangnen fahlers uff gnad hin, in die
3122 4436 4570 4609 Verweisung von Statt vnd Land erkent
3146 4517 4563 4700 worden, auch darbei vermahnt, sein
3142 4625 4632 4798 retrante nit an Papistischen ort Zūnemen
3131 4712 4621 4898 hatt den eid zur verweißung in form
3136 4814 4595 5001 obstath praestirt 16 febr 1654.
