5472 7296
643 1442 855 1590 109
669 1905 875 2072 1617.
515 5375 992 5511 auch der entlybte,
579 5477 778 5603 Item
1157 1406 2043 1624 Niclaus forden
1028 1593 2424 1836 Nasch dem ingh vnd oberen bedarrlich
1011 1728 2427 1910 vernommen, was gstalten den 22. verschinnen
1050 1811 2298 1984 Monats Februarii. Niclaus Jordan
1034 1899 2355 2064 von Franckenhuß in Thüringen jetzmahl
1042 1978 2375 2151 aber in gewesnen diensten I. hauptmans
1029 2060 2324 2227 von Erlach alhie, einen seinen Mitt Soldat
1033 2127 2404 2324 Hieronimum Matern von Wien uß dester¬
1059 2241 2324 2391 reich in Martin Walthers huß alhie
1046 2320 2340 2479 am Stalden, dergestalten mit einem Stich
1030 2396 2328 2559 verwundt, daß derselbig als bald
1057 2474 2325 2665 todt verblichen, hatts Ir Gn. belieben
1055 2562 2324 2724 wöllen, nit allein den nothwendigen
1043 2646 2326 2833 bericht vnd verlauff des handels, durch
1054 2743 2344 2918 nechten die kriegsräth uff nemmen und die
1009 2822 2316 3015 Kundtschafften bei Eiden verhören zu laßen.
1062 2913 2252 3073 sondern, darbei auch nichttl. Raths h
1020 3001 2288 3168 Wucher zu befelchnen, obgenanten
1081 3087 2385 3261 Thäter, über die ufgenomne Information
1075 3194 1966 3368 auch selbsten zu examinieren.
1085 3287 2298 3427 derselbig hattenn, vff ernsthafften
1037 3383 2253 3534 befragen der sachen hergangenheit
1054 3447 2247 3618 Den 4. martii 1654 Inbeisein
1009 3536 2288 3694 Herren Abraham Im Hofs, gewesnen
1001 3627 2248 3813 Schultheißen zu Burgdorff, Hrn.
1038 3727 2246 3876 Dorat Herborts des Stattschlosers
1047 3810 2292 3946 H. Daniel Lerbers vnd s Groß
1051 3929 2275 4031 Weibels von Wattenweil bekent
1080 3995 2087 4135 vnd verzöchen, wie volget:
964 4107 2332 4265 Als vor ungefahr einem monat oder etwas
1077 4231 2331 4353 mehr, er mit dem entlybten hieronimo
1076 4307 2307 4420 Matern, Georol Kall vnd anderen mehr
1051 4363 2418 4530 uße mahlen diensten von thun alhar kommen,
1083 4469 2304 4609 Vnd vernere Dienst, vnder s Haupt¬
1073 4556 2341 4692 mon Hans Rudolff von Erlach erlanget,
1081 4638 2184 4769 auch daruff bei Martin Maltert
1033 4716 2343 4850 Inquartiert, habe er vff ein Zeit von
1030 4805 2407 4937 Irer wirthin des Walters frawen, horen
1021 4883 2267 5026 sagen, der große vnd der kleine Schelm
1077 4970 2292 5079 als namlich der entlybte vnd Georg
1004 5041 2345 5187 Kall, werde sy nit bezahlen, sy hoffs
1061 5136 2370 5275 aber von imme dem thater wol bezalt
1915 5213 2347 5331 Dise wort
1073 5223 1446 5344 Zū werden.
1073 5285 2411 5443 nun habe er im wirthshuß zum Wilden,
1087 5378 2224 5536 man, alwo er der thater zigmund
1072 5473 2272 5611 Ulrich von Strachowitz und Georg
1043 5564 2420 5713 Roll mit einanderen getruncken, besagten
1058 5653 2347 5795 Geörg Kollen widerholet, welicher,
1077 5737 2323 5887 sy hernach dem endlybten angsagt
2867 3836 2905 3924 d
2620 4073 2978 4261 der Entlybte
2639 5365 3145 5555 vorgehaltner menste
4377 1431 4521 1540 170
3202 1390 4522 1600 Nauch, daß er mit imme im wirthshauß nit spilen wollen,
3037 1518 4452 1731 er dan hierdurch vonlas genomen, Inne den
3079 1626 4405 1817 häter, nachdem sy uß dem wirthshuß
3093 1732 4499 1892 uff die gaßen kommen, hinuß zuforderen,
2940 1792 4453 1955 habe auch vff Inne das wehr zuckt, von den
3088 1882 4485 2053 bei gewesnen Soldat aber also hinderhalten
3077 1968 4495 2128 worden, daß er ime kein leid hatt zufügen,
3066 2085 4481 2208 können, Er aber habe sein wehr gegen Ime
3087 2151 4374 2302 dem entlybten nit usziechen wollen,
3070 2255 4372 2402 Sondern sye daruff seinem quartier
3082 2320 3398 2494 zugangen.
3674 2338 4488 2467 Als er nur heimkommen,
3084 2428 4512 2548 und mit ires wirthin wegen eines liechts
3084 2534 4479 2679 gezancket, habe sich der Entlybte, der
3091 2609 4444 2764 auch dahar kam, in Iren gspan gelegt, vnd
3080 2694 4448 2864 gsagt, was er die fraw zu balgen habe,
3092 2788 4432 2937 darüber, nach wenig mit einanderen
3087 2850 4549 3038 gewächsleten worten, sein wehr gezuckt
3107 2957 4522 3124 vff Inne den Thäter zu vnderschidenlichen
3086 3054 4411 3221 mahlen gehoren, gestalten er entlich
3102 3133 4468 3277 bezwungen worden, mit seinem wehr
3084 3220 4536 3390 in parieren und sich biß zur stuben thüren
3100 3309 4514 3459 zupretirieren, darr habe auch vollendts
3112 3410 4499 3557 zur stuben hinuß wöllen und zum selbigen
3120 3485 4499 3664 und die Schüren in der hand gehabt
3119 3618 4582 3754 seye aber mit Ime zuentrunnen nit möglich
3119 3672 4524 3849 gewesen, also daß er entlich seinen
3142 3759 4543 3935 lincken arm mit einem Handtägen in der
3106 3870 4574 4022 Hand, defensionswyß gegen dem Entlyb
3128 3960 4465 4107 zudem und gestreckt, daß er im mit
3111 4042 4557 4215 zu nach uff dem lyb komme, ers habe aber
3119 4122 4607 4296 Bstarck vff Inne getrung, daß vßharten
3114 4218 4571 4379 eyffer vnd zorn, Er Ime selbsten in sein
3114 4294 4640 4471 so vest in der hand gehalten wehr geloffen,
3130 4413 4487 4590 also daß er hater seines wüstens,
3119 4491 4585 4679 wie dan sölches vff sein gewusten wölle
3124 4581 4624 4780 gezogen haben) dem entlybt einichen stoß
3129 4751 3500 4868 nit geben.
3119 4793 4532 5003 donst habe aūch Geörg Kall hievorgenant,
3134 4938 4658 5081 vor disem Todstich, auch über Inne den Thäter
3140 5018 4601 5171 gezuckt, die wirthin aber Ime alsbald das
3128 5136 4249 5288 Wehr genommen vnd verborgen.
3135 5245 4586 5443 daß Er der Thater aber zu Ires Wirths
3161 5351 4560 5541 meidtli gesagt, er wölle noch hinnacht
3155 5451 4541 5644 mit dem großen, das ist dem entlybten,
3138 5545 4548 5716 musteren, es solle nur niemands nichts
3134 5631 4595 5832 daruon sagen, Item seine Cameraden
3129 5746 4592 5905 die schelmen werden bald kommen, seye
3144 5821 4614 6054 nicht, vnd gescheche Ime hierinn unguttlich
