5472 7296
689 1477 887 1619 184.
1189 1524 2573 1762 gearbeitet, nach veruebtem ehebruch
1205 1654 2537 1818 und mordthat aber widerumb in
1176 1738 2580 1943 sein heimat verfuegt und uff schrifftlich
1200 1838 2502 2010 vernomne anklag alhie in mghen. und
1187 1925 2498 2100 oberen gefangenschafft gebracht,
1187 2013 2579 2197 auch volgents durch mhhen. rathshn.
1162 2109 2587 2321 Huser und jr. grossweibel von
1216 2206 2590 2386 Luternow uss ir gnd. befelch über
1232 2288 2559 2473 sein verbrechen zum anderen mahl
1198 2399 2484 2575 und letztlich den 12. febr. 1655.
1213 2502 2536 2662 ernstwörtig examinirt worden,
1194 2566 2605 2761 hatt derselbig frey rund und guott¬
1218 2674 2561 2829 willig ohne marter die hergan¬
1198 2756 2583 2954 genheit der that volgender massen
1938 2869 2555 3001 namlichen als
1200 2901 1523 3056 bekent.
1219 2936 2559 3124 er bei Balthasar Kuechli zuo Opffingen
1222 3053 2628 3194 im ampt Badenwyler und margraff¬
1231 3136 2626 3308 schafft Baden bei anderthalb jaren
1228 3244 2528 3422 gedienet, habe er sich offt mit einer
1248 3336 2507 3515 magt genant Elssi (so bim wirth
1201 3421 2591 3584 daselbsten gedienet und bei Langenthal
1214 3543 2633 3683 umben daheimen gewesen) in unküschheit
1218 3615 2602 3755 vertrabt und nachdem dieselbige inne bei dem
1204 3697 2600 3886 pfarhen. alda verklagt er sye des kindts,
1235 3794 2513 3981 so sy underem hertzen trage vatter,
1087 3889 2515 4073 sye er uss anstifften eines jungen
1228 4000 2571 4160 langen gsellen Nigli genant (deme
1184 4068 2578 4241 der bart an fache wachsen und zimlich
1220 4157 2517 4337 lang falbes har trage, auch hievor zuo
1175 4237 2640 4432 Betterkingen, hernach und letstlich aber
1204 4335 2536 4511 bei einem edelman zuo St. Niclaus
1216 4435 2606 4617 gedienet) in ein sölchen bössen willen
1214 4521 2586 4725 gegen gemeltem Elssi seiner dirnen
1226 4615 2588 4804 gerathen, dass er selbige, nachdem sy
1208 4682 2608 4887 seines erachtens etwan zur halben zeit
1206 4780 2630 4966 irer getragner leibsfrucht gelanget,
1223 4893 2540 5082 verschinnen sommers umb St. Johanstag,
1212 4989 2614 5153 an ein gwüsses orth bei dem wasser
1191 5069 2534 5254 zuo Opffingen bestimpt, daselbsten
1223 5155 2635 5339 noch sein unküsche ehebrecherische that
677 5244 2644 5439 zwüschen tag und nacht mit iren verrichtet und daruf alsbald
1210 5313 2699 5487 mit beiden händen die gurgellen intruckt,
1217 5415 2594 5610 erwürgt, jämmerlich ermördet und
1199 5512 2582 5695 volgents ins wasser geworffen,
1198 5637 2652 5800 nach welcher unmöntschlichen grüwlichen
1200 5736 2563 5925 that und dem uff inne gefassten
1204 5834 2588 6021 argwohn er in 3 tagen darnach
2786 3043 3328 3253 beforderst uff die
2804 3188 3327 3293 ein schleipffen binden
2795 3251 3099 3382 demnach
4520 1554 4700 1666 185
3303 1509 4663 1756 von seinem meister urloub genommen
3323 1636 4691 1865 und sich widerumb in sein heimat begeben.
3270 1748 4628 1913 ob aber die leibsfrucht, mit welcheren
3318 1862 4728 1976 obige sein gewesne und ermördte dirnen
3294 1929 4687 2109 schwanger gangen, sein oder hievor genanten
3314 2022 4585 2148 Niglis seines anstiffters, der auch
3322 2089 4762 2277 mit ira sich fleischlichen vergangen, gewesen,
3319 2168 4129 2309 könne er nit wüssen.
3307 2397 4737 2600 Über welche sein Peter Stutzmans grusamme
3305 2533 4754 2676 misshandlung und derselbigen runden und
3319 2613 4688 2768 freywilligen bekantnuss mghen. räth und
3283 2707 4669 2859 burger uff iren eid zuo recht erkent
4207 2800 4690 2924 Dass er (neben
3311 2803 3856 2940 und gesprochen.
3322 2860 4786 3039 befelchung der seelen Gott dem allmechtigen)
3321 2990 4631 3127 dem nachrichter übergeben werde,
3359 3057 4779 3213 der inne obenuss uff gdie gewonliche
3335 3132 4790 3292 richtstatt fuehren, ime daselbsten sememit
3327 3227 4620 3380 seine glider zerschlagen, volgents den
3312 3269 4767 3498 gsellenstoss geben, hernach uff ein rad
3335 3392 4672 3563 flechten, selbiges in die höche richten
3324 3475 4776 3646 und alsso nach dem keisserlichen und
3315 3582 4718 3735 der loblichen statt Bern rechten vom
4496 3734 4544 3768 .
3333 3662 4501 3847 leben zum tod hinrichten sölle.
3308 3765 4782 3970 Exequiert 20. February 1655.
