5472 7296
652 1348 851 1496 117
1130 1493 2490 1741 zur Stuben zu kommen, und zum Thauter
1139 1642 2446 1848 gesagt, was er mit der er für unge-
1112 1747 2457 1918 clegenheit habe, vber welches der thädler
1132 1856 2404 2023 dem kall bösen bscheid geben, also das
1106 1960 2452 2134 Kall das wehr gezukt, aber uf ir
1119 2066 2467 2262 der gezügen abmahnen nachgelaßen,
1155 2197 2423 2382 und ihro syn wehr gegeben, welches
1167 2288 2389 2464 aber der entlebte Ihro genommen
1175 2406 2462 2564 und verborgen und darüber zum thädder
1166 2538 2446 2733 welicher bim tisch gesäßen, gegangen,
1168 2652 2447 2858 und gesagt, zu Blutkätzer, was hast
1121 2775 2400 2973 de unsere fr wirthi geschalten und
1141 2908 2398 3104 Ihra Garogne gesagt, wie einesten
1146 3017 2503 3213 dan mann von denetwegen für corgericht
1116 3136 2448 3334 daruf der thätter den entlybeten
1167 3258 2473 3431 auch gescholten und nachdem sy einanderen
1142 3363 2477 3560 hefftig geschalten, habe der entlybt
2105 3499 2186 3569 al
1129 3498 2303 3699 zum thätter gesagt, ich ich mich wil
1158 3631 2425 3792 von die laßen schelten, eh müsten von angen
1141 3737 2415 3920 henden sterben oder ich wil von deneren
1156 3849 2395 4015 sterben, und habe daruf das wehr
1164 3955 2384 4145 gezucket, sy die geg�gin aber syn
1167 4076 2419 4264 mit ihrem kindt zur stuben usgangen
1103 4175 2395 4390 Anders sie ihro nit in wüßen, das
1098 4307 2389 4493 daß der entlybte schon vor disen
1110 4427 2404 4627 den thädter auch einmal hernß ge-
1110 4556 2442 4752 norderet und imme gewartet, der
1128 4678 2396 4896 thätter aber nit erschynen wollen.
1006 4805 2325 5091 Actum 24. februarii 1654.
1070 5045 2323 5272 Den 17. martii 1687 haben angen Räth
1138 5217 2260 5333 und Burger, disen Stodstich für ein
1142 5291 2216 5402 nothwehr erachtet, vnd den Thater
1117 5353 2243 5487 hiemit gantz ledig, auch deßen imme
1128 5409 2399 5598 ein schrifftliche zugsame zu geben erkent.
4420 1375 4622 1500 178
3223 1491 4004 1770 Jacob Sigerist
3123 1790 4527 1984 Dise Jacob Sigerist von Meisterschwanden. Ist den
3164 1913 4568 2080 9. martii 1654 wegen, daß er die imme luth
3180 2004 4612 2178 vorgrichtlichen erkandtnuß zugesprochne Madlen
3133 2100 4603 2274 Neser von Sengen, nit zkirchen führen wollen,
3173 2208 4591 2376 biß zu erstattung selbiger urtheil von statt
3170 2301 4486 2485 und landt endtlich verwisen worden.
3053 2945 4556 3149 Caria Schaffroth, purtig
3333 3094 4380 3264 von Kilchberg, ein junge
3585 3198 4084 3333 Dienstmagdt.
3511 3288 3560 3335 e
3112 3293 4647 3495 Hat im bywesen mehr rahtsh Hausers,
3185 3406 4636 3584 vnnd herrn Danndt Bourgoers, auf beschech¬
3195 3499 4676 3730 ne ernstwortige Exammation, bekent,
3155 3655 4688 3876 daß es leder nit weniger seye, weder
3186 3761 4645 3978 daß sie verschinem sambstag 8 tag
3186 3895 4664 4108 nachts vngewar vmb 10 Vhren, In
3181 3983 4655 4230 mr Lienhardt kans des Schmidts,
3173 4092 4651 4328 als ihres gewesnen meisters Hauß,
3154 4227 4550 4449 gangen, hinder im Hofl. vber die
3141 4322 4612 4545 lauben hinf gestigen, In die Stuben
3149 4416 4593 4671 weliche nicht beschloßen wart
3164 4547 4621 4765 hige gangen, ihm, als welicher
3181 4652 4637 4838 schon albereit geschlaffen, seinen
3168 4758 4608 4975 Schlußel zum Busset auß dem
3151 4829 4701 5092 Hosensackh genomen, selbiges geöffert,
3177 4986 4573 5178 vnnd daraus einen Seckel mit
3165 5095 4618 5342 galdt aber vnweßent, wievil es
3157 5208 4611 5459 gewesen, entfrombdet, vnd selbiges
3151 5333 4661 5592 Inn Ires Vetteren des Frymundts
3171 5466 4680 5697 Haus gegem Krey überen Calda sy
3172 5598 4706 5840 selbige nacht Ire gerberig gehabt,
3185 5728 4678 5928 an einem geweßen orth verborgen,
3158 5829 4689 6076 Weliches galdt aber grad morndrigs
3187 5940 4662 6200 als am sontag, da der argirche vff
3193 6079 4689 6322 sy gefallen, vff ernsthafftiges be¬
4356 6201 4710 6330 frouwe
