5472 7296
625 1354 820 1469 12.
1026 1363 2442 1570 Vff beßer besinnen, vnd gefasstem reüwen
1029 1480 2446 1659 aber zu weisweil an einem Zuhr gebunde
975 1560 2456 1768 stehen laßen, vnd also zu fuß nacher Wichte
1015 1723 1292 1882 gangen.
991 1841 2448 2092 Zum Vierten, vor Vngefahr 3 Jahren habe
805 1952 879 2123 e
976 1984 2391 2150 der mit hilff anderer seiner gespanen,
1011 2072 2370 2286 Dem müller zu Buchse, sein lybi ver
990 2181 2343 2356 derbt, den Wendelbaum versagt, den
990 2274 2385 2478 Röbstein, mit einem Isenen Hammer Zer¬
1025 2376 2364 2587 schlagen, das Isen so durch den stein gath
969 2453 2350 2686 genomen, vnd zu Burgdorff, dahin
1011 2556 2477 2736 erselbiges in einem sack mit höw geführt
547 2658 2201 2896 zu hand seines mr vierlegten daruß machen laßen.
959 2808 2390 2995 Do sye er auch siderhar vorhabens gsein,
734 2896 874 3032 6.
981 2929 2361 3095 Das kybbett mit Pulffer zu sprenge,
1016 3021 2369 3200 welches er aber nit ins werck richten
1019 3151 1238 3261 können.
1000 3240 2360 3460 Denne habe er obigen müller von Buchse
674 3316 857 3489 76.
1057 3377 2362 3548 Das werch vff der Rötze verbronnen
1040 3492 1315 3625 helffen.
988 3557 2238 3772 Imme auch vff ein Zeit, vnd sich seiner
772 3637 868 3777 9.
994 3694 2253 3837 Eidtlichen verwyßung getrowt
995 3772 2428 3926 demselben entweders ein loß zu nemen,
1022 3871 2329 4025 oder ein letze zugeben, oder aber sein
1001 3971 2277 4131 Hauß zuuerbronnen, habe aber keins
981 4045 2205 4232 diser stucken ins werck gerichtet.
746 4249 866 4450 9.
1037 4244 2368 4453 Verners vor Vngefahr 4 Jahren, habe
1021 4377 2277 4499 er mit hilff einen anderen, Bentz
986 4447 2465 4591 küffen von Buchste ein urffer entwendet,
1010 4573 2337 4727 Vnd in seinem hauß neb etlich anderen
1003 4658 1495 4815 eßen helffen.
664 4773 849 4935 109.
958 4766 2426 4957 Deßgleich uff einandere zeit Madlena
947 4882 2342 5044 Wurgerin einer Witwen, einen feisten
983 4971 1262 5108 Bock.
601 5071 867 5237 1170.
960 5058 2450 5278 Item einem lüffer zu Mooß Sedorff zwey
1021 5195 1251 5331 schaff.
723 5308 2438 5539 1. und vor Jahren Herren Vogt Hottiers st. Ruch,
1002 5442 1578 5627 ein tringelen.
692 5619 875 5739 13.
955 5562 2310 5781 Wyschers habe er uff einzeit mit hilff
984 5724 2303 5883 eines anderen, Iren zwey, welche zu
4388 1394 4564 1509 133
2946 1399 4575 1613 Buchste ein gwüße schuld zu forderen gehabt,
3054 1520 4539 1705 in Ihrer hinreiß, vff offner straß, ohne
3065 1617 4574 1791 emich habende ursach und anlaßen, unbeister
2795 1691 4618 1869 muttwillicher fräffner und leichtfertiger weiß angriffen,
3050 1800 4602 1963 zu boden geschlagen und sy dergestalt tractirt,
3071 1880 4529 2038 daß sy schwer keinem mentschen gelichen und
3069 1958 4516 2110 nachdem er deßhalben von etlich nicht uß
3041 2032 4613 2201 ir gut befelchen hergangenheit diser schlegen
3069 2120 4577 2312 befragt, nit allein alles glaugnet, sondern
3073 2216 4417 2383 auch faltsche kundtschafft von sich geben.
3037 2356 4581 2527 Endtlichen habe er über den schon hieuor bekent,
2811 2399 2964 2561 14
3071 2464 4542 2612 und abgebüssten huren fähler, sich widerhar
3070 2540 4604 2679 mit dara Berner von Diemerstwyl, noch
3085 2634 4531 2777 irumahl im ehebruch verdrapt,
3065 2732 4534 2864 vnd leider, alle gutte wahrungk, die Imme
3072 2827 4425 2933 von Zeit zu Zeit, über seine vilfaltiges
3045 2910 4517 3068 verbrecht bestmeinlich geben worden,
3070 3008 3809 3159 in weid geschlagen.
3097 3185 4516 3391 Vff Welche sein Güttigkofers gethane be¬
3066 3313 4454 3472 ekantnuß und vilfaltiges verbrechten, in er
3063 3377 4566 3556 zeigender ungehorsame gegen seiner hoch oberkeit,
3078 3476 4385 3632 vbersechung seines geschwornen Eidts
3079 3561 4511 3725 verübter vnderschidenlicher diebstälen vnd
3075 3652 4505 3835 Ehebruchen, nacht räth und Burger uff
3080 3743 4548 3920 dren eidt zu recht erkent und gesprochen.
3088 3862 4532 4023 daß ich befelchung der Seelen Gott den
3046 3903 4625 4128 Allmechtigen, Er dem Nachrichter anbefolch
3096 4037 4639 4211 werde, der Inne Obenuß vffgewonliche
3063 4138 4575 4312 Richtstatt führen, Vnd daselbst mit dem
3100 4230 4644 4399 treng von leben zum tod hinreichten solle.
3070 4326 4170 4508 Nach der Rat Bern Rechten.
3062 4424 4454 4661 Dise urtheill ist den 11. aprilis 1677.
3097 4580 4106 4735 as Ime vollstreckt worden.
