5472 7296
704 1463 912 1607 228.
960 1546 2670 1751 Hievorgemelten tags als den 9. januarii 1686.
952 1652 2499 1821 Gindt die vbrigen beide, namlich der
1008 1754 2584 1948 Schilpli unnd Ziegler lauth voranzognen
983 1881 2641 2079 beuelichs, gegen Erlag des Keffi Costers
986 1995 2616 2138 vnnd ersatzung der diebstälen, mit dem
990 2101 2610 2298 Erdt von dero gen statt, vnd Burgeren
1019 2213 2570 2387 zihl verwisen, da zwar schulpli der
984 2315 2557 2515 sfangenscht also bald, weilen er dem
1008 2425 2539 2602 Rosten erlegt, erlaßen, der ander
989 2541 2586 2724 aber, biß auf erlag, vnd bezahlung seiner
988 2651 2544 2852 schuldigkeit, noch langer aufbehalten
996 2763 1346 2961 worden.
956 3329 2589 3513 theilen nachgemeltes Schreiben,
1010 3485 2524 3633 so hr Emanuel Steiger landtvogt zu
978 3590 2619 3723 Trachselwaldt, mal und oberen über
1008 3718 2650 3882 schickt, Balthasar Schilplens Bekandt¬
1028 3803 2546 3969 nis zu widerlaufft, und er hiemit die
1000 3916 2624 4060 Vnwarheit angeben, Als ist selbi¬
1013 4021 2629 4182 ges auß er g bevelch sein schulplis
994 4126 2484 4339 vorstehendem process zu künfftigen
976 4245 2457 4470 Nachricht, einverleibet worden,
981 4377 2290 4577 welches hiemit also lautet.
945 4498 2663 4723 Hochgeachte etc. Uff E. g. beuelich vom 28. augus
980 4651 2655 4824 habe leütigen tags, ich Samuel Morigker den
969 4739 2672 4945 selfermacher von Langnatur für mich beschickt,
985 4861 2670 5032 vnd wie es mit geweßen, dem jetzt in banden
946 4960 2671 5154 ligenden hafner N. Schilpli genent, gegebnen
972 5074 2620 5255 ancken beschaffen seye, befragt, der gab
968 5176 2616 5352 mir nun zur antwort, er morigker habe
953 5250 2658 5459 gedentem Schilpli gar und gantz keinen ancken
2517 5449 2565 5505 .
939 5391 2521 5565 Jemals gegeben, vnd sonsten auch meinalen
942 5489 2568 5660 etwas mit ihme gehandlet, ußert
932 5601 2511 5796 einem mahl, da er Morigker ihme
943 5712 2602 5888 Schilpli ein fewr-Rohr geben, es meinem
926 5836 2634 6023 hochgeehrten herren zeüghen leber zuzetragen,
909 5933 2696 6129 so er aber nit gethan, sonder solches fer¬
937 6042 2660 6210 Rohr zu Langnaw alsbald für das seinig ver
918 6162 2666 6377 tarcktet, Sonsten zuuor, vnd Namlich in vor¬
2218 6343 2675 6486 Varndrigen
4517 1573 4695 1697 229.
3019 1548 4642 1815 Vorndriger Beuwerischer revellion, habe
3035 1700 4699 1936 er Schelpli ihme morigker bevolchen, by ersten
3014 1807 4710 2060 fahre, ihme Schilpli seine in des herren predican¬
3058 1915 4678 2169 ten zu Langnaw Pfenndthaus gelegen sachen
3063 2054 4744 2270 nacher Bern zuuerschaffen, so auch er Mörig
3040 2178 4699 2370 ver gethan, vnd seye ihme Morigker noch
3061 2281 4693 2496 wolbewust, daß vnder solchen Sachen
3055 2417 4734 2615 er zwen Ehrine hafen gewetten, wo aller
3054 2550 4691 2735 er Schill selbige hafen bekommen, werde
3059 2640 4641 2864 er Morister nit. Diß ist nun das
3068 2772 4722 2962 wiege, was von ihme Moriker In¬
3058 2898 4680 3097 vernemen ware. e. Actum 30.
3024 2982 3922 3195 decembris 1685
3164 3601 4688 3794 Nosyna Fasnacht, den Barthlo¬
3351 3764 4635 3945 me Waltharts des Predicanten Zū
3329 3879 4090 4038 Cappelen Haūß Er
2964 3953 4725 4185 Ist verschinner tagen, in her umbgelter Tilliers
3022 4091 4752 4270 haus, ob einem diebstal eines leinlachens, er
3058 4204 4805 4355 groffen, vnd deßwegen gefencklich eingezogen,
3046 4306 4721 4464 auch volgents darüber den 9. januarii 1656.
3066 4391 4701 4571 durch den Großweibel von Luternaw, zu
3070 4491 4773 4655 red gestelt vnd examiniert, die dann desselben
3055 4583 4807 4769 also baldt bekandtlich worden, mit dem fer¬
3054 4684 4771 4870 wandt und entschuldigung, daß sie der junger
3065 4809 4794 4983 vnnd mangel darzu getriben, das be¬
3079 4889 4825 5082 dente Lemlachen habe sie in der Cantzley alhier
3078 4987 4725 5177 umb 20 bz, denne ein kertzenstorf, welcher
3054 5101 4730 5291 Anna Haboldts gsin, und darumb sie mit
3084 5189 4759 5380 ihren abgeschaffet habe, einer fr von Bilp
3083 5280 4713 5518 umb 6 krützer verkaufft, mehrers wolte
3830 5440 3872 5617 i
3092 5455 3828 5634 sie nicht bekennen
3070 5520 4709 5718 Disere ist den 10. dito mit einer guten censur ledig
3073 5661 4673 5835 gelaßen und auf freyen fuß gestelt, auch ihrem
3070 5738 4711 5948 Mann dem H. Predicanten anbevolchen worden,
3049 5819 4722 6033 Inns künfftig beßere sorg vnd aufsicht ihrent
3051 5980 3730 6148 halb zutragen etc.
