5472 7296
730 1439 944 1625 396
982 1629 2543 1807 Berchtoldt kurzen zubefelchen, sy ann gewahrsame
1034 1737 2602 1906 orth unnd mit namen in das schloß zu führen, welches
1017 1839 2602 2046 sy aber nit zu werck bringen können, wyl sy sich, wan
1036 1955 2585 2076 man hand an sy legen wolle indergelegt, vnndt das
1038 2057 2593 2241 kind ann die brüst gethan, so baldt man aber von ihro
1041 2146 2471 2364 abgelaßen uffgestanden, habe er voriges fluchen
1042 2267 2617 2461 unnd ehr vergeßenes sing erger als zuuor, fortge
1034 2362 2550 2564 triben, so daß der predicant und er sich nach dem
1032 2483 2596 2704 Pfrundthuß begeben, vnndt Ihr, wyl sy solche Gotts
1033 2606 2672 2823 lehrungen vndt gmachworte wider die oberkeit lenger
1037 2699 2637 2920 nit coren können, abtretten müßen, da inen aber Jacob
1011 2824 2615 3059 jenck und demselben uff dem huß die Matz auch nach
1025 2945 2568 3149 gevolget, sy könne disen widermann nit laßen, sye
1034 3081 2572 3275 ir gar zu lieb. Item als zanck, Inen vnndt die dienen
1037 3199 2623 3399 hurbis zum pfrundthiß nachkommen, habe sy zwar
1025 3345 2545 3501 die Juren hinder sich vngemacht, Junck aber deßen
1034 3429 2562 3615 ungeachtet habe mit gewalt hinyn wollen, deßwegen
1030 3576 2498 3755 Ihne der Prediant mit reucht abgewisen vndt zum
1043 3670 2550 3884 huß hinung gestoßen, worüber er fenck sich heim, die
1027 3795 2558 3974 dienen aber als sy gesech, wie spencken abgedancket
1042 3918 2545 4121 worden, widerumb zum wirthshuß gemachet habe
1043 4040 2639 4233 vnnd so schandtlich geflucht vnd geschmacht als zuuor
1036 4157 2610 4337 welches dann verursachet, daß der Prediant, Peter
1043 4288 2579 4454 Strichten einem Horrichter, der eben auch zu gegen
1017 4393 2526 4585 und kurz zuuor uß der statt kommen wäre, benolchen
1018 4504 2561 4682 er solle hingehen zu wirthshuß unnd verschaffen
1014 4641 2621 4807 helffen, daß sy doch ab der gaßen gethan werde, und
1003 4750 2504 4931 die ergernuß uffhort, so er war gethan, vnnd
1007 4860 2441 5029 andere darzu zu hilff genommen, vndt habe wyl
1008 4963 2529 5155 man sy nirgendt hinbring können, Berchtoldt durß
1003 5093 2497 5265 ir endtlich das kleinste kent wegg genommen
992 5210 2497 5387 und in des wirthsstall hinyn gelegt, da sy dann
995 5331 2514 5507 hernach gegangen vndt Borchtolit die furen zumachen
998 5430 2520 5606 wollen, welche aber die dirnen alsobaldt weiler
998 5550 2571 5738 ergrifen vnndt imme ppilen händen gerißen, vnnd
985 5666 2585 5871 daher uß geloffen, als sy nochmalen handt an sy legen
977 5790 2546 5989 wöllen, sy aber wie vormalen sich uff den boden
967 5924 2497 6108 gelegt, haben sy dieselbige mit gewalt hinyn
979 6039 2562 6239 getragen in des wirths pfenhuß und ein schloßen
4544 1560 4726 1702 e
3006 1553 4585 1808 die turen gelegt, vnndt seye also die Nacht darinnen
3071 1718 4622 1934 gebliben, dis ist auch Peter Ernsts, Hanß Moratz vnd
3032 1815 4604 2046 Berstaldt durzen vnndt Oßwaldt Trinkelers ußsag.
3065 1915 4598 2165 Johan Jacob Müller der prodnant, als der das alles
3114 2087 4637 2280 heils selbsten gesechen, theils von dem langen zuhoren
3084 2200 4630 2343 des nur mehr als sind gehabt, subscribiert, aller
3083 2284 4636 2464 dings letst geschribner ußsag, ohn daß er meldet, das als als
3095 2416 4735 2588 er das ergerliche geschrey vonn wychen gehört, habe er
3095 2502 4630 2684 sich eben darumb zu Herren seunderen für des
3098 2603 4679 2823 tischmachers huß begeben, vmb desto sucherer zuerfahren
3098 2741 4597 2897 wer dise persohnen seyen, vndt als er vff Jacob
3110 2840 4639 3025 Denckes erforderen hinder das Wirthshuß kommen,
3062 2950 4566 3104 habe er die Vnuerschambte Matz examinieren unnd
3091 3050 4624 3213 ires thuns befragen wollen, da er aber gantze spötisch
3071 3195 4684 3364 beantwortet worden, dann sy habe ihmme alsobalde
3108 3263 4611 3457 eins zu trinken wollen, gefragt, ob sy ihme singen
3092 3384 4550 3568 sölle, auch also baldt ein der h oberkeit zur
3134 3516 4618 3691 hnnach gedultetes Lied angefangen, vnndt als er
3106 3617 4636 3802 sy etwas herpffer besprachen, habe sy gesagt
3117 3728 4730 3936 er solle sy generenter ungeheydt laßen, sy trage
3108 3875 3554 4013 mir lumppen,
2968 3978 4604 4224 Item als endt zwüschen ein schlegerey zwüsch
2985 4132 3080 4335 I
3099 4149 4707 4325 Jaggin zencke vndt dem sigerist, wylen diser zencke
3117 4254 4735 4446 verwisen, er habe dise dienen uffgehalten, vndt mit
3099 4414 4707 4587 Ihre gmeinlichs gemacht, jener aber sizenck Ihne
3104 4517 4751 4700 liegen heißen sich zugetragen, vnndt Sigerist, Zencken
3116 4648 4745 4841 vnder sich gebracht, habe gemelte dirnen dem fenck
3131 4766 4693 4947 scheiden, vnndt den anderen von ihm wegen ziechen
3127 4860 4728 5057 wollen, mit vermelden er heute seye ein fyner alter
3116 4995 4117 5183 mann, sy könne ihnne nit laßen.
3115 5084 4755 5378 Vndt als die Sigristin die dirnen ab zrenen mann
3106 5284 4792 5463 wegen gezogen, habe sy sich vff die bein gemacht, mit
3119 5402 4698 5582 dem Kopff sich gegen synem des Predicanten fuß
3124 5524 4728 5703 geneigt, Ihne, wie er genußmaßet, Zunderrennen
3132 5645 4753 5820 er aber us sorg, daß sy ihme nit etwan zu nach zum
3060 5746 4848 5977 lyb kommen möchte, habe sy mit dem auß von sich gestoßen.
3105 5893 3821 6089 Actum als vorstath.
4258 6221 4570 6418 Dierich
4634 6693 4718 6770 .
