5472 7296
664 1468 805 1621 16
1157 1546 2394 1783 Vff welich sein Bendicht Springen
1133 1661 2402 1881 Vergeßner trew, verubten Meinendts,
1160 1762 2354 1976 Vsschlachung der anerbottnen gnaden
1169 1855 2469 2037 vnd beleidigungs vergeß, auch anderer
1133 1948 2370 2161 hieuorgehörter verbrechung vnd
1187 2041 2532 2238 Mißhandlungen, ungh räth und Berg
1200 2129 2433 2350 by irem eid zu recht erkent und
1206 2244 2496 2440 gesprochen: daß er dem Nachrichter
1152 2351 2476 2516 anbefolchen werden, der Inne vnder
1212 2428 2530 2599 vß vff die gewonliche Richtstatt führen,
2315 2528 2354 2578 e
1202 2542 2416 2685 vnd Ime daselbst mit dem schwart
1188 2634 2533 2789 das haupt abschlafs, und also nach der
1203 2719 2537 2872 Ooblich Statt Bern Walhergebrachten
1187 2822 2385 3001 Rechten, vom leben zum vnd hinricht
1198 2961 1465 3096 sölle.
949 3020 2508 3228 Dise Vrtheill ist den 27. Aug 1673 an Ime
1234 3144 1923 3307 estattet worden.
1093 3381 2471 3548 11. Hans Springen des weibel
1605 3517 2404 3670 vorgicht. Ist dise
1130 3690 2519 3876 daß vor etwas Zeits ein gwißer
1213 3805 2464 3968 Ementhaler deßen namen Ime nit
1223 3902 2472 4053 bekant) ime ein Ladungsbrieff
1203 4001 2392 4153 vff die domahlen beuorstehende
1181 4093 2524 4233 Landtsgemeind zu Guttwyl gebracht,
1215 4198 2454 4352 vorgebend, daß von allen 13 orthen
1218 4298 2489 4449 der eidtgnoschafft usschütz dahin kommen,
1221 4377 2471 4538 vnd Ire beschwardts artickel ableg
1218 4463 2402 4618 wordent, Inne hiemit bittend
1209 4561 2481 4711 auch Jemandts von Inen dahin abzu¬
1189 4655 1455 4779 senden,
1730 4650 2539 4802 velichen ladungsbrieff
1214 4746 2452 4894 er vnderschriben, guttgeheißen, vnd
1129 4813 1218 4966 .
1214 4836 2446 4996 darbei versprochen, der sach best
1203 4937 2565 5098 müglich nach zugan und darbei gesetzt
1199 5038 2500 5182 als ob die gmeind schupffen, auch in
1161 5112 2558 5290 dise Landtsgmeind bewilliget, weliche
1189 5205 2463 5377 aber daruon nichts gewüsßet habe.
1108 5360 2519 5587 volgents als nicht verner stürler,
1189 5523 2511 5688 vom Landtgricht Zolligkofen zu Buchste
1179 5606 2539 5788 versambt in nammen mahlen zu wüßen.
1174 5722 2580 5899 begert, ob sy, als trewe vnderthanen
3022 2809 3121 2911 d
3148 4297 3266 4408 .
3194 2846 3298 2998 1
3253 3670 3334 3811 6.
3326 1529 4397 1722 gebührt, irer vber oberkeit
4522 1616 4609 1706 z
3350 1645 4631 1813 allen unbillichen gwalt byspring
3366 1745 4668 1916 wöllent, habe er domahlen mehren
3366 1833 4674 1988 helffen, daß man 14 tag hierliber
3366 1929 4667 2085 verdanck begeren, und zuuor uff diß
3366 2031 4690 2173 anmuthen kein antwort folgen laßen.
3387 2120 4609 2258 sölle, daß er aber andere
3382 2203 4666 2364 vfgewisen nit zu huldigen, noch der
3362 2296 4762 2454 oberkeit, das ja wort uff diß in begeren
3374 2401 4765 2548 zugeben, biß man iren landtgrichtsbrieff
3376 2484 4796 2662 vom Frey weibel hinuß habe, sige nit
3341 2707 4762 2921 Denne als über etwas wenigs Zeits
3402 2861 4782 3019 darnach an einem Zinstag, des Meyern
3390 2941 4802 3110 sohn zu Merkilchen uff einem roß daher
3378 3041 4783 3205 wychend zu imme kommen und angezeigt,
3381 3133 4779 3304 daß vil fröndes volck by der Gur¬
3397 3235 4807 3419 menen brugg und noch darzu vil Lottring
3398 3336 4736 3497 isch von Giel nacher komme, auch sein
3382 3441 4770 3602 bruder der Meyer so von Bern kommen
3390 3540 4746 3705 söliches bestättiget, sye darüber be
3396 3630 4787 3766 inen gestürnt worden, da ein theil
3368 3724 4811 3891 des Volcks in Thiergart vor arber
3367 3805 4724 3989 gezogen, die er alda commungirt
3384 3917 4734 4084 volgents auch nach gemachtem Muhr
3392 4027 4455 4185 feldischen friden abgedancke
3354 4237 4690 4459 Vnd obwol nicht zu verner Frisching
3380 4383 4720 4544 Inen im Thiergarten uß der gut befe
3383 4483 4741 4633 angemeldet, er auch selbst in der Sta¬
3394 4580 4677 4735 Arberg gesechen, daß die vfgehal¬
3217 4668 4657 4823 Völiker nit frömde, sonderen inghe
3396 4775 4717 4934 thanen vnd theills Newenburger
3394 4867 4736 5014 Eir Jedoch mit rath anderer seiner
3409 4962 4643 5121 gestellen, ohne deß Lewenbergen
3420 5053 4716 5178 befelch mit deme er correspond
3413 5133 4702 5301 deßelben tags nit abziechen, hander
3415 5214 4725 5368 erwarten wöllen, biß Ire vnschütz
3407 5337 4741 5512 vom Muhrikeld bscheid bringen, wieder
3397 5422 4830 5620 friden abgeloffen, wie sy dan erst
3415 5507 4788 5695 etlich tag hernach vff empfangnen
3403 5614 4819 5781 bericht, daß der friden beschloßen
3411 5713 4836 5922 abgezogen. Heinen vom Lewenberg selbst
