5472 7296
656 1402 804 1559 98.
769 1357 2408 1664 Jaggli Wenger der weibel zu Strättlingen
785 1523 2273 1750 welcher hievorgenante Mutter vnd
815 1609 2391 1849 Dochter Alhar geführt, hatt anzeigt, daß
827 1706 2386 1920 er auch, oberkeitlichem befelch gemäs, die
838 1839 2430 2011 Jenige fraw, so auch by der genisse gewesen,
777 1912 2333 2096 vnd diser Margreth Mlöwerin geschweyen,
839 2006 2350 2216 hinab führen wollen, die habe aber wegen
844 2091 2366 2304 groß schwangeren leibs, sich nit vff den wegen
864 2182 2360 2393 begeben dorffen, vnd also Ime geoffnet
856 2263 2325 2493 was Ira hierin in wüßen. Namlich
888 2377 2252 2567 daß sy ja by diser genisst gewesen,
849 2475 2265 2670 und gesuch, daß das kind nit ußgetragen
845 2578 2233 2743 Sonderi wie ein zusamen gewiggleter
855 2667 2386 2856 lumpen gewesen, seige nichts grunnen, sich
865 2751 2342 2931 nüt wirt, auch nit mögen erkent werden.
835 2863 2002 3055 daß etwas leben vorhanden etc.
811 3035 2257 3250 Ist den 20. decembr 1613 von mahl bäth
818 3168 2394 3348 vnd Burgeren, vff Ir gnad, des Landts Schristen
860 3267 1185 3388 worden.
968 3706 2043 3906 Peter Annderist, purtig
1249 3848 1696 3997 von Spretz.
773 3914 2434 4140 Nachdemselbig von eines disen Lucia Jahr¬
842 4077 2419 4249 Marckt, alhie an der Kram-gaß, durch
782 4173 2384 4353 Ihne entfrombdten Manns guts wegen
812 4279 2336 4489 gefencklich yngezogen vnd er vff die
794 4417 2467 4626 betheilent exammation, dises diebstals
815 4554 2378 4753 bekandt vnd anred sein mueßen: Ist
825 4693 2376 4880 er von deßelben wegen und wylen er
832 4795 2427 4970 mit weiters bekennen wollen, von
833 4931 2453 5130 mal und oberen zwen monat lang
798 5056 2403 5261 Ins Schallenwerck erkent worden.
755 5190 2029 5412 Actum 20. decembr 1683.
4467 1403 4590 1583 9.
3201 1380 4360 1637 Daniel Polar von Einen
3129 1503 4210 1725 der landtvogtey Merster
2801 1577 4391 1830 Als derselbig verschinnen sommers
2933 1743 4438 1928 under zweyen hauptluchen, als H Anthor
2923 1846 4434 2007 Perroth von Newenburg und herrn Maior
2915 1929 4485 2106 Weißen, luth der in handen habenden Pass¬
2924 2028 4538 2220 portet, in E. Gng. Statt vnd Kriegsdiensten
2816 2108 4470 2286 sich gebrauchen und nach genommen urlaub by
2863 2203 4581 2395 dero supplicanto anhalten lassen, daß in gut
2778 2291 4555 2472 Inne mit sicherem Gleit widerumb nacher
2900 2385 4511 2569 hauß zugehen, vnd seine gutter, so Ime die
2900 2481 4413 2658 fraw von Citaey genommen, zu besitzen
2936 2612 4589 2772 vergönstigen wollent, habend hochge
2936 2661 4536 2848 dacht Ir gut sich erinneret, daß ermelter
2929 2788 4472 2927 Daniel Routar nit allem vor ungefahr
2932 2851 4476 3023 1/2 jahren hochlich verklagt, ob solte und ein
2917 2958 4548 3088 Vrsach seines bruders s tod, sondern auch
2924 3050 4641 3227 nach empfangnem bracht der sachen hergangenheit,
2948 3138 4562 3280 albereit drey landtag deren er keinen
2916 3222 4610 3381 besucht zugesagtem stuls gehalten worden.
3015 3317 4618 3498 Deßwegen dan ihr rathshr. zechender
2830 3422 4622 3558 befelchen, berürt Noutas, wie vnd diß was
2944 3528 4580 3641 vrsacht er seinen bruder Jean Gabriel Roular
2944 3613 4545 3757 e sr geschlagen und was sich deßhalben
2906 3710 4509 3869 zugetragen ernstwortig zu examinieren.
2971 3798 4505 3950 derselbigen hatt ein den 23. Novemb
2955 3896 4559 4054 und 8 decemb 1653 in bysyn fr groß
2945 4010 4511 4132 Weibels von Wattenweil H Daūid
2922 4073 4634 4249 Bönigeris vnd etlichen Ir an dieneren vnd
2940 4170 4243 4347 weiblen bekent, wie volget.
2979 4287 4561 4510 Daß an einem gweßen marit zu Morfer,
2923 4436 4505 4596 er mit seinem abgestorbnen bruder in
3765 4495 4638 4686 Dannenhar daß diser
2935 4564 3504 4705 Zanck gerath,
2932 4587 4703 4795 sein bruder, sein Daniel Roular frawen
2943 4694 4603 4913 angeklagt, ob solte sy zur ein par ihn
2946 4784 4635 4997 so nit zweybatzen wahrt gewesen unt
2950 4911 4692 5092 wendet haben, welcheren vnd anderen hieruß
2949 5005 4583 5217 entsprungnen scheltwort, sy so wyth
2960 5107 4670 5314 an einanderen gewachsen, daß ermelter
2936 5219 4598 5417 sein bruder glan Gabriel str mit einer
2945 5307 4586 5524 schufflen gegen zur schlagen wollen, doch aber
2952 5434 4629 5615 vff seiner einnen frawen abwehren nit ge¬
3502 5523 4655 5695 Worüber er sich gewehrt
2953 5559 3357 5720 troffen,
2982 5598 4667 5834 vnd seinen bruderst bim har erwütscht,
4752 5572 4794 5734 1
