5472 7296
640 5694 840 5871 K.
660 1390 842 1573 54
1197 1460 1928 1702 Sehli Walli
1047 1692 2593 1890 Aachdem ingh vnd oberen warhafftig
1145 1825 2595 1956 verstendiget worden, waß gstalten gegenwürtiger
1123 1926 2487 2036 Ulli Galli ußen Eggiwyl deß ambts
1135 1972 2562 2122 sigmonirt, sich nit allen in der albereit vor
1154 2054 2585 2199 12. jahren gehabter Thunerischer unruch, sonderen
1174 2146 2522 2298 auch in dem jüngst fürgangnen mennigklich
1178 2211 2609 2365 empfindtlichen und hochstratlichem rebellion
1171 2283 2577 2475 wesen, alß ein haubt rebell und redlins de
1146 2385 2516 2570 schüerer wider syn hiener offt gethaneß
1171 2484 2579 2646 versprechen an der oberkeit fürohin getrunken,
1169 2554 2531 2737 und ufrichtig zuverblyben, habe gebrachen
1167 2618 2574 2833 laßen. So wyt daß auch syn ime deßhalben
1168 2759 2525 2963 bis gemachteß gewüßen, nit ruh gelaßen.
1123 2853 2546 3035 Verners by ihns und samb zu verblyben.
1052 2942 2557 3126 Alß ist derselbig durch gebruchte oberkeit,
1161 3046 2560 3243 liche fürsichtige mittel yngezogen, vnndt
1178 3127 2561 3344 volgendts diser syner vernebten pfrüerischen
1177 3216 2561 3417 verbrechens halb, den 1. und 5 tag diß monats
1178 3335 2525 3508 Octobers. Durch meine hochgeehrte ver¬
1194 3421 2573 3596 ordnete herren exammatoren herren müller
1137 3544 2558 3727 hon am bort herren Huser deß kleinen
1146 3625 2508 3807 herr landtvogt Lerber Herr vogt Nätiger
1139 3726 2533 3924 Herrn vogt Keller herr Stephan perret
1155 3843 2527 3995 und Jog Großweybel von Wattwyl
1158 3942 2555 4140 deß großen rahts, theils ernst wörtig
1159 4032 2520 4231 thels mit angewendter nothwendiger
1162 4128 2537 4336 mariter exammiert und befragt worden.
1102 4186 2569 4419 Der hall im bekendt und volgendts den
1166 4357 2448 4539 6 und 12 tag dise syn behandtnuß ohne
1163 4462 2521 4641 Mardter berachet und bestätiget, in
1149 4574 2132 4735 form wie hernach anzuhoren.
2141 4793 2335 4882 weder
962 4780 2517 4995 Deß ersten obgleichwol er im
1144 4876 2601 5090 Ehmarischen nach Jetzigem Rebettenwesen
1138 4987 2596 5161 kein anfanger oder urheber gsin, seige er
1142 5083 2601 5279 jedoch beide mal zu disen ufruhren dapfer
1168 5232 1537 5412 gehilffen.
1083 5677 2602 5893 Zum anderen seye ettwas Zeits, eh vnd
1154 5784 2621 5989 zuuor dise ihre rebession offenbar worden.
1135 5903 2653 6095 und nach beschehnen abruf der batzen im Eyge¬
1118 5991 2642 6218 wyl by synem einten hus us synem mit seinen
2721 2317 2968 2480 E.
2843 3086 2947 3241 4
2819 3747 2982 3853 5.
2790 4279 2929 4432 6.
2869 5336 2968 5476 8
4467 1403 4615 1512 55.
3244 1551 4657 1731 ein gmeind gehalten, darin durch inne die red
3244 1668 4652 1842 gefhüert und domahlen abgerahten worden,
3239 1745 4639 1945 by unghen umb bestätigung der zu thun
3241 1856 4584 2007 versprochnen articken (wider welche
3225 1913 4718 2134 sy vermeint, daß gehandlet werde) anzehalten.
3168 2269 4717 2475 Denne an der daruf zu signouw angestelter
3232 2407 4728 2559 landts gemeindt habe er die umbfrag gehalten
3266 2480 4659 2630 ein oberkeitliches schryben zu öffen, nich
3264 2586 4659 2760 synen raht geben, daß solches geöffnet werde,
3295 2685 3760 2859 wie geschechen.
4158 2937 4638 3070 einen gefrüßen mann
3169 2993 4709 3176 Zum Vierdten habe er auch den schmidt von
3202 3103 4672 3268 signoner bestellen und befelchnen helffen,
3215 3192 4692 3363 daß derselbige sich hefftig bruchen laßen wolle,
3295 3288 4668 3455 die jenigen, so es gut und getruw mit der
3270 3377 4741 3560 oberkeit gemeint, zu schlachen und zu hordtnen
3947 3642 4432 3804 eine anderessar
3237 3704 4727 3913 ebenmeßig zeige er völli Stauffer Christens
3257 3820 4693 3989 sohn bevelchnen helffen, sich hin und wider
3278 3905 4689 4088 zuuerschnegen und andere ufzuwig gleich
3122 4224 4717 4462 Littweniger seye auch ir schryber Brenner
3316 4349 4721 4541 mit synem entheißen bestelt und imme ein
3315 4449 4738 4631 gute besoldung zu geben versprochen worden.
3248 4732 4786 4999 dergen er sich hieruf an beiden orten sumißwald
3302 4902 4702 5065 und battwyl zu ihren landtschädlichen
3316 5012 4118 5177 bösen fundt verpflichtet.
3227 5254 4817 5521 In der zu Langenthal gehaltnen landts gemeindt
3343 5355 4782 5576 der, den daselbst gewesnen weren ehrengesandten,
3330 5437 4754 5715 gegebner mündtlicher antwort, habe er sich
3347 5526 4797 5803 auch nit ersedtiget, sonderen durch ein schrifftliche
3362 5660 4795 5885 mit anderen synes glychen haubt redlischnereren
3325 5770 4825 6037 begert, daß ein oberkeit vor an mutung einher
3322 5867 4765 6124 schuldigung, ihnen benorderst über alle
