5472 7296
700 3309 813 3458 10.
685 3900 800 4043 11.
692 4273 832 4391 12.
710 4678 814 4776 13.
684 5236 828 5388 14
650 1371 848 1495 138
718 1449 2440 1657 7. Weiters seye es dem bader zu Winterkurt
1051 1567 2408 1749 nachts in sein huß geschlüssen und darus imme
1056 1666 2426 1835 2. Mas mal verzwachet und daßelbig genoßen.
992 1885 2451 2110 Mehr einen gwüßen Beiren, der Baumhouwer
686 1999 759 2095 8
1061 2043 2487 2236 genannt undenhar Rohrbach, habe er auch 30 strangen
1046 2155 2400 2330 garn verschinnen bstagen genommen, vnndt
1015 2240 2396 2434 dieselbigen zu Fryburg uf freyen merckt
1050 2385 1375 2535 verkaufft.
2296 2683 2343 2739 .
1012 2581 2296 2824 Item vor vngefahr einem Jahr, seye er
1034 2729 2413 2910 Hanßen Mesterli im Durenbach in ein gaden
2373 2881 2426 2926 .
1055 2827 2370 3005 brochen und habe imme darus bei ungefahr
1031 2925 2370 3104 zweyen pfunden ancken und ein halben leib
1050 3033 1548 3198 brot genommen.
965 3262 2384 3480 Diß einem brunnentrag zu Winterkrut
1045 3404 2400 3554 habe er dem Hanßen Binggeli daselbsten
1047 3491 2417 3657 4. Eynlachen genommen, daruon zwey sein
1032 3602 2104 3761 fr zu Deyburg verkoufft habe.
985 3840 2381 4005 jenne vor 6 jahren, habe er us der Muli
1064 3945 2364 4113 im Winkelbach, alß welche offen gsin, 4.
1064 4051 1981 4215 mas Rogginsmal genommen.
996 4251 2329 4461 Dor 2 jahren seye er in gemelte Mülli
1051 4377 2342 4551 gebrochen und darus 4 mäs Müleborn
1060 4478 1482 4627 entfreundet.
1005 4626 2395 4887 So seye, er zum 3ten mal in gemelte mülle
1053 4814 2439 4982 gebrochen und darus 4 mas mal getragen,
1059 4913 2460 5084 weliches alles er in der hushaltung verbrecht.
921 5206 2312 5455 Herners zu Pantzenhuseren habe er
1021 5351 2408 5565 us dem brunnentrog rystem Dachen
1012 5481 2419 5671 garn und unspunnen genommen 20 strangen.
1029 5581 2484 5789 welches er vor 5 jahren, da imme ein strangen
1017 5688 2399 5906 unspunnigs 3 krütz golten zu Fryburg
1007 5802 1358 5958 verkoufft.
2761 3277 2869 3416 18
2779 4850 2903 4951 20.
2753 5486 2882 5603 21.
2767 3804 2910 4047 d
2795 1508 2930 1651 15.
2798 2036 2927 2188 16.
4389 1405 4573 1574 139.
3116 1510 4531 1690 Dannethin vor ungefahr 2 jahren seye er
3165 1618 4589 1797 in der Rüthi nechtlicher wyl in die mule gebrochen.
3146 1713 4553 1887 und darus ein sack mal entfrömbdet, weliches
3154 1812 4051 1984 in seinem hins verbricht worden.
3060 2026 4563 2242 Kehr habe er vor ungefahr 5 oder 6 jahren
3168 2151 4579 2328 in Hanß Gilgens deß müllers by der stoltzen
3145 2261 4568 2436 Muli zu Schwartzenburg fürs erste mal ynge
3153 2374 4610 2542 brochen und darus ein halben mit Rogginsmal
3149 2482 3430 2646 genommen.
3063 2684 4555 2894 Zum anderen mal seye er oben zu den Tach
3141 2815 4523 2971 hinyn, in gemelte müli gestigen unnd
3167 2913 4632 3085 abermalen darus ein halben mit mal getragen
3144 3029 3582 3189 und genoßen.
3071 3213 4648 3454 Bor 2 Jahren seye er den Bachman zu Bibelegen
3129 3373 4623 3539 rechtlicherwyl in sein gaden gebrochen und darus
3134 3461 4628 3658 10 lb ancken entfrömbdet, weliches er zu
3092 3576 4585 3763 Fryburg verkaufft, das pfund per 7 krützer.
3095 3817 4656 4038 In Pauli Castellers zu Bergenwarth gaden, seye
3150 3985 4606 4147 er verschinnen herbsts bey nechtlicher weil bey
3155 4088 4656 4252 offner thüren hinyngegangen, und darus ein
3124 4166 4618 4359 kübel mit usgelaßnen ancken von 12 lb.
3157 4283 4657 4480 wie zugleich ein früsche ballen von 3 pfundt
3138 4399 4671 4603 genommen und zu Fryburg jedes pfund per 7 lützen
3142 4562 3495 4701 verkaufft.
3107 4757 4627 4972 Item vor ungefahr 6 f oder 7 jahren habe
3169 4854 4674 5044 er bendicht zuzeller dem müller zu Schwartzen
3139 4979 4529 5183 burg nachts 60 strangen garn ab seiner
3146 5063 4666 5277 lauben genommen, weliche sein er se zu Fryburg
3155 5213 4172 5416 vf Freyen Marckt verkoufft.
3114 5402 4634 5608 Im meyen vor 2 jahren seye er gedachtem
3136 5507 4692 5730 Jutzeller in sein gaden gebrochen und darus in käs
3167 5638 4693 5861 ein guts im mül und ein schußlen voll bonen
3156 5719 4667 5977 genomen und soliches in seiner hushaltung
3144 5894 3543 6046 verbricht
