5472 7296
702 1388 876 1506 115
1083 1434 2449 1676 Aldes die Bezugin vom Thor wider kommen
1102 1591 2463 1754 seye Geörg Koll auch by den anderen in der
1102 1686 2465 1865 Stuben gsyn, und habendt starck mit einanderen
1142 1776 2474 1944 gewortet, und habe kall syn wehr gezeigt,
1142 1879 2454 2032 und zum thädter gesagt: Warumb er
1156 1980 2479 2152 mit der Ern ein solche vngelegenheit machen
1124 2067 2472 2289 also daß sy waren an einanderen kommen
1145 2183 2484 2360 wan nit die fr dem Kall das wehr genommen
1118 2295 2475 2472 vnd verborgen hette, vs sorgen es machte
1137 2414 2439 2610 en große vngelegenheit darus ervolgen
1103 2480 2448 2687 der entliebete aber habe zuufen gesagt
1126 2619 2482 2778 es mueße hinacht kein vngelegenheit geben,
1086 2713 2466 2913 daruf der thadter den entlybete geschalten,
1093 2834 2440 3039 Der entlibete aber das wehr gezenkt
1125 2948 2496 3148 und gesagt du hast mich mit zu schalten
1119 3051 2469 3244 ob ich nich also wil laßen schelt, eh mußte un
1123 3153 2423 3360 von mynen henden sterben oder ich wil
1135 3280 2432 3478 von synen sterben und jetz müße mit
1131 3398 2368 3582 nir kouffen (in zwüschen Sÿe die Er
1126 3494 2448 3671 mit dem undt zur thuren usgangen
2276 3658 2350 3728 .
1103 3610 2277 3763 Daruf der entlebte den thädter
1133 3729 2394 3917 mit dem flachen dägen uf den Rüggen
1101 3846 2403 4030 und arm geschlagen, der thädter aber
1124 3947 2376 4134 alzit zurück gewichen, und alß er by
1080 4070 2375 4240 der stubenthür gewesen, habe er sich
1120 4156 2467 4347 gewendt und uf den entlybt zugestochen,
1092 4271 2400 4456 Darüber zur thür usgangen unnd uf der
1105 4386 2367 4589 Stegen stehen bliben und gesagt gelt der
1087 4524 2440 4712 hass der entlybte aber alsobald zum
1051 4629 2446 4831 Kall gesagt, bruder ich ain gestochen
1064 4727 2431 4923 Darüber sich uf den bank gesetzt, aber
1104 4851 2440 5029 alßbald uf den boden gesunken, vnnd
1099 4963 2433 5151 verscheiden, woruf kall deß entlybten
1076 5094 2436 5277 Jagen genommen, dem thädter nach gangen,
1088 5190 2427 5381 und gesagt du haß mynen cameraden
1088 5297 2431 5488 erstochen, Ich will dich auch erstechen,
1072 5426 2385 5622 Wylen im aber das liecht under der
1088 5543 2444 5739 thüren erlöschen, seye solches vermitten blibe
1047 5650 2428 5833 Alß es die Bezuge aber, das liechts
1072 5775 2500 5981 wider angezündet, seye kall zum thädter
3007 4424 3086 4570 s
4420 1385 4594 1525 170.
3164 1570 4541 1755 gegangen und gsagt, bruder vom wilte auch
3182 1677 4593 1817 mit mir fechten, der thädter daruf geantwortet,
3140 1772 4591 1951 Nein, ich hab nüt an die zuuorderen, thun nur dyn
3173 1877 4580 2046 gewehr von der, So wil Ich dan zu die kommen
3112 1985 4541 2164 Woruf Kall das wehr von im gethan und
3155 2087 4613 2267 gesagt, was er gesinnet, daß er synen camariu
3171 2200 4530 2372 erstochen habe. Darüber der thädter
3078 2197 3168 2320 6.
3167 2308 4627 2495 geantwortet, er habe es an inne gebracht,
3099 2420 4608 2604 darzwüschen, sye die gezügen in einer wöscheren
3163 2533 4640 2731 ins gegangen, alwo 6 soldaten gelobert.
3178 2641 4676 2851 waren, welche es gebetten ihnen ze hilff ze kommen
3139 2773 4626 2942 daruon auch zwen mit imme kommen, alß es aber
3194 2884 4631 3056 wider in die stuben kommen, sye der thädter
3188 2983 4635 3171 und stall by dem entlebeten gestanden
3173 3101 4560 3326 und habe kall zu dem thädter gesagt, sihe
3194 3234 4615 3428 wie du myn bruder haft umbgebracht
3170 3368 4585 3532 Woruf der thädter geantwortet, ja nu
3202 3483 4605 3647 es ist Soldaten mannier, er hats an mich
3198 3586 4548 3817 gebracht, ich han mich gewert, wie ich
3175 3722 4635 3912 hag vomien vnd magen, es sind eweren
3136 3838 4586 4053 zwen gsin. Ich aber bin eintzig gewesen,
3191 3944 4599 4175 Wylen Kall es algest mit dem entlibeten
3185 4114 3515 4325 gehalten.
3124 4335 4652 4578 Marthi Walterts fr bezüget, daß nachdem
3184 4472 4660 4669 ihres meitli dem thädter sie hus thür ufgethan,
3201 4556 4662 4782 und er hauß uß hus wollen, seye er die stagen
3222 4683 4641 4911 abgefallen, und alß er wider hauf in die
3187 4785 4670 5017 stuben kommen, habe er gelesteret und syn das
3220 4922 4717 5094 in die Stuben geworffen, vnd darmit 2 oder
3201 5022 4632 5228 3. Schyben gebrach und sy die gezügen mit
3200 5152 4641 5379 vngüchtigen wüesten worten angeredt vnnd
3210 5246 4695 5491 gesagt, warumb sy inne nit mit der vatternen
3214 5386 4671 5606 schicke rechen, woruf sy inne abgemant
3225 5496 4680 5745 und wylen er trunken seye nider zugehen.
3212 5638 4662 5844 vermant, er aber sy darüber ein carogne
3217 5737 4683 5986 genamset, Imselbigen seye Georg Kall
