5472 7296
751 1461 972 1611 42.
1146 1454 2600 1712 ds leste Erkennenberg vnd seine kriegs¬
1200 1605 2482 1782 räth nach ein schreiben den 17. mari
1184 1678 2516 1908 der Ir g. ablauffen, daß Innhalte
1190 1793 2465 2007 Wofehr Ir gut Inen nit biß vmb
1190 1895 2561 2136 9 uhren bscheid und antwort schicken.
1186 1992 2481 2212 daran sy komen mögent, söll nit ir
1198 2102 2584 2305 gut. versicheret sein, daß sy in der
1181 2174 2517 2391 Schlößer vnd Clöster profiant. Spyß
1193 2278 2583 2441 und tranck nemmen werden, und von Tag
1199 2376 2365 2574 zu tag den costen haben wöllind.
1177 2522 2500 2743 Vnd als Inen selben tags meiner gl. et
1166 2618 2569 2784 vnd Oberen resolution vnd guttheisung
2472 2775 2588 2820 .
1185 2740 2472 2911 deß vff dem Muhriveld geschloßnen
1215 2830 2614 2989 fridens durch einen töüffers bott schrifft¬
1215 2928 2521 3102 lich angekundt, dieselbige auch in allen
1209 3036 2553 3185 Puncten, luth antwortschreibens von
1224 3097 2580 3288 Inen angenommen worden, Hätten
1185 3211 2359 3404 Ir gut nunmehr verhoffet, Es
1208 3307 2464 3468 wurd nit ire underthanen, luth mit
1192 3402 2508 3567 inen ingangnen fridens, vnd Ir ge¬
1232 3505 2399 3657 thanen versprechens, die wehr
1168 3585 2483 3742 Anderlegen, sich zuruwen begeben,
1143 3698 2493 3835 Der oberkeit in iren gwalt nit mehr
1191 3793 2472 3943 greiffen, vnd also vor erlag der
1164 3881 2442 4020 versprochnen dem gelts, die
1206 3976 2464 4137 huldigung, mit abschwerung Ires
1212 4065 2591 4223 bößen Bundts, leisten, sich also widerumb
1220 4167 2488 4310 als getruwen vnderthanen zu stath
1203 4245 2592 4405 gegen Irer von Gott eingesetzten natur¬
1226 4346 2470 4509 lichen und im höchsten grad beleidigt
1198 4450 2445 4601 Oberkeit, gehorsamlich einstellen,
1214 4538 2436 4712 Disem aber allein zu wider, hatts
1209 4646 2470 4801 Er Lewenberg, sampstags den 1.
1226 4742 2489 4894 May vß Kaufli, durch ein offenes
1191 4842 2600 4958 Schreiben, die Landrichter gewarnet,
1187 4931 2544 5070 daß sy fürsehnet, was sy machnet und
1213 5010 2590 5174 daß sy luth uß undts vff der Lentzburgen
1215 5122 2496 5265 gethanes vermahnen, hilff zu leisten
1225 5214 2453 5357 chuldig, mit vermahnen, starcke
1179 5298 2529 5453 brachten vff den Pästen anzustellen,
1219 5404 2458 5549 und nit jederman so dahar kompt,
1207 5488 2318 5629 Vnersucht passieren zulaßen
1182 5580 2242 5735 Weliches schreiben also vnder schriben
1204 5662 2546 5812 Ewere wolgemeinte Pundtsgnoßen Niclaus
1223 5744 2549 5869 Lewenberger Obrister Joh Conrad Brannes
1214 5808 2507 5983 Bundschreiber, gemeine Officierer.
2800 4521 3034 4652 sals ein
3034 4537 3259 4650 Obrister
4572 1430 4759 1583 43.
3327 1535 4720 1715 Vber diß alles begerte Lewenberg
3367 1648 4810 1833 durch ein den 22. maii datierte scharpfe
3339 1744 3687 1886 Minstiff
3714 1744 4742 1907 Daß ir gut Ire volcker
3332 1830 4711 1991 abdancken und niemand schädigen söllind.
3338 1926 4783 2097 dan im widrigen seye sy resolviret mit
3354 2013 4757 2186 aller Irer hilff vnd macht anzuziecht, vnd
3327 2117 4720 2258 nit mehr zu erwinden, sondern Iren
3330 2206 4757 2364 find zu schädigen und ußzurüten, hiemit
3327 2294 4735 2474 Denen betrengten vnd nothlydenden
3338 2400 4032 2563 friden zu schaffen.
3301 2536 4753 2733 By disem letsten schreiben blibe es aber¬
3359 2670 4733 2821 mahlen nit, sondern ward durch offten,
3349 2763 4715 2933 zognen Lewenberger vnd andere gmeine
3344 2878 4740 3020 unschulz, morndrigen tags noch ein anders
3349 2954 4743 3119 vnd vil scherpffers Ir aut zugeschickt,
3352 3047 4808 3203 darin sey sich vnnd erklagen, die ange¬
3363 3150 4692 3297 müthete schuldigung nit zu thun, es
3323 3233 4755 3405 habe dan Ir gut sich erlütheret, sy by
3328 3337 4689 3503 irem bund zu schirmen und handhaben,
3357 3424 4699 3550 auch die Volcker abgeschaffet, vnd die
3273 3533 4732 3700 versprochne dum gelts erlegt, wider
3366 3614 4762 3767 fahls sy mit lyb gut und blut allein.
3335 3722 4762 3855 heinschen vnd franden gwalt wider¬
3355 3795 4686 3902 stehen wöllent, mit angehenckter
3344 3901 4842 4028 protestation für das jüngste gericht
3369 3975 4711 4117 und anderen hoch empfindtlichen worten
4736 4011 4794 4087 1
3351 4070 4814 4227 weliches schreiben er selbst angeben helffe
3774 4157 4034 4296 ssen de
4134 4223 4173 4278 E
3311 4192 4768 4375 Verners ist er aūch bekantlich, daß
3355 4328 4722 4477 er hieruff als sontags den 22. maii
3366 4418 4756 4538 sselbst mit etlich volckeren uff Melling
3353 4504 4739 4677 zuzogen und daselbst comandirt
3370 4593 4723 4749 und den officiereren das wort geben.
3372 4688 4772 4863 Auch den Friden mit dem Zürichischen H
3343 4813 4157 4984 General beschloßen.
3348 4899 4783 5086 Vnd als Er Im heimreien vernomen,
3404 4996 4800 5208 daß die Arwanger sich frömden Volcks
3363 5115 4764 5298 beförchtnet, habe er Inen im fahl der
3372 5216 4766 5382 noth, durch ein Schreibe, darinn er sich
3355 5297 4741 5483 Landtshauptman genamset, hilff
3383 5436 3872 5592 versprochen.
