5472 7296
596 1286 837 1474 136.
966 1336 2472 1590 Iops geßen den seiten Nagler umb 4 bz.
954 1453 2458 1625 unnd das Kandli Jacob Wyßen dem
1013 1539 2513 1718 jüngeren umb 11 fl verkaufft und dre
1037 1631 2491 1815 berben derselbigen fen, als sie es widrumb
1030 1736 2478 1930 abholen wollen, furgeben, selbiges seye
1018 1860 2491 2049 ihme entfrombdet, vnd hiemit verlohren
1033 1963 2511 2124 worden, etlich es aber, wie oben zu er¬
1057 2046 2498 2243 sechen, nicht beschechen, sonder er es fra
1037 2155 1353 2337 gestolen.
1020 2338 2469 2490 Weilen er nun, wie hieuor angedeutet, nicht
1060 2437 2485 2633 weiters bekennen wollen, Ist er auß Ir
1037 2539 2488 2712 gbevelch zu woluerdienten, jedoch ge
1014 2655 2458 2827 nediger straff uff drey monat lang ins
1026 2740 2467 2929 Schallenwerck eingefehlet worden.
1007 2853 1997 2999 Actum 19. maii 1654.
1247 3261 1878 3440 an rest
1120 3362 2116 3535 uß dem ampt schwartzenburg.
1070 3515 2225 3674 demnach gegenwürtig Hans
1030 3612 2340 3759 Wart, donstags den 1. diß monats
1031 3701 2329 3877 jann 1617 uß ir gut befelch von
1000 3793 2352 3961 dem hochgeachten Ehr. f. f. f. vnd wyßen
980 3891 2307 4053 Herren Herrn Abraham Am Bordts des
1006 3997 2334 4131 kleinen Raths, In beiwesen vnd anhören
1000 4086 2306 4239 G. Großweibels von Wattenweil,
1002 4178 2355 4339 alles ernsts vnd erforderlicher maßen
1002 4262 2319 4406 befragt vnd erforschet worden: Ob er
1027 4366 2362 4495 namlich bej seiner vergicht vnd Bekant¬
1038 4434 2256 4593 nuß, so er vor etwas Zeits droben zu
1004 4530 2252 4690 Achwartzenburg dem Amptsman, H
1030 4632 2344 4762 Petern Müller an der Marter und s
1022 4700 2347 4864 gethan, beständig sein und verharren
972 4803 1253 4920 w�lle.
1261 4776 2408 4926 Hatt Er dieselbige nochmahlen
991 4884 2257 5046 freywillig bekent, vnd volgender
988 4963 1660 5109 gstalt erlicheret.
873 5202 2301 5401 Erstlich seye er zu Helgisried der kilchöri
966 5316 2438 5495 Rüeggisperg verschinnen herbsts in nechtlicher wyl
992 5435 2399 5603 vermitlest einer leiteren oben bei einem felladen
981 5540 2407 5680 hinyn in die mühle gebrochen, darus er ein
992 5630 2377 5783 halben müt mal entfrömbdet und zu seinem
994 5716 2426 5882 haus in den nöthen-acher getragen, zugleich
988 5822 2408 5990 auch ein halben nit kernen uß ermelter
4359 1396 4579 1562 137
3132 1494 4502 1710 Müli entnommen und an einem gwüßen orth
3170 1609 4537 1778 versteckt, alß er aber denselbigen auch abholen
3180 1683 4589 1893 wollen, seye er darüber ergriffen und gewahr,
3173 1805 4585 1978 samlich in das wirtshus nacher Rüeggisperg
3168 1887 4604 2082 gefhüert worden, und da die 2 so inne verwachen
3174 2015 4624 2165 söllen, entschlaffen, habe er sich durch das fenster
3149 2097 4667 2256 hims salviert und sich darüberhy inß niderlandt
3169 2203 4626 2376 begeben, hernach seye dem Müller das mal
3159 2304 4381 2481 und korn widerumb zugestelt worden.
2760 2631 2864 2708 2.
3029 2549 4615 2732 Demnach alß er noch under deß landts nenner
3130 2711 4619 2859 Binggelins dienst gewesen, habe er imme 2 mäs
3131 2798 4540 2965 Roggen und 4 mas haber vor ungefahr
3137 2898 4558 3076 13. oder 14 jahren genommen und ja läbzeite
3135 3005 4075 3173 seiner ersten ehren verbricht.
2790 3317 2863 3406 3
3139 3256 4525 3485 Denne habe er der Wittwen zu Nider Eichen
3180 3414 4560 3589 sin wehren dem dienst auch entfröndet. 4. Mas
3135 3527 4587 3674 Ryterkorn, 6 mas gersten 4 leiben brot,
3166 3620 4548 3797 1. Herd hafen voll ancken, darin ungefahr ein
3117 3724 4574 3899 halb muß gsig, sambt 30 ellen durch (welches syn
3162 3829 4551 4000 erste er se genommen, das übrige aber
2678 3844 3118 3998 f und zu fryburg
3143 3932 4576 4111 seye in seiner hushaltung verbrucht worden.
2715 3970 2996 4075 verkoufft.
3039 4240 4553 4460 Erten alß er noch by dem landtseckelmeister
2803 4313 2913 4441 4.
3148 4372 4621 4543 Mischler zu Wahleren in diensten gsin, habe er
4583 4521 4626 4598 .
3123 4483 4584 4638 imme 6 mas ryterkorn und s mas garsten
3146 4583 4620 4748 us dem tenn sambt einem eynlachen genommen.
3154 4696 4618 4882 welches syn erste ehr sei in der hushaltung
3136 4824 3469 4952 verbricht.
3027 5038 4673 5240 Berners habe er dem Hanß Mischler uf dem
2794 5148 2880 5256 5.
3118 5151 4628 5349 Büel zu Schwartzenburg 30 strangen garn,
3162 5248 4676 5453 in nechtlicher wyl ab der louben genommen, welche
3159 5367 4515 5565 er zu Fryburg uf freyen Marit verkaufft.
3102 5461 3195 5541 .
3081 5615 4667 5838 Dießgleichen Hansen Dengeli zu Berenwart, Nachts
3177 5729 4684 5938 auch bey 30 strangen garn, weliche er zu Freyhung
3152 5872 3496 6023 verkaufft.
