5472 7296
594 1261 789 1437 126.
959 1692 1018 1839 .
971 1325 2333 1545 Item vor Vngefahr 4 Jahren, vff Irer
984 1461 2333 1632 Nuhne, als er hegt seinen hutt dahinden
996 1579 1341 1712 gelaßen.
1023 1642 2312 1823 Verners im Bremgart zwüsch tag vnd
1046 1744 2317 1917 nacht, da sy auch mit einanderen von
1006 1866 1474 2021 Berg gangen.
1016 1881 2246 2094 Ein ander mahl in Irer Hofstatt zu
1004 2042 1640 2197 Niemerstwyl.
1048 2099 2385 2299 und das letstmahl vor ungefahr einem
1040 2215 1952 2406 Jahr, vffem Veld daselbst.
1039 2267 2398 2505 Verners wüste sy sich nit zuuersinnen.
982 2519 2307 2707 Mitt dem Guttigkofer aber nit mehr
1066 2648 2317 2803 als die den mahl, wie er in seiner
1030 2727 1895 2892 bekantnus vermeldet.
1089 3068 2365 3276 pendichs Rütigsofer hievorgen
1489 3215 1728 3305 melt.
1018 3271 2388 3470 Nachdem derselbige Verschinnen donstags
1051 3387 2282 3545 Den 6. aprilis 1614. widerumb in
1038 3475 2249 3630 Streibe thurn geführt, vnd daselbst
1057 3544 2301 3733 noch einmahl mit einfacher Marter
1046 3658 2308 3805 examirt worden, hatter neben
1051 3723 2288 3909 gethaner bestättigung seiner vorig
1052 3836 2319 4016 bekantnuß verners verzöchen.
1032 4025 2270 4209 daß er uff ein zeit dem Müller zu
1033 4146 2343 4301 Buchse, welcher, wie imme fürgeben worden.
1027 4238 2338 4375 steiner Eidtlich verwyßung von Statt vnd
1022 4288 2428 4481 land nit ein geringe ursach seye) getröwt,
1027 4419 2204 4567 Imme entweders ein Roß zunemen
1005 4515 2302 4648 oder ein letze zugeben, oder aber sein
1000 4581 2280 4739 hhauß zuuerbronnen, habe aber keins
976 4690 2299 4843 deren stucken ins werck gerichtet
981 4806 2359 5009 Denne seye vff ein zeit, statthalter Hegg
1028 4946 2295 5091 Nigli genabent und durß Wyß
1025 5041 2269 5161 in der nacht, da er albereit in seiner
1022 5121 2255 5260 eirlag zu imme kommen und begert
1023 5206 2310 5347 mit Inen nacher Seedorff zugelen, dem
1015 5290 2342 5402 Küffer daselbst ein par schaff zunemen,
1005 5373 2278 5538 welches sy verrichtet, bim Bentz lis
1004 5484 2244 5621 Im Wirthshauß gemetzget, die auch
1003 5561 2293 5716 daselbst, doch in seinem abwesen,
1005 5650 2401 5794 geßen worden und obwol der statthalter
989 5745 2318 5898 nit persönlich mit inen gang, habe er zur
960 5836 2302 5999 jedoch sein loß gelich, die schof daruff
989 5919 1364 6066 zuführen.
2950 5557 3189 5745 Zuuor
4401 1375 4596 1540 127
3104 1517 4540 1704 Es habe auch ermelter Statthalter, vff ein
3146 1628 4564 1810 zeit als er vorußern kommen, bei einer rüthi
3174 1723 4431 1871 im holtz, alwo h kurtz dehr gewesne
3153 1791 4653 1955 Predicant zu Buchste ein schlechts hüßli gehabt
3146 1896 4544 2067 einbuschen schauben vom Tach dises hüßlis
3164 2001 4552 2136 genommen, über das daselbst gehabte rüti,
3149 2062 4575 2244 feier gehabt und darmit bemelts hüßli
3156 2137 3486 2277 anzündt.
3125 2301 4595 2471 So habe er auch vom Nigli Feirabent selbsten
3158 2408 4530 2533 gehört, wie derselbige mit hilff Adam
3136 2481 4547 2644 Bruffers im Hielmas, hr. Peter frutig
3145 2582 4564 2738 zu Seedorff ein feiset Mertzlig genommen,
3160 2656 4527 2835 und im wirthshauß by bendicht disen
3165 2779 3557 2917 gemetzget.
3174 2875 4477 3064 benmeßig habe er von Peter Will, so
3164 3005 4500 3151 Jezmahlen Statthalter Heggs haußman,
3183 3115 4439 3257 Verstanden, daß derselbig, als er by
3135 3186 4523 3367 Bendicht Lisen dem alt wirth gedienet
3177 3294 4523 3450 mit ime dem wirth seinem meister einer
3157 3381 4541 3539 Frl, welche ein gygeri gewesen, vnd Im
3168 3483 4468 3611 land einen zogen ein stücki kragen auch
3171 3578 4536 3707 entwenden helffen, vnd syner so bei
3187 3654 4551 3836 200. vngförlich warth gewesen, Ime
3180 3778 4672 3942 sye aber allein tach zu einem trag worden.
3171 3870 4489 4043 das übrig habe sein meister behalt
3231 4350 4530 4566 cter Begen der Statthalter von
3303 4507 3676 4647 Buchte
3177 4603 4686 4803 owol derselbig, alles das Jenig, so wendicht
3186 4729 4662 4874 Güttigkofer hieuor von Ime versächen, an
3179 4831 4631 5018 fengklich alles starck verlaugnet, hatt
3205 4919 4620 5082 er doch den 6. vnd 7. aprilis 1614. vff
3193 5001 4633 5209 beider nichten herren müllers und herren Husers
3189 5099 4664 5296 ernstliches zusprechen, volgents bekent,
3200 5288 4563 5459 daß er die schuld und ursach, daß des
3207 5367 4677 5551 müllers zu Buchs lybi verderbt worden.
3218 5445 4643 5640 abe auch den Jenigen die solches verrichtet,
3225 5581 4298 5731 iin wirthshauß wein zalt.
3197 5649 4593 5843 abe auch vff ein Zeit dem Guttigkofer
3166 5777 4666 5966 fulffer geben, daß er das rybbeth zersprenge
3195 5921 3467 6066 sölle.
