5472 7296
640 1436 857 1578 248
788 1526 2560 1759 Das Erste mahl, da er widerumb mit
914 1689 2553 1894 Landt trätten, seye sie auf ein Zeits,
924 1793 2600 2007 da er in ein wasser (so sich der Limbach
921 1929 2540 2143 namset gefallen, vnd es ihme schier
937 2062 2635 2240 mißlungen, domalen habe er sich heim ver¬
936 2183 2661 2380 flegt, vnnd sich anderst angelegt, sich aber
921 2303 2635 2498 also baldt vnd angentz, auch aber das
943 2413 2596 2636 er von jemandts gewarnet worden,
935 2544 2631 2747 fort gemacht, vnd widerumb außern
916 2690 1566 2895 Landt begeben.
873 2894 2616 3160 Daß er aber auf ein Zeit gestechen worden,
936 3089 2622 3268 mit einer geweßen weibs persohn, so sich
902 3199 2604 3379 Basler Maria namset, von Kriegstetten
940 3298 2568 3504 auß, durch die Statt Wangen, und das
888 3429 2637 3628 Ampt Dipp vff Basel zugahn, seye sol¬
948 3552 2489 3747 liches eben grad Zū der Zeit gewesen,
949 3669 2611 3860 da er deß Landts verwisen worden, vnd
945 3796 2535 4009 sich auß demselbigen auff Basel zu
947 3913 2554 4117 begeben, da er dann dise Maria
945 4040 2283 4253 vnderwegs angetroffen habe.
796 4287 2599 4512 Wolte hiemit nicht glauben noch bekennen,
924 4404 2545 4653 daß er fürgehaltner maßen, ußert
914 4554 2594 4762 obigem und jetzt letsten mahl) jemalen
925 4681 2589 4891 ens landt getraden, weniger, daß er
901 4793 2590 5003 sith seiner ewerung zu herzogenbuchsten
917 4909 2644 5114 iege gesechen worden, dann er niertolen
904 5034 2582 5221 weder allein an seiner schwöster hoch
900 5151 2614 5335 zeit, vnd da er jetzt letstlich außen
892 5272 2670 5476 Krieg kommen, daselbsten ein seye, welches
880 5358 2648 5607 sich auch nicht anderst erfunden werde.
784 5567 2610 5789 Nonnet hieneben nicht in abred sein, weder
892 5731 2594 5950 daß er in letst verschinnen rebellionwesen,
904 5833 2651 6052 in werendem seinem exilio anstatt beedicht
874 5940 2644 6179 Schlupps von Meßen, sich fur einen Aliß¬
867 6077 2640 6331 juger in diensten dero von Solothur
2330 6192 2576 6358 vndt
2775 5609 2988 5805 4 Jahr
2772 5763 3013 5913 angfahr
4428 1562 4664 1751 249
3029 1605 4551 1852 und zur defension deß Buchibergs
3073 1750 4455 1988 einschreiben vnnd gebruchen laßen.
2972 1957 4678 2243 Souil dann seine, in werender Ehe begangen,
3080 2141 4657 2375 drey sel heren fähler belangen thut,
3086 2296 4674 2498 seye der allererste beschechen zu Lohn
3102 2409 4697 2628 im wirtshaus mit einer, so sich Elßbeth
3088 2538 4654 2737 genamset, vnwüßent aber wie sie
3108 2664 4633 2863 mit ihrem zunammen heiße, oder wo
3094 2793 4715 2955 sie daheim seye. Vor 1 Jahre kegler
3116 2972 4632 3144 Der ander, vor vngener 5 Jahren
3077 3089 4681 3306 zu Kilchberg mit Maria Schläflin
3058 3239 4663 3454 (sonst die Groß Maria genant
3062 3347 4713 3551 so by der Glaschulden hinderem Berg
4096 3519 4671 3697 vmb welche
3087 3493 3801 3708 daheim sein sol.
3094 3617 4644 3845 nechstgemelte beide fählen, er
3099 3759 4696 3958 zu Frawbrunnen under mehr heim
3106 3883 4681 4095 dem domaligen Vogt, abgebüest
3063 4032 3370 4221 habe.
2953 4182 4705 4419 Bekent auch darneben wahr sein,
3083 4329 4802 4512 daß er, als ein domaliger Vorrichter
3097 4441 4726 4682 ermeltem herren Vogt, vnd Herren Pre
3106 4568 4720 4783 dicanten, galdt angepolden, vnd
3090 4681 4639 4948 ihnen zugereithet habe, daß sie
3095 4822 4692 5063 ohie dise beide fähler vber¬
3049 4897 4754 5205 sehen und verschweigen helsten söllent.
3090 5066 4775 5319 weliches sie aber nicht thun wollen,
3065 5191 4774 5465 sonder ihne deßen ernstlich bescholten
3102 5345 4183 5592 und gestrafft habindt.
3092 5507 4726 5743 den dritten fähler, habe er hernach¬
3103 5626 4716 5849 mals mit der zu Burg dorff sitzero
3081 5742 4668 6034 hingerichten Cathryna Brachbuel
3044 5882 4678 6170 sonst die Spitz genant) daselbsten
3030 6003 4667 6291 zum Krey subt, welichen er in der
4106 6135 4659 6390 hngeacht.
