5472 7296
626 1536 780 1659 20
1103 1552 2485 1847 Is dreyen jahren den freyen feilen kauff.
1172 1697 2522 1880 des Saltzes geben welle, Sonsten Im Vbrig
1155 1771 2497 1974 Seye Ihnen der Brief mehr Schädlich alß mit
1829 1883 1889 1941 d
1164 1861 2495 2077 Es werde aber zu Seinißwald ein landts-
1194 1948 2528 2168 gmeindto gehalten werden, wie der sach ze thun
1186 2043 2512 2237 syn werde, vnd beuolchen das Volke vnd die
1170 2137 2502 2358 usschutz dahin gemahnen. Worüberhin er us
1189 2229 2519 2419 antrib K�lli Kärs im heimbreißen im
1183 2301 2555 2498 Schwanden vierteil uf gemant und zu Schwander
1205 2391 2510 2610 von Hof zu hus gangen, und solches ihnen
1168 2522 2576 2704 vermeldet und an anderen orten angezeigen
1183 2609 2512 2809 benolchen. Solli karr aber in wyten,
1183 2699 2534 2915 bach pferteil ufgemant. Mordens
1214 2801 2509 3003 aber, alß er hemb kommen, seye Claus
1233 2960 1295 3024 e
1161 2923 2545 3114 Conirenberger zu imme kommen, habe inne
1207 3023 2555 3213 umb einen ehrtagwen zu acherieren angen
1197 3108 2590 3294 gesprochen, welchem er gesagt, daß zu Signome
1206 3216 2489 3399 an der landtsgmeindt abgerahten worden.
1222 3296 2541 3482 es sölle zu Sumißwaldt ein landtsgmeindt
1210 3379 2542 3590 gehalten werden, er Laurenberger solle
1226 3502 2548 3683 auch dahin gahn jetzgedachter Rünchins müesse
1226 3579 2508 3798 ohne das dahin, wegen eines synes brochenen
1189 3672 2581 3848 knabens, Alß aber er sich zu Sumißwald
1209 3773 2479 3930 befunden, Seyen Dammel Ruch vnd
1176 3908 2519 4041 allen ander Loüwenberger zu immer kommen.
1210 3966 2526 4154 und inne angeredt, er mit claus
1198 4077 2487 4234 Louwenberger reden vnd Inne an¬
1217 4177 2497 4330 brechen sölle erfredner ze seyen, weliches
1215 4267 2505 4446 er us finfalt gethan und Lanweiberger
1211 4380 2532 4535 sich alßbald gutwillig hierzu erzeigt
1210 4473 2545 4645 er nüwhus habe auch alda den fundt
1232 4571 2514 4742 geschworen. So seye er auch ander
1183 4651 2530 4826 landtsgmeindt zu Huttwyl, alwo sich
1167 4768 2500 4919 deß herren anbasadonen schryber von
1179 4854 2520 5037 Solothurn befunden, gsin. Er habe aber
1203 4976 2495 5144 mit demselbigen mutzit geredt,
1191 5071 2491 5259 sonderen die fürnembsten habendt
1223 5184 2520 5351 mit imme red gehalten, wüße aber
1210 5282 1640 5431 nit was.
1130 5408 2458 5653 Denne alß Loüwenberger an der zu
1185 5577 2541 5752 langental gehaltnen landtsgmeindt sontags
1181 5698 2400 5848 den am sambstag morgens zuuor
1184 5771 2535 5950 gefaßten geheimen rahtschlag, daß namlich
1214 5890 2536 6047 man keine läbens-mittel mehr, weder
1206 5972 2459 6172 nacher Bern Buristorff, nach thun
4551 1437 4681 1540 24.
3284 1573 4659 1767 zukommen laßen solle, wan die herren ihnen
3353 1710 4705 1864 nit alle ersticul yngahn werden.
3324 1802 4688 1956 so man ihnen fürhalten werde und das
3343 1875 4677 2050 auch für die haubtstatt ziechen söllen.
3354 1971 4657 2150 vorgehalten und ein mehr darumb gemacht
3319 2046 4720 2223 habe er auch die landt darzu ufgehaben unndt
3343 2165 4700 2330 solches rahtschlag imme gefallen laßen.
3315 2252 4708 2420 Es sy endt, aber vill und er ihnen gsin
3333 2360 4740 2491 denen diser rahtschlag mißfellig geweßen,
3377 2440 4718 2616 ed habe aber das mehr nit haben mögen.
3407 2593 3471 2660 e
3590 2584 3674 2692 auch
3312 2611 4742 2813 So habe er zwen syner knechten für die
3334 2755 4712 2917 statt und einer gaß hertzogenbuchse
3355 2829 4744 3017 mit büchsen und Casparten geschikt
3332 2931 4706 3106 denen von Bernn habe er mit an sich
3333 3034 4782 3215 habenden syten wehr spys in das holtzen.
3348 3151 3683 3302 getragen.
3371 3205 4757 3412 at auch anzeigt, daß lautenberger
3343 3337 4756 3516 selbs dridt Alß hr. zughr Lehrber
3311 3441 4796 3638 zu Lützelfler mit synem volk ankommen.
3295 3543 4786 3731 zu imme kommen und ihmme ufgemant haben,
3314 3649 4776 3837 Seye aber daheimb gebliben und nit ufgezogen
3285 3820 4746 4041 So habe er sich auch zu Galbach alß er
3343 3958 4821 4125 Engel mit einem schryben an Lauwenberg
3364 4045 4818 4217 gekommen) befunden, aber keinem rahtschlag
3353 4160 3805 4293 beigewondt.
3375 4263 3459 4346 2
3275 4224 4738 4463 Sonsten gibt er für daß Uli Kar zun
3291 4368 4709 4574 Hanß Bierren alle hyach dißen sachen
3377 4481 4021 4646 nach gangen seyen
3255 4638 4753 4830 Sterners habe er by 16 oder 20 persohnen
3355 4753 4765 4898 so von sub nach kommen und in er hiergardten
3373 4842 4846 5035 gezogen, beherbergt, denen der weybel
3378 4948 4445 5122 abgewartet und ufgetragen.
3315 5099 4804 5340 Er hatt den frömbden alle mahl ein trunck
2973 5135 3255 5316 N.
3367 5241 4669 5415 werden laßen und den wirth oder
3342 5346 4114 5539 wynscheiffe gefragt.
3338 5445 4809 5716 Entlichen habe er sich in 4 jahr vergeßen und
3352 5571 4826 5800 In hindansetzung syner es sich mit einer tirn
3367 5655 4844 5880 In uneinschheit vermisch welche imme ein unehlichen
3355 5762 4866 6002 kindt geben, darumb er aber unlangst abbüeß
3183 5890 4797 6153 Ist ehr und wehrlooß erkent, und sol mit
3134 6033 4756 6249 einer geltstraff nach seinem verbrech belegt.
3215 6179 3569 6321 werden.
