<?xml version="1.0" encoding="UTF-8" standalone="yes"?>
<PcGts xmlns="http://schema.primaresearch.org/PAGE/gts/pagecontent/2013-07-15" xmlns:xsi="http://www.w3.org/2001/XMLSchema-instance" xsi:schemaLocation="http://schema.primaresearch.org/PAGE/gts/pagecontent/2013-07-15 http://schema.primaresearch.org/PAGE/gts/pagecontent/2013-07-15/pagecontent.xsd">
    <Metadata>
        <Creator>prov=University of Rostock/Institute of Mathematics/CITlab|PLANET AI GmbH/Gundram Leifert/gundram.leifert@planet-ai.de:name=German_Kurrent_XVI-XVIII_M1(htr_id=19584)::::v=2.6.6
prov=University of Rostock/Institute of Mathematics/CITlab|PLANET AI GmbH/Tobias Gruening/tobias.gruening@planet-ai.de:name=de.uros.citlab.module.baseline2polygon.B2PSeamMultiOriented:v=2.6.6
prov=University of Rostock/Institute of Mathematics/CITlab|PLANET AI GmbH/Tobias Gruening/tobias.gruening@planet-ai.de:name=/net_tf/LA73_249_0mod360.pb:de.uros.citlab.segmentation.CITlab_LA_ML:v=2.6.6
Transkribus</Creator>
        <Created>2020-10-05T15:03:49.911+02:00</Created>
        <LastChange>2022-09-09T15:59:19.065+02:00</LastChange>
        <TranskribusMetadata docId="1334831" pageId="52360907" pageNr="17" tsid="114642683" status="IN_PROGRESS" userId="9570" imgUrl="https://files.transkribus.eu/Get?id=PWQWHNPKPKZWQMTVFNXLFCEW&amp;fileType=view" xmlUrl="https://files.transkribus.eu/Get?id=PLILLZHTUPHPNPXGXPRZKARC" imageId="16066626"/>
    </Metadata>
    <Page imageFilename="Turmbuch_StAB B IX 476_00017-20200925_082457.jpg" imageWidth="5472" imageHeight="7296">
        <ReadingOrder>
            <OrderedGroup id="ro_1687513721004" caption="Regions reading order">
                <RegionRefIndexed index="0" regionRef="r1"/>
                <RegionRefIndexed index="1" regionRef="r2"/>
                <RegionRefIndexed index="2" regionRef="r3"/>
                <RegionRefIndexed index="3" regionRef="r4"/>
            </OrderedGroup>
        </ReadingOrder>
        <TextRegion orientation="0.0" id="r1" custom="readingOrder {index:0;}">
            <Coords points="502,1542 502,1704 662,1704 662,1542"/>
            <TextLine id="r1l1" custom="readingOrder {index:0;}">
                <Coords points="494,1673 570,1699 600,1688 610,1697 627,1693 641,1700 674,1688 665,1565 641,1567 611,1552 602,1557 566,1538 558,1549 542,1548 505,1581 488,1586"/>
                <Baseline points="502,1654 528,1652 555,1649 582,1648 608,1646 635,1644 662,1642"/>
                <TextEquiv>
                    <Unicode>32.</Unicode>
                </TextEquiv>
            </TextLine>
            <TextEquiv>
                <Unicode>32.</Unicode>
            </TextEquiv>
        </TextRegion>
        <TextRegion orientation="0.0" id="r2" custom="readingOrder {index:1;}">
            <Coords points="1042,1625 1042,5945 2404,5945 2404,1625"/>
            <TextLine id="r2l1" custom="readingOrder {index:0;}">
                <Coords points="1106,1762 1413,1760 1507,1717 1594,1752 1820,1686 1888,1739 2053,1675 2195,1671 2264,1718 2347,1679 2341,1588 2012,1600 1939,1564 1800,1642 1618,1593 1102,1713"/>
                <Baseline points="1114,1742 1175,1738 1236,1732 1297,1726 1358,1721 1420,1716 1481,1709 1542,1704 1603,1698 1664,1693 1726,1688 1787,1683 1848,1679 1909,1675 1970,1672 2032,1670 2093,1670 2154,1670 2215,1670 2276,1672 2338,1676"/>
                <TextEquiv>
                    <Unicode>anderen Ingestreit habe, es sye</Unicode>
                </TextEquiv>
            </TextLine>
            <TextLine id="r2l2" custom="readingOrder {index:1;}">
                <Coords points="1109,1847 1238,1827 1363,1880 1461,1806 1578,1850 1686,1791 1769,1822 1993,1766 2353,1776 2371,1686 2263,1718 2158,1672 2063,1733 1887,1740 1819,1687 1504,1773 1439,1732 1106,1808"/>
                <Baseline points="1118,1834 1180,1829 1242,1824 1305,1818 1367,1814 1430,1808 1492,1801 1554,1796 1617,1790 1679,1786 1742,1781 1804,1776 1866,1771 1929,1768 1991,1765 2054,1762 2116,1760 2178,1758 2241,1756 2303,1756 2366,1756"/>
                <TextEquiv>
                    <Unicode>ain nechstfolgenden Tag ein gmeind</Unicode>
                </TextEquiv>
            </TextLine>
            <TextLine id="r2l3" custom="readingOrder {index:2;} place {offset:3; length:11;}">
                <Coords points="1109,1982 1452,1897 1512,1942 1677,1882 1892,1915 1968,1862 2224,1857 2297,1896 2392,1878 2387,1791 1989,1810 1947,1778 1569,1857 1467,1806 1364,1880 1262,1833 1101,1872"/>
                <Baseline points="1114,1924 1177,1920 1240,1915 1304,1910 1367,1905 1431,1897 1494,1891 1557,1886 1621,1881 1684,1875 1748,1870 1811,1866 1874,1861 1938,1857 2001,1854 2065,1851 2128,1850 2191,1848 2255,1848 2318,1850 2382,1850"/>
                <TextEquiv>
                    <Unicode>zu Kouelfingen, und dahar von nöthen</Unicode>
                </TextEquiv>
            </TextLine>
            <TextLine id="r2l4" custom="readingOrder {index:3;}">
                <Coords points="1111,2057 1245,2023 1347,2070 1463,2012 1863,1970 2014,2013 2082,1958 2220,1985 2353,1957 2347,1864 2292,1897 2110,1864 1799,1936 1725,1896 1511,1941 1453,1897 1283,1958 1199,1930 1106,1989"/>
                <Baseline points="1118,2022 1179,2017 1240,2010 1301,2005 1362,1998 1424,1993 1485,1987 1546,1981 1607,1976 1668,1970 1730,1966 1791,1961 1852,1957 1913,1953 1974,1951 2036,1948 2097,1946 2158,1944 2219,1944 2280,1944 2342,1944"/>
                <TextEquiv>
                    <Unicode>aller beforderst dero entschluß zu¬</Unicode>
                </TextEquiv>
            </TextLine>
            <TextLine id="r2l5" custom="readingOrder {index:4;}">
                <Coords points="1093,2129 1359,2113 1419,2161 1523,2089 1718,2111 1976,2052 2037,2092 2105,2053 2167,2104 2258,2045 2344,2055 2339,1972 1964,2021 1765,1982 1360,2068 1088,2059"/>
                <Baseline points="1102,2114 1163,2109 1225,2103 1286,2097 1348,2092 1410,2086 1471,2081 1533,2076 1594,2072 1656,2066 1718,2063 1779,2057 1841,2054 1902,2051 1964,2048 2026,2045 2087,2042 2149,2040 2210,2040 2272,2038 2334,2038"/>
                <TextEquiv>
                    <Unicode>vernemen, vnd erst darnach bscheid</Unicode>
                </TextEquiv>
            </TextLine>
            <TextLine id="r2l6" custom="readingOrder {index:5;}">
                <Coords points="1090,2250 1965,2141 2238,2132 2324,2170 2368,2155 2364,2084 2168,2105 2100,2054 1968,2105 1895,2055 1716,2110 1485,2109 1429,2153 1331,2116 1082,2138"/>
                <Baseline points="1096,2204 1159,2200 1222,2194 1285,2190 1348,2185 1411,2179 1474,2174 1537,2170 1600,2164 1663,2158 1727,2154 1790,2149 1853,2144 1916,2140 1979,2136 2042,2133 2105,2130 2168,2128 2231,2128 2294,2126 2358,2128"/>
                <TextEquiv>
                    <Unicode>zugeben, damit die Vnßere gmeinden</Unicode>
                </TextEquiv>
            </TextLine>
            <TextLine id="r2l7" custom="readingOrder {index:6;}">
                <Coords points="1137,2344 1226,2291 1319,2353 1439,2294 1660,2329 1724,2266 2048,2228 2403,2268 2397,2166 2286,2188 2140,2133 1947,2193 1129,2227"/>
                <Baseline points="1142,2290 1204,2287 1266,2283 1329,2278 1391,2274 1454,2268 1516,2265 1578,2259 1641,2254 1703,2250 1766,2247 1828,2241 1890,2238 1953,2234 2015,2230 2078,2226 2140,2223 2202,2220 2265,2218 2327,2216 2390,2216"/>
                <TextEquiv>
                    <Unicode>y nit etwas beschultent, bywylen</Unicode>
                </TextEquiv>
            </TextLine>
            <TextLine id="r2l8" custom="readingOrder {index:7;} person {offset:24; length:12;}">
                <Coords points="1067,2416 1221,2453 1344,2381 1635,2410 1932,2353 2021,2389 2162,2328 2407,2369 2401,2269 1958,2241 1867,2286 1724,2266 1663,2327 1327,2355 1256,2310 1064,2365"/>
                <Baseline points="1074,2394 1140,2391 1206,2387 1272,2382 1338,2378 1404,2374 1470,2370 1536,2365 1602,2362 1668,2356 1734,2352 1800,2349 1866,2345 1932,2341 1998,2338 2064,2334 2130,2332 2196,2328 2262,2326 2328,2324 2394,2322"/>
                <TextEquiv>
                    <Unicode>solchen einwurffs komme Christ Grimm</Unicode>
                </TextEquiv>
            </TextLine>
            <TextLine id="r2l9" custom="readingOrder {index:8;} place {offset:4; length:5;} person {offset:14; length:19;}">
                <Coords points="1047,2529 1232,2487 1334,2517 1492,2461 1760,2496 1836,2434 1958,2485 2058,2439 2216,2471 2337,2434 2333,2376 2167,2327 2117,2378 1948,2355 1417,2419 1347,2381 1222,2456 1095,2418 1042,2454"/>
                <Baseline points="1054,2506 1117,2498 1181,2490 1244,2485 1308,2478 1372,2473 1435,2467 1499,2463 1562,2458 1626,2454 1690,2450 1753,2446 1817,2443 1880,2440 1944,2437 2008,2434 2071,2431 2135,2429 2198,2426 2262,2424 2326,2420"/>
                <TextEquiv>
                    <Unicode>von Bibel vnd Christ Eichelberger</Unicode>
                </TextEquiv>
            </TextLine>
            <TextLine id="r2l10" custom="readingOrder {index:9;}">
                <Coords points="1042,2619 1320,2597 1400,2553 1646,2624 1711,2574 2269,2540 2242,2478 2044,2443 1956,2487 1834,2433 1669,2509 1385,2488 1037,2534"/>
                <Baseline points="1050,2596 1110,2592 1170,2586 1231,2580 1291,2574 1352,2571 1412,2565 1472,2561 1533,2556 1593,2552 1654,2548 1714,2544 1774,2542 1835,2537 1895,2534 1956,2530 2016,2527 2076,2523 2137,2520 2197,2517 2258,2514"/>
                <TextEquiv>
                    <Unicode>uß der Kaiseren, als dero von</Unicode>
                </TextEquiv>
            </TextLine>
            <TextLine id="r2l11" custom="readingOrder {index:10;} place {offset:0; length:7;}">
                <Coords points="1061,2702 1538,2677 1700,2712 1765,2637 1863,2623 2144,2683 2298,2608 2187,2530 1996,2598 1774,2568 1641,2623 1408,2569 1351,2626 1057,2630"/>
                <Baseline points="1070,2686 1131,2682 1192,2680 1253,2676 1314,2673 1375,2667 1436,2663 1497,2657 1558,2653 1619,2648 1680,2642 1741,2638 1802,2634 1863,2629 1924,2625 1985,2623 2046,2620 2107,2618 2168,2618 2229,2617 2290,2618"/>
                <TextEquiv>
                    <Unicode>Langnow vfgeschoßne auch dahar</Unicode>
                </TextEquiv>
            </TextLine>
            <TextLine id="r2l12" custom="readingOrder {index:11;}">
                <Coords points="1098,2805 1218,2776 1324,2818 1491,2744 1697,2758 1848,2718 2192,2769 2304,2727 2301,2667 2238,2640 2146,2683 1945,2655 1596,2718 1410,2684 1247,2729 1156,2688 1093,2709"/>
                <Baseline points="1106,2768 1165,2767 1224,2764 1284,2761 1343,2757 1403,2754 1462,2749 1521,2745 1581,2740 1640,2735 1700,2732 1759,2728 1818,2724 1878,2720 1937,2718 1997,2716 2056,2714 2115,2714 2175,2714 2234,2716 2294,2718"/>
                <TextEquiv>
                    <Unicode>falleit inse in seiner meinung by</Unicode>
                </TextEquiv>
            </TextLine>
            <TextLine id="r2l13" custom="readingOrder {index:12;}">
                <Coords points="1103,2891 1304,2859 1448,2897 1533,2849 1639,2880 1847,2820 2120,2878 2334,2815 2331,2747 2120,2783 2054,2746 1978,2784 1911,2728 1874,2762 1718,2740 1624,2807 1496,2773 1344,2822 1267,2785 1099,2806"/>
                <Baseline points="1110,2858 1170,2856 1231,2852 1292,2849 1352,2846 1413,2843 1474,2840 1534,2838 1595,2834 1656,2832 1717,2828 1777,2826 1838,2824 1899,2822 1959,2818 2020,2816 2081,2814 2141,2811 2202,2808 2263,2807 2324,2806"/>
                <TextEquiv>
                    <Unicode>vnd vervrsachnet, daß andere Ire</Unicode>
                </TextEquiv>
            </TextLine>
            <TextLine id="r2l14" custom="readingOrder {index:13;}">
                <Coords points="1108,2983 1461,2997 1548,2939 1690,2986 1798,2927 1957,2920 2150,2968 2201,2922 2297,2954 2366,2925 2363,2842 1770,2894 1535,2848 1429,2915 1105,2894"/>
                <Baseline points="1116,2948 1178,2946 1240,2945 1302,2942 1364,2940 1426,2937 1488,2934 1550,2931 1612,2929 1674,2926 1736,2922 1798,2920 1860,2918 1922,2915 1984,2912 2046,2910 2108,2908 2170,2906 2232,2906 2294,2904 2356,2904"/>
                <TextEquiv>
                    <Unicode>vorige gegebne gute meinung auch</Unicode>
                </TextEquiv>
            </TextLine>
            <TextLine id="r2l15" custom="readingOrder {index:14;}">
                <Coords points="1119,3093 1284,3053 1363,3097 1520,3037 1647,3077 1692,3027 1798,3019 2031,3069 2108,3007 2365,3031 2360,2929 2159,2967 2105,2931 1894,2965 1790,2934 1675,2994 1524,2959 1467,3000 1115,3008"/>
                <Baseline points="1126,3044 1187,3044 1248,3042 1310,3040 1371,3038 1433,3036 1494,3033 1555,3030 1617,3027 1678,3024 1740,3020 1801,3018 1862,3015 1924,3012 1985,3009 2047,3006 2108,3004 2169,3001 2231,2998 2292,2996 2354,2994"/>
                <TextEquiv>
                    <Unicode>wider geenderet, Waßen daß</Unicode>
                </TextEquiv>
            </TextLine>
            <TextLine id="r2l16" custom="readingOrder {index:15;} person {offset:3; length:9;}">
                <Coords points="1130,3163 1309,3194 1546,3155 1603,3191 1789,3123 1902,3149 2014,3108 2179,3159 2289,3096 2413,3127 2410,3055 2229,3030 2163,3069 2091,3020 2026,3076 1841,3030 1792,3079 1684,3038 1608,3092 1507,3063 1389,3106 1285,3053 1127,3091"/>
                <Baseline points="1138,3142 1201,3140 1264,3136 1327,3134 1390,3131 1454,3128 1517,3126 1580,3124 1643,3120 1706,3118 1770,3115 1833,3113 1896,3110 1959,3108 2022,3106 2086,3104 2149,3102 2212,3100 2275,3098 2338,3096 2402,3094"/>
                <TextEquiv>
                    <Unicode>er Lewenberg alsbald ußgeschrawen</Unicode>
                </TextEquiv>
            </TextLine>
            <TextLine id="r2l17" custom="readingOrder {index:16;}">
                <Coords points="1120,3256 1276,3275 1353,3229 1568,3268 1701,3216 2074,3205 2233,3257 2395,3195 2394,3159 2292,3097 2069,3175 1848,3128 1603,3189 1519,3156 1118,3186"/>
                <Baseline points="1130,3234 1192,3232 1255,3228 1318,3226 1381,3224 1444,3220 1506,3219 1569,3216 1632,3214 1695,3212 1758,3210 1820,3208 1883,3206 1946,3204 2009,3203 2072,3202 2134,3200 2197,3198 2260,3196 2323,3196 2386,3194"/>
                <TextEquiv>
                    <Unicode>und ein mehr gemacht, wenn da gfalle</Unicode>
                </TextEquiv>
            </TextLine>
            <TextLine id="r2l18" custom="readingOrder {index:17;} person {offset:4; length:18;}">
                <Coords points="1074,3374 1165,3330 1328,3325 1411,3376 1461,3327 1697,3313 1906,3318 1981,3371 2079,3300 2368,3318 2387,3246 2111,3263 2054,3225 1880,3281 1602,3236 1420,3284 1356,3231 1268,3277 1153,3243 1072,3304"/>
                <Baseline points="1082,3328 1146,3328 1211,3326 1276,3324 1341,3322 1406,3320 1470,3318 1535,3316 1600,3314 1665,3312 1730,3310 1794,3307 1859,3306 1924,3304 1989,3302 2054,3300 2118,3298 2183,3298 2248,3296 2313,3296 2378,3296"/>
                <TextEquiv>
                    <Unicode>Daß Lienhart Glantzman der Wirth</Unicode>
                </TextEquiv>
            </TextLine>
            <TextLine id="r2l19" custom="readingOrder {index:18;} place {offset:4; length:7;}">
                <Coords points="1118,3422 1294,3480 1471,3432 1549,3476 1635,3416 1757,3444 2322,3399 2350,3307 2281,3347 2204,3296 2141,3356 1979,3372 1697,3313 1460,3326 1410,3375 1330,3324 1229,3389 1116,3364"/>
                <Baseline points="1128,3416 1188,3416 1249,3414 1310,3414 1370,3412 1431,3411 1492,3410 1552,3408 1613,3406 1674,3405 1735,3404 1795,3402 1856,3400 1917,3398 1977,3396 2038,3394 2099,3392 2159,3391 2220,3390 2281,3388 2342,3386"/>
                <TextEquiv>
                    <Unicode>von Kauflus so auch und aug war.</Unicode>
                </TextEquiv>
            </TextLine>
            <TextLine id="r2l20" custom="readingOrder {index:19;} person {offset:16; length:9;}">
                <Coords points="1123,3528 1341,3514 1446,3556 1553,3509 1782,3504 1869,3552 1915,3507 2052,3539 2380,3479 2253,3415 2171,3454 2057,3398 1988,3442 1940,3402 1603,3428 1544,3479 1122,3477"/>
                <Baseline points="1132,3512 1193,3511 1255,3510 1317,3508 1379,3508 1441,3506 1503,3504 1565,3504 1627,3502 1689,3500 1751,3498 1812,3496 1874,3494 1936,3491 1998,3488 2060,3486 2122,3484 2184,3482 2246,3478 2308,3476 2370,3474"/>
                <TextEquiv>
                    <Unicode>von nun an nach Conelfing gan, der</Unicode>
                </TextEquiv>
            </TextLine>
            <TextLine id="r2l21" custom="readingOrder {index:20;}">
                <Coords points="1107,3630 1549,3602 1692,3642 1778,3600 1878,3651 2014,3582 2331,3588 2376,3572 2374,3515 2019,3548 1936,3511 1762,3559 1555,3509 1447,3556 1269,3511 1103,3540"/>
                <Baseline points="1116,3604 1178,3602 1241,3602 1303,3600 1366,3600 1428,3598 1491,3596 1553,3595 1616,3592 1678,3590 1741,3588 1803,3586 1866,3584 1928,3582 1991,3579 2053,3576 2116,3573 2178,3570 2241,3567 2303,3564 2366,3562"/>
                <TextEquiv>
                    <Unicode>selben gmeind beizuwohnen und dero</Unicode>
                </TextEquiv>
            </TextLine>
            <TextLine id="r2l22" custom="readingOrder {index:21;}">
                <Coords points="1124,3712 1188,3703 1267,3765 1334,3710 1602,3727 1858,3680 1960,3724 2008,3681 2169,3690 2167,3631 2014,3583 1884,3651 1778,3601 1694,3645 1401,3607 1123,3668"/>
                <Baseline points="1132,3696 1183,3696 1234,3694 1285,3694 1337,3692 1388,3690 1439,3690 1491,3688 1542,3687 1593,3685 1645,3684 1696,3682 1747,3680 1798,3678 1850,3678 1901,3676 1952,3674 2004,3672 2055,3672 2106,3670 2158,3670"/>
                <TextEquiv>
                    <Unicode>entschluß widerbring sölle.</Unicode>
                </TextEquiv>
            </TextLine>
            <TextLine id="r2l23" custom="readingOrder {index:22;}">
                <Coords points="1131,3811 1286,3803 1334,3850 1375,3807 1429,3840 1721,3780 1805,3828 1932,3827 2067,3773 2278,3777 2303,3712 2161,3697 2082,3744 1855,3681 1639,3744 1335,3709 1268,3764 1183,3703 1129,3714"/>
                <Baseline points="1140,3794 1197,3790 1255,3786 1313,3784 1370,3782 1428,3780 1486,3780 1543,3778 1601,3778 1659,3777 1717,3776 1774,3776 1832,3774 1890,3774 1947,3773 2005,3772 2063,3770 2120,3768 2178,3765 2236,3763 2294,3758"/>
                <TextEquiv>
                    <Unicode>Waruf schier mennigklich die Hand</Unicode>
                </TextEquiv>
            </TextLine>
            <TextLine id="r2l24" custom="readingOrder {index:23;}">
                <Coords points="1112,3897 1256,3933 1377,3887 1428,3930 1608,3883 1680,3931 1833,3871 2248,3882 2316,3870 2316,3827 1598,3799 1431,3839 1376,3805 1333,3849 1285,3806 1111,3811"/>
                <Baseline points="1122,3880 1181,3878 1240,3876 1299,3876 1358,3874 1418,3874 1477,3872 1536,3872 1595,3872 1654,3872 1714,3872 1773,3870 1832,3870 1891,3870 1950,3870 2010,3870 2069,3869 2128,3868 2187,3868 2246,3866 2306,3866"/>
                <TextEquiv>
                    <Unicode>ufgehaben und uff eines anderen</Unicode>
                </TextEquiv>
            </TextLine>
            <TextLine id="r2l25" custom="readingOrder {index:24;}">
                <Coords points="1091,4033 1203,3975 1313,3978 1371,4030 1559,3968 1965,4018 2053,3955 2177,3997 2333,3952 2332,3899 2131,3874 2019,3926 1897,3888 1683,3928 1611,3889 1426,3931 1342,3891 1236,3934 1088,3895"/>
                <Baseline points="1098,3970 1159,3970 1220,3970 1281,3970 1343,3968 1404,3968 1465,3968 1527,3966 1588,3966 1649,3964 1711,3964 1772,3962 1833,3961 1894,3959 1956,3958 2017,3956 2078,3955 2140,3954 2201,3952 2262,3950 2324,3950"/>
                <TextEquiv>
                    <Unicode>Inreden vnd vermelden, daß</Unicode>
                </TextEquiv>
            </TextLine>
            <TextLine id="r2l26" custom="readingOrder {index:25;} person {offset:8; length:9;}">
                <Coords points="1109,4075 1211,4075 1261,4121 1436,4063 1500,4105 1615,4063 1856,4101 1929,4061 2015,4100 2110,4049 2334,4029 2282,3977 2197,4007 2060,3974 1970,4017 1550,3974 1392,4030 1314,3978 1108,4023"/>
                <Baseline points="1118,4052 1178,4054 1238,4054 1298,4054 1359,4054 1419,4054 1479,4054 1540,4054 1600,4052 1660,4052 1721,4050 1781,4050 1841,4048 1901,4046 1962,4044 2022,4043 2082,4040 2143,4038 2203,4037 2263,4034 2324,4032"/>
                <TextEquiv>
                    <Unicode>man Ime Glantzman noch etwan</Unicode>
                </TextEquiv>
            </TextLine>
            <TextLine id="r2l27" custom="readingOrder {index:26;}">
                <Coords points="1109,4182 1275,4138 1397,4195 1488,4157 1608,4201 1864,4150 2222,4138 2264,4171 2334,4129 2332,4030 2246,4084 2102,4054 1976,4105 1645,4062 1493,4114 1447,4075 1296,4124 1108,4098"/>
                <Baseline points="1118,4140 1178,4142 1238,4144 1298,4146 1359,4146 1419,4146 1479,4146 1540,4146 1600,4146 1660,4144 1721,4144 1781,4142 1841,4140 1901,4139 1962,4138 2022,4136 2082,4134 2143,4132 2203,4131 2263,4130 2324,4128"/>
                <TextEquiv>
                    <Unicode>einen anderen zugeben müße, vnd</Unicode>
                </TextEquiv>
            </TextLine>
            <TextLine id="r2l28" custom="readingOrder {index:27;} place {offset:0; length:12;}">
                <Coords points="1117,4268 1341,4292 1600,4252 1661,4302 1730,4254 1799,4303 1978,4236 2106,4277 2177,4232 2357,4246 2412,4185 2046,4145 1868,4211 1646,4176 1560,4216 1489,4158 1427,4206 1249,4220 1116,4177"/>
                <Baseline points="1126,4236 1189,4238 1253,4240 1317,4242 1381,4242 1445,4244 1508,4243 1572,4242 1636,4242 1700,4240 1764,4240 1827,4238 1891,4236 1955,4234 2019,4234 2083,4232 2146,4232 2210,4230 2274,4230 2338,4230 2402,4232"/>
                <TextEquiv>
                    <Unicode>erleirenberg gar gut darzu were</Unicode>
                </TextEquiv>
            </TextLine>
            <TextLine id="r2l29" custom="readingOrder {index:28;}">
                <Coords points="1069,4396 1502,4348 2072,4388 2284,4344 2284,4263 2089,4298 1969,4240 1854,4308 1732,4255 1663,4305 1600,4252 1475,4308 1068,4288"/>
                <Baseline points="1078,4346 1137,4344 1197,4344 1257,4342 1317,4342 1377,4342 1436,4340 1496,4340 1556,4340 1616,4340 1676,4340 1735,4340 1795,4340 1855,4338 1915,4338 1975,4338 2034,4338 2094,4338 2154,4337 2214,4336 2274,4336"/>
                <TextEquiv>
                    <Unicode>habe er es mit vast einhäler stimm</Unicode>
                </TextEquiv>
            </TextLine>
            <TextLine id="r2l30" custom="readingOrder {index:29;}">
                <Coords points="1110,4500 1337,4429 1786,4498 2098,4433 2379,4484 2394,4376 2252,4399 2144,4346 1863,4398 1642,4358 1581,4398 1485,4355 1384,4399 1303,4363 1110,4397"/>
                <Baseline points="1120,4434 1183,4432 1246,4432 1309,4430 1372,4430 1436,4430 1499,4430 1562,4430 1625,4430 1688,4430 1752,4430 1815,4430 1878,4430 1941,4430 2004,4430 2068,4430 2131,4430 2194,4430 2257,4430 2320,4429 2384,4428"/>
                <TextEquiv>
                    <Unicode>erhalten, daruf sy sich stracks nach</Unicode>
                </TextEquiv>
            </TextLine>
            <TextLine id="r2l31" custom="readingOrder {index:30;} place {offset:0; length:8;}">
                <Coords points="1084,4549 1187,4539 1270,4588 1346,4540 1478,4600 1887,4533 2348,4571 2347,4485 2196,4444 2133,4496 1931,4455 1785,4499 1648,4454 1442,4485 1338,4428 1084,4515"/>
                <Baseline points="1094,4536 1156,4534 1218,4532 1280,4530 1342,4529 1405,4528 1467,4528 1529,4528 1591,4526 1653,4526 1716,4526 1778,4528 1840,4528 1902,4528 1964,4528 2027,4528 2089,4528 2151,4528 2213,4528 2275,4528 2338,4526"/>
                <TextEquiv>
                    <Unicode>Wüelfing begeben und dardurch dise</Unicode>
                </TextEquiv>
            </TextLine>
            <TextLine id="r2l32" custom="readingOrder {index:31;}">
                <Coords points="1085,4648 1435,4677 1484,4639 1545,4696 1655,4634 2230,4651 2295,4639 2294,4565 1971,4587 1802,4544 1687,4602 1084,4596"/>
                <Baseline points="1094,4630 1153,4630 1213,4630 1272,4630 1332,4630 1392,4630 1451,4628 1511,4628 1570,4628 1630,4626 1690,4626 1749,4626 1809,4626 1868,4624 1928,4624 1988,4624 2047,4624 2107,4624 2166,4624 2226,4624 2286,4624"/>
                <TextEquiv>
                    <Unicode>gut angefangne sach umb so vil</Unicode>
                </TextEquiv>
            </TextLine>
            <TextLine id="r2l33" custom="readingOrder {index:32;}">
                <Coords points="1076,4796 1351,4730 1677,4775 1961,4729 2171,4785 2248,4735 2292,4754 2292,4654 2252,4637 1926,4691 1655,4633 1584,4701 1491,4654 1419,4696 1076,4648"/>
                <Baseline points="1086,4722 1145,4724 1205,4725 1265,4726 1325,4726 1385,4728 1444,4728 1504,4728 1564,4728 1624,4728 1684,4726 1743,4726 1803,4726 1863,4726 1923,4724 1983,4724 2042,4724 2102,4724 2162,4722 2222,4722 2282,4722"/>
                <TextEquiv>
                    <Unicode>verhinderet, diß seye das erste</Unicode>
                </TextEquiv>
            </TextLine>
            <TextLine id="r2l34" custom="readingOrder {index:33;}">
                <Coords points="1033,4837 1465,4871 1836,4821 1931,4874 2056,4824 2268,4855 2336,4832 2336,4770 1994,4743 1939,4785 1742,4745 1577,4783 1236,4741 1033,4780"/>
                <Baseline points="1042,4812 1106,4812 1170,4812 1234,4814 1298,4814 1363,4814 1427,4814 1491,4816 1555,4816 1619,4816 1684,4816 1748,4816 1812,4816 1876,4816 1940,4816 2005,4816 2069,4815 2133,4814 2197,4813 2261,4812 2326,4810"/>
                <TextEquiv>
                    <Unicode>mahl gewesen, daß er sich by den</Unicode>
                </TextEquiv>
            </TextLine>
            <TextLine id="r2l35" custom="readingOrder {index:34;}">
                <Coords points="1063,4917 1141,4928 1175,4900 1315,4947 1368,4915 1470,4961 1593,4912 1722,4971 1942,4922 1942,4866 1838,4820 1747,4852 1703,4825 1648,4859 1603,4842 1550,4876 1387,4842 1304,4879 1203,4866 1156,4820 1118,4847 1063,4830"/>
                <Baseline points="1072,4898 1115,4900 1158,4900 1201,4902 1244,4902 1287,4902 1330,4902 1373,4904 1416,4904 1459,4902 1502,4902 1545,4902 1588,4902 1631,4902 1674,4902 1717,4902 1760,4902 1803,4902 1846,4902 1889,4903 1932,4904"/>
                <TextEquiv>
                    <Unicode>Gmeinden finden laßen.</Unicode>
                </TextEquiv>
            </TextLine>
            <TextLine id="r2l36" custom="readingOrder {index:35;}">
                <Coords points="1066,5043 1681,5050 1856,5103 2134,5051 2184,5100 2393,5049 2394,5014 2274,4935 2108,5013 1978,4952 1546,4982 1348,4919 1247,4963 1068,4927"/>
                <Baseline points="1076,5020 1141,5024 1206,5026 1272,5028 1337,5032 1403,5033 1468,5036 1533,5038 1599,5040 1664,5042 1730,5043 1795,5044 1860,5046 1926,5046 1991,5046 2057,5046 2122,5046 2187,5046 2253,5046 2318,5044 2384,5044"/>
                <TextEquiv>
                    <Unicode>volgents seye er als ein ußgeschoßner</Unicode>
                </TextEquiv>
            </TextLine>
            <TextLine id="r2l37" custom="readingOrder {index:36;} place {offset:28; length:4;}">
                <Coords points="1071,5112 1201,5172 1291,5117 1450,5112 1680,5170 1855,5140 1913,5183 2264,5139 2294,5092 2184,5097 2139,5051 1858,5104 1766,5049 1601,5078 1529,5042 1422,5091 1313,5089 1268,5046 1205,5088 1072,5070"/>
                <Baseline points="1080,5112 1140,5112 1200,5114 1260,5114 1320,5116 1381,5118 1441,5120 1501,5122 1561,5124 1621,5126 1682,5128 1742,5128 1802,5130 1862,5132 1922,5132 1983,5134 2043,5134 2103,5134 2163,5133 2223,5132 2284,5130"/>
                <TextEquiv>
                    <Unicode>von seiner gmeind, auch gan Bern</Unicode>
                </TextEquiv>
            </TextLine>
            <TextLine id="r2l38" custom="readingOrder {index:37;}">
                <Coords points="1094,5258 1230,5200 1354,5242 1762,5218 1965,5271 2031,5225 2350,5242 2351,5179 2184,5135 1923,5191 1445,5112 1096,5167"/>
                <Baseline points="1104,5202 1165,5204 1227,5205 1289,5206 1351,5208 1413,5210 1475,5211 1537,5212 1599,5214 1661,5216 1723,5216 1784,5218 1846,5219 1908,5220 1970,5221 2032,5222 2094,5222 2156,5222 2218,5222 2280,5222 2342,5220"/>
                <TextEquiv>
                    <Unicode>geschickt, vnd als nach gethaner Ver¬</Unicode>
                </TextEquiv>
            </TextLine>
            <TextLine id="r2l39" custom="readingOrder {index:38;}">
                <Coords points="1110,5327 1512,5302 1564,5337 1642,5315 1730,5374 1839,5315 2150,5343 2262,5306 2263,5268 2036,5224 1965,5278 1784,5218 1683,5259 1576,5218 1320,5251 1232,5200 1111,5244"/>
                <Baseline points="1120,5290 1176,5290 1233,5292 1289,5294 1346,5296 1403,5296 1459,5298 1516,5300 1572,5300 1629,5302 1686,5303 1742,5304 1799,5306 1855,5306 1912,5306 1969,5308 2025,5308 2082,5308 2138,5308 2195,5308 2252,5308"/>
                <TextEquiv>
                    <Unicode>schnung mit seiner gern oberkeit, er</Unicode>
                </TextEquiv>
            </TextLine>
            <TextLine id="r2l40" custom="readingOrder {index:39;}">
                <Coords points="1103,5390 1521,5388 1634,5454 1750,5396 2331,5424 2365,5354 2277,5303 2168,5356 1769,5298 1706,5344 1513,5304 1104,5333"/>
                <Baseline points="1112,5370 1174,5374 1236,5376 1298,5378 1360,5380 1422,5382 1484,5384 1546,5386 1608,5388 1670,5390 1733,5391 1795,5392 1857,5394 1919,5394 1981,5394 2043,5394 2105,5394 2167,5394 2229,5394 2291,5393 2354,5392"/>
                <TextEquiv>
                    <Unicode>widerumb nachen hauß kommen, habe</Unicode>
                </TextEquiv>
            </TextLine>
            <TextLine id="r2l41" custom="readingOrder {index:40;}">
                <Coords points="1092,5463 1432,5474 1509,5528 1608,5490 1694,5534 1746,5494 1804,5543 1951,5479 2122,5540 2237,5492 2239,5441 2040,5411 1981,5444 1878,5392 1632,5455 1586,5410 1093,5408"/>
                <Baseline points="1102,5448 1158,5451 1214,5454 1270,5458 1327,5461 1383,5464 1439,5468 1496,5470 1552,5474 1608,5474 1665,5478 1721,5479 1777,5480 1833,5481 1890,5482 1946,5482 2002,5482 2059,5480 2115,5479 2171,5476 2228,5474"/>
                <TextEquiv>
                    <Unicode>er alsbalden, die vß gl. erlangte</Unicode>
                </TextEquiv>
            </TextLine>
            <TextLine id="r2l42" custom="readingOrder {index:41;}">
                <Coords points="1094,5550 1402,5604 1505,5565 2098,5583 2138,5622 2414,5590 2416,5495 2354,5456 2125,5540 1982,5482 1803,5543 1745,5496 1689,5533 1327,5466 1096,5490"/>
                <Baseline points="1104,5536 1169,5540 1234,5543 1299,5547 1364,5550 1429,5552 1494,5554 1559,5557 1624,5559 1689,5560 1754,5562 1819,5564 1884,5564 1949,5565 2014,5566 2079,5566 2144,5566 2209,5566 2274,5566 2339,5564 2404,5564"/>
                <TextEquiv>
                    <Unicode>artickel seiner gmeind vorgelesen,</Unicode>
                </TextEquiv>
            </TextLine>
            <TextLine id="r2l43" custom="readingOrder {index:42;}">
                <Coords points="1099,5630 1256,5685 1675,5698 1757,5649 1988,5670 2053,5716 2130,5663 2365,5678 2366,5616 2137,5623 2098,5582 2016,5620 1863,5582 1406,5608 1101,5558"/>
                <Baseline points="1108,5620 1170,5624 1232,5626 1295,5630 1357,5632 1420,5636 1482,5638 1544,5641 1607,5642 1669,5646 1732,5647 1794,5649 1856,5650 1919,5652 1981,5652 2044,5652 2106,5654 2168,5652 2231,5652 2293,5652 2356,5650"/>
                <TextEquiv>
                    <Unicode>und vermahnt, dieselbigen anzunemen</Unicode>
                </TextEquiv>
            </TextLine>
            <TextLine id="r2l44" custom="readingOrder {index:43;}">
                <Coords points="1093,5728 1753,5773 2087,5744 2136,5789 2288,5741 2412,5792 2398,5672 2049,5709 1902,5665 1785,5713 1095,5656"/>
                <Baseline points="1104,5706 1169,5709 1234,5714 1299,5717 1364,5721 1429,5724 1494,5726 1559,5729 1624,5732 1689,5734 1754,5736 1819,5738 1884,5738 1949,5740 2014,5740 2079,5740 2144,5740 2209,5740 2274,5740 2339,5740 2404,5738"/>
                <TextEquiv>
                    <Unicode>vnd deme was ein oberkeit gemacht</Unicode>
                </TextEquiv>
            </TextLine>
            <TextLine id="r2l45" custom="readingOrder {index:44;}">
                <Coords points="1075,5852 1134,5850 1191,5819 1204,5831 1228,5809 1265,5811 1305,5851 1344,5823 1397,5838 1401,5762 1382,5767 1358,5750 1317,5763 1269,5755 1231,5720 1203,5732 1176,5717 1135,5734 1109,5725 1082,5733"/>
                <Baseline points="1088,5802 1113,5802 1138,5802 1163,5802 1188,5802 1213,5803 1238,5804 1263,5807 1288,5808 1313,5810 1338,5813 1363,5816 1388,5818"/>
                <TextEquiv>
                    <Unicode>zufolgen.</Unicode>
                </TextEquiv>
            </TextLine>
            <TextLine id="r2l46" custom="readingOrder {index:45;}">
                <Coords points="1397,5849 1460,5867 1625,5819 1861,5882 1918,5844 2249,5862 2340,5840 2341,5810 2180,5759 2136,5789 2061,5762 2011,5798 1915,5738 1781,5773 1697,5755 1564,5805 1495,5742 1398,5737"/>
                <Baseline points="1406,5830 1452,5829 1498,5828 1544,5828 1591,5828 1637,5828 1683,5828 1730,5829 1776,5830 1822,5831 1869,5832 1915,5834 1961,5834 2007,5835 2054,5836 2100,5836 2146,5836 2193,5835 2239,5834 2285,5832 2332,5830"/>
                <TextEquiv>
                    <Unicode>Warūf dan vff ein</Unicode>
                </TextEquiv>
            </TextLine>
            <TextLine id="r2l47" custom="readingOrder {index:46;}">
                <Coords points="1093,5899 1301,5947 1649,5917 1730,5982 1849,5929 1997,5994 2202,5927 2365,6004 2368,5872 2289,5852 2214,5888 2049,5842 1934,5888 1746,5840 1686,5882 1561,5833 1094,5850"/>
                <Baseline points="1102,5894 1164,5894 1227,5896 1290,5896 1353,5900 1416,5902 1478,5904 1541,5907 1604,5911 1667,5914 1730,5917 1792,5919 1855,5922 1918,5924 1981,5926 2044,5926 2106,5926 2169,5926 2232,5924 2295,5920 2358,5916"/>
                <TextEquiv>
                    <Unicode>newen an vnderschidenlichen orth</Unicode>
                </TextEquiv>
            </TextLine>
            <TextEquiv>
                <Unicode>anderen Ingestreit habe, es sye
ain nechstfolgenden Tag ein gmeind
zu Kouelfingen, und dahar von nöthen
aller beforderst dero entschluß zu¬
vernemen, vnd erst darnach bscheid
zugeben, damit die Vnßere gmeinden
y nit etwas beschultent, bywylen
solchen einwurffs komme Christ Grimm
von Bibel vnd Christ Eichelberger
uß der Kaiseren, als dero von
Langnow vfgeschoßne auch dahar
falleit inse in seiner meinung by
vnd vervrsachnet, daß andere Ire
vorige gegebne gute meinung auch
wider geenderet, Waßen daß
er Lewenberg alsbald ußgeschrawen
und ein mehr gemacht, wenn da gfalle
Daß Lienhart Glantzman der Wirth
von Kauflus so auch und aug war.
von nun an nach Conelfing gan, der
selben gmeind beizuwohnen und dero
entschluß widerbring sölle.
Waruf schier mennigklich die Hand
ufgehaben und uff eines anderen
Inreden vnd vermelden, daß
man Ime Glantzman noch etwan
einen anderen zugeben müße, vnd
erleirenberg gar gut darzu were
habe er es mit vast einhäler stimm
erhalten, daruf sy sich stracks nach
Wüelfing begeben und dardurch dise
gut angefangne sach umb so vil
verhinderet, diß seye das erste
mahl gewesen, daß er sich by den
Gmeinden finden laßen.
volgents seye er als ein ußgeschoßner
von seiner gmeind, auch gan Bern
geschickt, vnd als nach gethaner Ver¬
schnung mit seiner gern oberkeit, er
widerumb nachen hauß kommen, habe
er alsbalden, die vß gl. erlangte
artickel seiner gmeind vorgelesen,
und vermahnt, dieselbigen anzunemen
vnd deme was ein oberkeit gemacht
zufolgen.
Warūf dan vff ein
newen an vnderschidenlichen orth</Unicode>
            </TextEquiv>
        </TextRegion>
        <TextRegion orientation="0.0" id="r3" custom="readingOrder {index:2;}">
            <Coords points="3132,1948 3132,2106 3150,2106 3150,1948"/>
            <TextLine id="r3l1" custom="readingOrder {index:0;}">
                <Coords points="3132,2081 3143,2076 3148,2078 3152,2069 3163,2071 3170,2067 3125,1969 3117,1973 3114,1981 3092,1991"/>
                <Baseline points="3132,2056 3150,2048"/>
                <TextEquiv>
                    <Unicode>d</Unicode>
                </TextEquiv>
            </TextLine>
            <TextEquiv>
                <Unicode>d</Unicode>
            </TextEquiv>
        </TextRegion>
        <TextRegion orientation="0.0" id="r4" custom="readingOrder {index:3;}">
            <Coords points="3076,1520 3076,5988 4698,5988 4698,1520"/>
            <TextLine id="r4l1" custom="readingOrder {index:0;}">
                <Coords points="4457,1598 4480,1601 4488,1611 4529,1602 4551,1614 4595,1592 4601,1601 4614,1603 4632,1499 4596,1493 4576,1497 4552,1479 4538,1485 4523,1472 4494,1483 4478,1476"/>
                <Baseline points="4472,1566 4499,1567 4526,1572 4553,1577 4580,1583 4608,1586"/>
                <TextEquiv>
                    <Unicode>33.</Unicode>
                </TextEquiv>
            </TextLine>
            <TextLine id="r4l2" custom="readingOrder {index:1;} place {offset:3; length:9;} place {offset:21; length:9;}">
                <Coords points="3136,1708 3292,1644 3441,1707 3607,1668 3914,1736 4018,1677 4187,1735 4275,1693 4467,1731 4472,1620 4165,1649 3997,1559 3917,1609 3568,1602 3425,1528 3331,1574 3143,1517"/>
                <Baseline points="3148,1650 3213,1650 3279,1652 3344,1654 3410,1656 3476,1658 3541,1660 3607,1662 3672,1665 3738,1669 3804,1672 3869,1675 3935,1678 4000,1681 4066,1684 4131,1687 4197,1690 4263,1692 4328,1694 4394,1696 4460,1696"/>
                <TextEquiv>
                    <Unicode>Im Einenthal, als zu Bumißwald</Unicode>
                </TextEquiv>
            </TextLine>
            <TextLine id="r4l3" custom="readingOrder {index:2;} place {offset:0; length:7;} person {offset:9; length:13;} person {offset:27; length:9;}">
                <Coords points="3170,1743 3544,1773 3627,1824 3835,1780 3998,1835 4163,1777 4561,1826 4613,1812 4616,1720 4533,1677 4462,1731 3973,1694 3911,1738 3608,1668 3464,1716 3374,1659 3172,1669"/>
                <Baseline points="3180,1738 3251,1741 3322,1744 3393,1748 3464,1750 3536,1753 3607,1756 3678,1758 3749,1760 3820,1764 3892,1766 3963,1768 4034,1770 4105,1773 4176,1776 4248,1778 4319,1781 4390,1784 4461,1786 4532,1788 4604,1790"/>
                <TextEquiv>
                    <Unicode>Langnow, Signaw Wiglen und Konelfing</Unicode>
                </TextEquiv>
            </TextLine>
            <TextLine id="r4l4" custom="readingOrder {index:3;}">
                <Coords points="3162,1872 3259,1841 3789,1923 4041,1870 4347,1909 4457,1884 4459,1829 4333,1780 4002,1837 3829,1786 3765,1835 3719,1790 3580,1830 3166,1740"/>
                <Baseline points="3172,1836 3235,1838 3299,1840 3363,1842 3427,1844 3491,1846 3554,1850 3618,1852 3682,1854 3746,1857 3810,1860 3873,1862 3937,1864 4001,1865 4065,1866 4129,1868 4192,1869 4256,1870 4320,1870 4384,1869 4448,1868"/>
                <TextEquiv>
                    <Unicode>Landts gemeinden, deren er aber keine</Unicode>
                </TextEquiv>
            </TextLine>
            <TextLine id="r4l5" custom="readingOrder {index:4;}">
                <Coords points="3182,1954 3963,2008 4103,1963 4199,2027 4265,1974 4513,2000 4516,1909 4382,1893 4278,1927 3908,1885 3793,1929 3664,1873 3582,1909 3316,1853 3185,1881"/>
                <Baseline points="3192,1930 3257,1932 3323,1933 3388,1934 3454,1936 3520,1939 3585,1941 3651,1944 3716,1946 3782,1949 3848,1952 3913,1954 3979,1957 4044,1960 4110,1962 4175,1964 4241,1964 4307,1966 4372,1966 4438,1966 4504,1966"/>
                <TextEquiv>
                    <Unicode>besucht angestelt und gehalten worden.</Unicode>
                </TextEquiv>
            </TextLine>
            <TextLine id="r4l6" custom="readingOrder {index:5;}">
                <Coords points="3161,2065 3390,2076 3448,2030 3760,2115 4122,2056 4319,2115 4424,2074 4480,2121 4527,2112 4530,2015 4359,1976 4232,2040 4158,1994 4009,2034 3936,1993 3506,2007 3164,1948"/>
                <Baseline points="3172,2034 3239,2034 3306,2034 3374,2034 3441,2035 3509,2036 3576,2038 3643,2040 3711,2042 3778,2044 3846,2047 3913,2050 3980,2052 4048,2056 4115,2058 4183,2060 4250,2062 4317,2064 4385,2066 4452,2066 4520,2066"/>
                <TextEquiv>
                    <Unicode>By deme man es nit habe verblyben</Unicode>
                </TextEquiv>
            </TextLine>
            <TextLine id="r4l7" custom="readingOrder {index:6;}">
                <Coords points="3209,2130 3391,2172 3472,2129 3762,2135 3882,2183 3949,2145 4015,2214 4087,2154 4528,2180 4551,2126 4399,2085 4321,2128 3910,2078 3761,2114 3447,2030 3210,2097"/>
                <Baseline points="3218,2120 3284,2120 3350,2120 3416,2122 3482,2124 3548,2126 3614,2128 3680,2130 3746,2134 3812,2136 3879,2139 3945,2143 4011,2146 4077,2148 4143,2150 4209,2152 4275,2154 4341,2156 4407,2156 4473,2156 4540,2156"/>
                <TextEquiv>
                    <Unicode>laßen, Sondern noch ein andere, den</Unicode>
                </TextEquiv>
            </TextLine>
            <TextLine id="r4l8" custom="readingOrder {index:7;}">
                <Coords points="3138,2257 3321,2208 3582,2276 3745,2227 3916,2282 4011,2239 4462,2259 4463,2202 4263,2171 4171,2207 3951,2147 3829,2193 3478,2130 3397,2172 3140,2162"/>
                <Baseline points="3148,2214 3213,2214 3278,2214 3343,2215 3408,2216 3474,2218 3539,2219 3604,2220 3669,2222 3734,2224 3800,2226 3865,2227 3930,2229 3995,2230 4060,2232 4126,2234 4191,2236 4256,2237 4321,2238 4386,2240 4452,2240"/>
                <TextEquiv>
                    <Unicode>13. aprilis diß jars zu bemelten</Unicode>
                </TextEquiv>
            </TextLine>
            <TextLine id="r4l9" custom="readingOrder {index:8;} place {offset:0; length:9;}">
                <Coords points="3198,2316 3659,2316 3777,2373 4003,2323 4249,2335 4292,2378 4561,2349 4544,2248 3763,2295 3200,2233"/>
                <Baseline points="3208,2302 3275,2304 3342,2306 3409,2308 3476,2309 3544,2311 3611,2313 3678,2314 3745,2316 3812,2318 3880,2320 3947,2320 4014,2322 4081,2322 4148,2324 4216,2325 4283,2326 4350,2326 4417,2328 4484,2328 4552,2328"/>
                <TextEquiv>
                    <Unicode>Humißwald angesech und von huß zu</Unicode>
                </TextEquiv>
            </TextLine>
            <TextLine id="r4l10" custom="readingOrder {index:9;}">
                <Coords points="3206,2433 3453,2401 3630,2454 3972,2400 4084,2410 4162,2475 4320,2402 4560,2441 4561,2371 4380,2346 3774,2371 3657,2316 3208,2310"/>
                <Baseline points="3216,2386 3282,2390 3349,2394 3416,2396 3483,2398 3550,2400 3616,2400 3683,2402 3750,2402 3817,2402 3884,2402 3950,2402 4017,2402 4084,2402 4151,2403 4218,2404 4284,2405 4351,2406 4418,2410 4485,2413 4552,2416"/>
                <TextEquiv>
                    <Unicode>hūß dar Zūgebotten, mit gmelden</Unicode>
                </TextEquiv>
            </TextLine>
            <TextLine id="r4l11" custom="readingOrder {index:10;} place {offset:22; length:11;}">
                <Coords points="3207,2521 3468,2491 3519,2535 3589,2492 3680,2533 3777,2488 3918,2556 3981,2497 4545,2536 4546,2455 4366,2419 4167,2471 3893,2461 3798,2409 3622,2454 3469,2402 3207,2436"/>
                <Baseline points="3216,2484 3282,2484 3348,2484 3414,2486 3480,2486 3546,2486 3612,2486 3678,2486 3744,2486 3810,2488 3876,2488 3942,2488 4008,2488 4074,2490 4140,2490 4206,2491 4272,2492 4338,2492 4404,2494 4470,2496 4536,2498"/>
                <TextEquiv>
                    <Unicode>daß die ußem Lucerner Solothurner</Unicode>
                </TextEquiv>
            </TextLine>
            <TextLine id="r4l12" custom="readingOrder {index:11;} place {offset:4; length:11;}">
                <Coords points="3218,2604 3421,2594 3466,2639 3662,2585 3800,2624 3978,2577 4211,2586 4275,2634 4546,2608 4546,2540 4338,2507 3917,2556 3827,2510 3219,2523"/>
                <Baseline points="3228,2574 3293,2576 3358,2578 3424,2580 3489,2582 3555,2582 3620,2582 3685,2582 3751,2582 3816,2582 3882,2580 3947,2580 4012,2580 4078,2580 4143,2580 4209,2580 4274,2580 4339,2582 4405,2584 4470,2588 4536,2590"/>
                <TextEquiv>
                    <Unicode>vnd Baselgebiet, auch alda erschynen,</Unicode>
                </TextEquiv>
            </TextLine>
            <TextLine id="r4l13" custom="readingOrder {index:12;}">
                <Coords points="3209,2691 4653,2676 4653,2607 4580,2588 4486,2647 4106,2598 3695,2590 3627,2633 3540,2594 3466,2639 3210,2598"/>
                <Baseline points="3220,2662 3291,2664 3362,2664 3433,2664 3504,2666 3576,2666 3647,2666 3718,2666 3789,2668 3860,2668 3932,2668 4003,2668 4074,2670 4145,2670 4216,2670 4288,2672 4359,2672 4430,2674 4501,2676 4572,2678 4644,2680"/>
                <TextEquiv>
                    <Unicode>vnd mit Inen ein Bund schweren werdent</Unicode>
                </TextEquiv>
            </TextLine>
            <TextLine id="r4l14" custom="readingOrder {index:13;}">
                <Coords points="3199,2778 3659,2763 3748,2807 3811,2756 4207,2765 4458,2818 4527,2761 4657,2779 4658,2714 4337,2726 4139,2674 3771,2733 3692,2674 3200,2687"/>
                <Baseline points="3208,2754 3280,2754 3352,2754 3424,2754 3496,2754 3568,2754 3640,2756 3712,2756 3784,2756 3856,2756 3928,2756 4000,2756 4072,2756 4144,2756 4216,2756 4288,2758 4360,2758 4432,2759 4504,2760 4576,2760 4648,2762"/>
                <TextEquiv>
                    <Unicode>Weliche Landtsgemeind vff Ime gethanen</Unicode>
                </TextEquiv>
            </TextLine>
            <TextLine id="r4l15" custom="readingOrder {index:14;} person {offset:11; length:18;}">
                <Coords points="3217,2869 3397,2861 3469,2923 3651,2864 4058,2896 4227,2854 4310,2905 4412,2863 4494,2914 4657,2869 4657,2819 4513,2772 4454,2818 4208,2769 3984,2807 3810,2756 3719,2807 3577,2766 3507,2825 3217,2776"/>
                <Baseline points="3226,2852 3297,2852 3368,2852 3439,2854 3510,2852 3581,2852 3652,2852 3723,2852 3794,2852 3865,2850 3937,2850 4008,2850 4079,2850 4150,2848 4221,2848 4292,2850 4363,2850 4434,2850 4505,2852 4576,2853 4648,2854"/>
                <TextEquiv>
                    <Unicode>tröwen und Hans Ulli Newhüßen ge</Unicode>
                </TextEquiv>
            </TextLine>
            <TextLine id="r4l16" custom="readingOrder {index:15;}">
                <Coords points="3216,2985 3345,2962 3428,3016 3678,2971 3731,3015 4053,2947 4133,2992 4418,2933 4540,2955 4539,2908 4456,2878 4015,2911 3810,2880 3770,2920 3617,2879 3469,2923 3363,2861 3215,2894"/>
                <Baseline points="3226,2948 3291,2948 3356,2948 3421,2948 3486,2948 3552,2948 3617,2948 3682,2948 3747,2946 3812,2946 3878,2946 3943,2946 4008,2946 4073,2946 4138,2944 4204,2944 4269,2944 4334,2944 4399,2942 4464,2942 4530,2942"/>
                <TextEquiv>
                    <Unicode>bieten vnd ernsthafftes anhalten, Er</Unicode>
                </TextEquiv>
            </TextLine>
            <TextLine id="r4l17" custom="readingOrder {index:16;}">
                <Coords points="3202,3062 3643,3112 4066,3044 4151,3102 4253,3056 4401,3103 4615,3036 4615,2983 4474,2944 4397,3007 4317,2961 3859,3016 3624,2970 3437,3018 3344,2961 3202,2988"/>
                <Baseline points="3212,3048 3281,3044 3351,3042 3421,3042 3490,3040 3560,3040 3630,3040 3699,3040 3769,3040 3839,3040 3909,3040 3978,3040 4048,3042 4118,3042 4187,3042 4257,3042 4327,3040 4396,3040 4466,3038 4536,3036 4606,3032"/>
                <TextEquiv>
                    <Unicode>leiden auch besuchen, vnd vff Jetz gesagten</Unicode>
                </TextEquiv>
            </TextLine>
            <TextLine id="r4l18" custom="readingOrder {index:17;} person {offset:0; length:9;} person {offset:15; length:13;}">
                <Coords points="3217,3176 3500,3207 3556,3158 3605,3190 3682,3147 3838,3181 4002,3133 4168,3171 4444,3142 4443,3093 4329,3066 4152,3103 4096,3056 3922,3104 3859,3063 3640,3112 3494,3066 3390,3106 3302,3052 3215,3065"/>
                <Baseline points="3226,3142 3286,3140 3346,3138 3407,3138 3467,3136 3528,3136 3588,3135 3648,3134 3709,3134 3769,3132 3830,3132 3890,3132 3950,3130 4011,3130 4071,3130 4132,3128 4192,3128 4252,3126 4313,3124 4373,3124 4434,3122"/>
                <TextEquiv>
                    <Unicode>Neirhußen aūch daniel Auchen von</Unicode>
                </TextEquiv>
            </TextLine>
            <TextLine id="r4l19" custom="readingOrder {index:18;} place {offset:0; length:7;}">
                <Coords points="3217,3277 4071,3277 4292,3233 4358,3267 4500,3217 4584,3269 4582,3172 4315,3144 4232,3191 4129,3155 3952,3197 3558,3158 3502,3212 3215,3177"/>
                <Baseline points="3226,3242 3293,3240 3360,3238 3428,3237 3495,3235 3563,3234 3630,3232 3697,3232 3765,3230 3832,3230 3900,3228 3967,3228 4034,3228 4102,3226 4169,3226 4237,3224 4304,3224 4371,3222 4439,3220 4506,3220 4574,3218"/>
                <TextEquiv>
                    <Unicode>Walthuß überlestiges offtes begeren,</Unicode>
                </TextEquiv>
            </TextLine>
            <TextLine id="r4l20" custom="readingOrder {index:19;}">
                <Coords points="3226,3371 3849,3353 3978,3399 4061,3336 4245,3381 4320,3335 4430,3398 4504,3345 4559,3400 4680,3359 4680,3283 4587,3286 4514,3222 4346,3293 4202,3254 4113,3298 4051,3259 3541,3271 3473,3313 3225,3277"/>
                <Baseline points="3234,3340 3305,3338 3377,3336 3449,3334 3521,3334 3593,3332 3664,3331 3736,3330 3808,3328 3880,3328 3952,3327 4023,3326 4095,3326 4167,3326 4239,3326 4311,3326 4382,3328 4454,3328 4526,3330 4598,3332 4670,3334"/>
                <TextEquiv>
                    <Unicode>Wider alle gesuchte ußreden vnd fürge¬</Unicode>
                </TextEquiv>
            </TextLine>
            <TextLine id="r4l21" custom="readingOrder {index:20;}">
                <Coords points="3230,3463 3403,3430 3510,3474 3614,3446 3685,3495 4032,3433 4126,3482 4206,3426 4515,3429 4514,3353 4437,3396 4308,3345 4248,3393 4059,3337 3981,3396 3859,3352 3591,3405 3516,3349 3401,3402 3229,3387"/>
                <Baseline points="3238,3438 3301,3436 3364,3434 3428,3432 3491,3430 3555,3428 3618,3428 3681,3426 3745,3426 3808,3426 3872,3426 3935,3424 3998,3424 4062,3424 4125,3424 4189,3422 4252,3422 4315,3422 4379,3420 4442,3419 4506,3418"/>
                <TextEquiv>
                    <Unicode>wendte noch habende Jugent vnd</Unicode>
                </TextEquiv>
            </TextLine>
            <TextLine id="r4l22" custom="readingOrder {index:21;}">
                <Coords points="3240,3554 3576,3589 3657,3544 3962,3563 4172,3517 4501,3520 4563,3574 4625,3539 4624,3482 4517,3431 4340,3491 4242,3436 4095,3488 4028,3437 3675,3506 3405,3431 3239,3486"/>
                <Baseline points="3250,3534 3318,3534 3386,3534 3454,3532 3522,3532 3591,3530 3659,3530 3727,3528 3795,3527 3863,3526 3932,3524 4000,3522 4068,3522 4136,3520 4204,3518 4273,3516 4341,3516 4409,3514 4477,3512 4545,3512 4614,3510"/>
                <TextEquiv>
                    <Unicode>Vnkommenheit, In Redner sein müßen.</Unicode>
                </TextEquiv>
            </TextLine>
            <TextLine id="r4l23" custom="readingOrder {index:22;}">
                <Coords points="3212,3672 3588,3696 3840,3637 4072,3676 4147,3632 4419,3676 4596,3615 4593,3500 4515,3562 4260,3569 4171,3516 4069,3594 4005,3543 3698,3599 3640,3558 3210,3564"/>
                <Baseline points="3222,3638 3290,3638 3358,3638 3426,3636 3494,3636 3563,3636 3631,3634 3699,3634 3767,3632 3835,3631 3904,3630 3972,3628 4040,3626 4108,3624 4176,3622 4245,3620 4313,3618 4381,3616 4449,3614 4517,3612 4586,3610"/>
                <TextEquiv>
                    <Unicode>Waruff sy imme versprochen, daß inde</Unicode>
                </TextEquiv>
            </TextLine>
            <TextLine id="r4l24" custom="readingOrder {index:23;}">
                <Coords points="3230,3773 3660,3742 3786,3799 4080,3728 4651,3766 4663,3625 4457,3694 4140,3642 4087,3683 3229,3675"/>
                <Baseline points="3240,3740 3310,3738 3381,3736 3452,3734 3522,3732 3593,3732 3664,3730 3734,3730 3805,3728 3876,3728 3947,3726 4017,3726 4088,3726 4159,3726 4229,3726 4300,3724 4371,3724 4441,3724 4512,3724 4583,3724 4654,3724"/>
                <TextEquiv>
                    <Unicode>diß mitschaden, sonder vilmehr deßen</Unicode>
                </TextEquiv>
            </TextLine>
            <TextLine id="r4l25" custom="readingOrder {index:24;}">
                <Coords points="3250,3853 3330,3835 3525,3896 3886,3817 4018,3890 4235,3812 4286,3848 4440,3841 4439,3756 4378,3730 4204,3790 4140,3751 3967,3780 3927,3750 3786,3799 3562,3750 3470,3798 3414,3759 3250,3777"/>
                <Baseline points="3260,3832 3318,3830 3377,3830 3435,3829 3494,3828 3552,3828 3611,3826 3669,3826 3728,3826 3786,3824 3845,3824 3903,3824 3962,3824 4020,3822 4079,3822 4137,3822 4196,3822 4254,3822 4313,3822 4371,3822 4430,3822"/>
                <TextEquiv>
                    <Unicode>von inen zugenießen haben sölle.</Unicode>
                </TextEquiv>
            </TextLine>
            <TextLine id="r4l26" custom="readingOrder {index:25;}">
                <Coords points="3850,3928 3859,3928 3875,3920 3880,3924 3890,3924 3890,3825 3878,3827 3877,3825 3867,3835 3850,3835"/>
                <Baseline points="3860,3910 3880,3910"/>
                <TextEquiv>
                    <Unicode>.</Unicode>
                </TextEquiv>
            </TextLine>
            <TextLine id="r4l27" custom="readingOrder {index:26;}">
                <Coords points="3068,4031 3167,4050 3294,3988 3954,4038 4122,3984 4418,4029 4599,3989 4598,3940 4347,3883 4227,3954 4089,3887 3888,3941 3755,3862 3583,3948 3389,3939 3266,3862 3065,3938"/>
                <Baseline points="3076,4020 3151,4013 3227,4008 3303,4003 3378,3997 3454,3994 3530,3990 3605,3988 3681,3986 3757,3984 3833,3982 3908,3982 3984,3982 4060,3980 4135,3980 4211,3980 4287,3980 4362,3980 4438,3980 4514,3978 4590,3978"/>
                <TextEquiv>
                    <Unicode>ty diser Landtsgmeind nun seye Ime</Unicode>
                </TextEquiv>
            </TextLine>
            <TextLine id="r4l28" custom="readingOrder {index:27;}">
                <Coords points="3232,4092 3514,4106 3562,4149 4086,4075 4194,4138 4300,4082 4635,4065 4591,4014 4373,4047 4140,3983 3888,4049 3231,4019"/>
                <Baseline points="3242,4086 3311,4084 3380,4084 3449,4082 3518,4081 3588,4080 3657,4080 3726,4078 3795,4078 3864,4078 3934,4078 4003,4076 4072,4076 4141,4076 4210,4074 4280,4074 4349,4072 4418,4072 4487,4070 4556,4068 4626,4066"/>
                <TextEquiv>
                    <Unicode>uftragen worden, alle klegten, die man</Unicode>
                </TextEquiv>
            </TextLine>
            <TextLine id="r4l29" custom="readingOrder {index:28;}">
                <Coords points="3213,4258 3288,4211 3435,4249 3632,4192 4443,4191 4667,4156 4666,4090 4367,4121 4298,4083 4191,4137 4073,4083 3357,4158 3209,4080"/>
                <Baseline points="3222,4192 3293,4188 3365,4185 3437,4182 3509,4180 3581,4178 3652,4176 3724,4174 3796,4172 3868,4171 3940,4170 4011,4168 4083,4166 4155,4164 4227,4163 4299,4162 4370,4158 4442,4156 4514,4154 4586,4150 4658,4146"/>
                <TextEquiv>
                    <Unicode>Ime gebe vnd noch schicken werde, zusamen</Unicode>
                </TextEquiv>
            </TextLine>
            <TextLine id="r4l30" custom="readingOrder {index:29;}">
                <Coords points="3229,4301 3339,4269 3415,4330 3730,4268 3911,4308 3972,4260 4051,4298 4523,4252 4577,4287 4620,4268 4617,4173 4229,4228 4016,4172 3884,4224 3538,4199 3430,4250 3227,4243"/>
                <Baseline points="3238,4282 3306,4280 3375,4278 3443,4276 3512,4274 3581,4272 3649,4270 3718,4268 3786,4265 3855,4263 3924,4262 3992,4260 4061,4257 4129,4256 4198,4253 4267,4250 4335,4248 4404,4246 4472,4242 4541,4240 4610,4236"/>
                <TextEquiv>
                    <Unicode>in ein buch stellen zulaßen, die sy das</Unicode>
                </TextEquiv>
            </TextLine>
            <TextLine id="r4l31" custom="readingOrder {index:30;}">
                <Coords points="3178,4411 3955,4424 4388,4347 4515,4394 4705,4348 4702,4274 3174,4313"/>
                <Baseline points="3186,4384 3261,4383 3336,4381 3412,4378 3487,4376 3563,4374 3638,4370 3713,4368 3789,4364 3864,4361 3940,4357 4015,4354 4090,4352 4166,4348 4241,4344 4317,4341 4392,4339 4467,4335 4543,4332 4618,4330 4694,4328"/>
                <TextEquiv>
                    <Unicode>samptlich In gut fürzutragen vorhabens</Unicode>
                </TextEquiv>
            </TextLine>
            <TextLine id="r4l32" custom="readingOrder {index:31;}">
                <Coords points="3250,4506 3273,4514 3311,4489 3375,4484 3437,4531 3489,4512 3528,4540 3578,4505 3616,4510 3611,4421 3574,4401 3543,4423 3494,4403 3473,4421 3420,4422 3375,4444 3305,4417 3246,4438"/>
                <Baseline points="3258,4478 3284,4480 3311,4478 3337,4478 3364,4476 3391,4473 3417,4470 3444,4468 3470,4466 3497,4464 3524,4464 3550,4464 3577,4465 3604,4468"/>
                <TextEquiv>
                    <Unicode>gewesen.</Unicode>
                </TextEquiv>
            </TextLine>
            <TextLine id="r4l33" custom="readingOrder {index:32;}">
                <Coords points="3162,4679 3336,4599 3483,4642 4237,4579 4625,4620 4668,4605 4665,4481 4486,4537 4234,4464 4096,4530 3536,4548 3157,4498"/>
                <Baseline points="3170,4612 3244,4610 3318,4607 3393,4604 3467,4601 3542,4599 3616,4596 3690,4594 3765,4592 3839,4590 3914,4588 3988,4586 4062,4584 4137,4582 4211,4580 4286,4578 4360,4578 4434,4576 4509,4574 4583,4572 4658,4570"/>
                <TextEquiv>
                    <Unicode>zusölichem und sy das an bemeltem orth</Unicode>
                </TextEquiv>
            </TextLine>
            <TextLine id="r4l34" custom="readingOrder {index:33;} place {offset:0; length:9;}">
                <Coords points="3139,4763 4653,4658 4535,4584 4391,4637 3982,4605 3605,4670 3337,4599 3135,4652"/>
                <Baseline points="3146,4706 3220,4704 3295,4704 3370,4702 3445,4700 3520,4698 3595,4696 3670,4694 3745,4690 3820,4688 3895,4686 3969,4682 4044,4680 4119,4676 4194,4672 4269,4670 4344,4666 4419,4663 4494,4658 4569,4656 4644,4652"/>
                <TextEquiv>
                    <Unicode>Bumiswald sich entschloßen, ein andere</Unicode>
                </TextEquiv>
            </TextLine>
            <TextLine id="r4l35" custom="readingOrder {index:34;} place {offset:16; length:7;}">
                <Coords points="3153,4841 3364,4814 3484,4870 3561,4812 3748,4798 3966,4844 4059,4785 4329,4819 4397,4764 4519,4824 4600,4773 4597,4707 4306,4675 4161,4739 3934,4697 3697,4760 3324,4716 3150,4767"/>
                <Baseline points="3162,4814 3233,4810 3304,4808 3376,4805 3447,4802 3519,4800 3590,4797 3661,4794 3733,4790 3804,4788 3876,4786 3947,4782 4018,4779 4090,4776 4161,4774 4233,4770 4304,4767 4375,4762 4447,4758 4518,4755 4590,4750"/>
                <TextEquiv>
                    <Unicode>landtsgmeind zu Guttwyl zu halten,</Unicode>
                </TextEquiv>
            </TextLine>
            <TextLine id="r4l36" custom="readingOrder {index:35;}">
                <Coords points="3223,4950 3339,4981 3416,4928 3473,4975 3572,4908 3725,4943 3857,4876 4038,4938 4217,4876 4642,4876 4639,4823 4415,4774 4338,4827 3219,4856"/>
                <Baseline points="3232,4912 3302,4910 3372,4908 3442,4906 3512,4903 3582,4900 3652,4898 3722,4894 3792,4892 3862,4888 3932,4885 4002,4880 4072,4877 4142,4874 4212,4870 4282,4867 4352,4864 4422,4860 4492,4857 4562,4854 4632,4852"/>
                <TextEquiv>
                    <Unicode>dahin sy ingh luth schreibens vom</Unicode>
                </TextEquiv>
            </TextLine>
            <TextLine id="r4l37" custom="readingOrder {index:36;}">
                <Coords points="3225,5050 3406,5075 3488,5011 3935,5026 4237,4977 4354,5032 4681,4968 4630,4894 4483,4926 4402,4880 4093,4939 3881,4886 3795,4970 3571,4916 3475,4974 3412,4931 3341,4978 3220,4957"/>
                <Baseline points="3232,5016 3303,5016 3375,5016 3447,5014 3519,5012 3591,5009 3663,5006 3735,5002 3807,4998 3879,4994 3951,4990 4022,4985 4094,4982 4166,4978 4238,4973 4310,4970 4382,4967 4454,4964 4526,4962 4598,4960 4670,4960"/>
                <TextEquiv>
                    <Unicode>30. aprilis citirt und das von ir guten.</Unicode>
                </TextEquiv>
            </TextLine>
            <TextLine id="r4l38" custom="readingOrder {index:37;} place {offset:21; length:8;}">
                <Coords points="3240,5166 3953,5098 4069,5152 4390,5066 4534,5120 4708,5068 4706,5017 4560,4990 4352,5042 4236,4990 3942,5057 3826,5008 3575,5072 3234,5052"/>
                <Baseline points="3246,5118 3318,5118 3391,5116 3463,5114 3536,5110 3609,5108 3681,5106 3754,5102 3826,5098 3899,5094 3972,5090 4044,5086 4117,5083 4189,5080 4262,5076 4335,5072 4407,5068 4480,5065 4552,5062 4625,5058 4698,5056"/>
                <TextEquiv>
                    <Unicode>Inen vernamsete orth Wyningen ußge¬</Unicode>
                </TextEquiv>
            </TextLine>
            <TextLine id="r4l39" custom="readingOrder {index:38;}">
                <Coords points="3799,5257 4008,5189 4097,5188 4189,5244 4301,5173 4379,5173 4430,5216 4479,5175 4669,5188 4665,5101 4480,5122 4398,5067 4277,5119 4215,5090 4121,5149 3948,5103 3899,5142 3792,5128"/>
                <Baseline points="3806,5202 3848,5199 3891,5195 3933,5191 3976,5187 4019,5184 4061,5182 4104,5178 4146,5176 4189,5175 4232,5172 4274,5171 4317,5170 4359,5167 4402,5166 4445,5163 4487,5162 4530,5160 4572,5157 4615,5156 4658,5152"/>
                <TextEquiv>
                    <Unicode>In disem schreiben er sich</Unicode>
                </TextEquiv>
            </TextLine>
            <TextLine id="r4l40" custom="readingOrder {index:39;}">
                <Coords points="3255,5270 3289,5241 3319,5264 3342,5238 3354,5245 3383,5224 3450,5265 3501,5239 3535,5266 3575,5233 3605,5229 3601,5163 3564,5152 3524,5175 3417,5140 3372,5149 3326,5133 3248,5159"/>
                <Baseline points="3262,5226 3287,5224 3313,5220 3338,5216 3364,5215 3389,5212 3415,5210 3440,5210 3466,5208 3491,5206 3517,5206 3542,5206 3568,5206 3594,5204"/>
                <TextEquiv>
                    <Unicode>schlagen.</Unicode>
                </TextEquiv>
            </TextLine>
            <TextLine id="r4l41" custom="readingOrder {index:40;} person {offset:26; length:7; continued:true;}">
                <Coords points="3264,5389 3476,5313 3629,5369 3860,5303 4138,5343 4264,5258 4626,5264 4621,5173 4432,5214 4301,5174 4187,5245 4096,5201 3927,5239 3611,5216 3536,5266 3395,5226 3259,5298"/>
                <Baseline points="3270,5318 3337,5316 3404,5313 3471,5310 3539,5307 3606,5304 3673,5301 3741,5298 3808,5294 3875,5290 3943,5287 4010,5283 4077,5278 4144,5275 4212,5270 4279,5266 4346,5263 4414,5258 4481,5254 4548,5248 4616,5244"/>
                <TextEquiv>
                    <Unicode>also vnderschryben laßen. Niclauß</Unicode>
                </TextEquiv>
            </TextLine>
            <TextLine id="r4l42" custom="readingOrder {index:41;} person {offset:0; length:11; continued:true;}">
                <Coords points="3191,5466 3626,5415 3686,5463 3751,5407 3998,5387 4081,5440 4144,5381 4275,5415 4343,5354 4547,5418 4622,5354 4701,5366 4696,5292 4544,5242 4466,5321 4212,5292 3994,5351 3865,5304 3728,5373 3572,5339 3404,5383 3261,5328 3186,5392"/>
                <Baseline points="3198,5430 3272,5428 3347,5426 3421,5422 3496,5418 3571,5414 3645,5410 3720,5404 3794,5399 3869,5395 3944,5390 4018,5383 4093,5378 4167,5372 4242,5366 4317,5362 4391,5355 4466,5350 4540,5345 4615,5341 4690,5336"/>
                <TextEquiv>
                    <Unicode>Lewenberger, Innamen Ergows, Einen¬</Unicode>
                </TextEquiv>
            </TextLine>
            <TextLine id="r4l43" custom="readingOrder {index:42;}">
                <Coords points="3254,5555 3437,5520 3558,5565 3749,5501 4040,5553 4113,5507 4564,5446 4539,5398 4277,5418 4147,5381 4081,5441 4021,5394 3869,5394 3684,5463 3627,5415 3247,5464"/>
                <Baseline points="3262,5530 3326,5527 3391,5522 3455,5519 3520,5514 3585,5511 3649,5508 3714,5504 3778,5500 3843,5496 3908,5492 3972,5487 4037,5484 4101,5478 4166,5473 4230,5468 4295,5461 4360,5453 4424,5447 4489,5439 4554,5430"/>
                <TextEquiv>
                    <Unicode>Thals Landtricht freygricht und</Unicode>
                </TextEquiv>
            </TextLine>
            <TextLine id="r4l44" custom="readingOrder {index:43;}">
                <Coords points="3240,5609 3314,5607 3398,5664 3540,5651 3610,5608 3654,5627 3691,5598 3860,5649 3991,5640 3983,5487 3880,5547 3753,5502 3641,5515 3560,5563 3420,5534 3373,5578 3305,5538 3269,5573 3238,5562"/>
                <Baseline points="3250,5614 3286,5613 3322,5611 3359,5610 3395,5608 3432,5606 3468,5604 3504,5602 3541,5601 3577,5598 3614,5597 3650,5594 3686,5593 3723,5591 3759,5590 3796,5588 3832,5586 3868,5584 3905,5582 3941,5582 3978,5580"/>
                <TextEquiv>
                    <Unicode>Mitt verbundteten.</Unicode>
                </TextEquiv>
            </TextLine>
            <TextLine id="r4l45" custom="readingOrder {index:44;} place {offset:11; length:7;}">
                <Coords points="3241,5780 3540,5807 3608,5755 4049,5736 4172,5775 4296,5726 4394,5768 4572,5705 4570,5660 4473,5627 4403,5673 4287,5621 4105,5699 4015,5651 3816,5689 3700,5612 3646,5660 3232,5627"/>
                <Baseline points="3250,5770 3315,5765 3381,5759 3446,5756 3512,5750 3578,5748 3643,5743 3709,5740 3774,5737 3840,5734 3906,5730 3971,5728 4037,5724 4102,5721 4168,5716 4233,5714 4299,5709 4365,5705 4430,5700 4496,5696 4562,5690"/>
                <TextEquiv>
                    <Unicode>Vnd als zu Huttwyl den 4. May die</Unicode>
                </TextEquiv>
            </TextLine>
            <TextLine id="r4l46" custom="readingOrder {index:45;}">
                <Coords points="3188,5907 3441,5868 3546,5903 4121,5810 4565,5845 4585,5743 4212,5783 3962,5740 3871,5792 3716,5741 3535,5814 3487,5777 3180,5796"/>
                <Baseline points="3196,5882 3265,5877 3334,5870 3403,5866 3472,5860 3541,5854 3610,5848 3679,5844 3748,5838 3817,5834 3887,5830 3956,5824 4025,5820 4094,5816 4163,5812 4232,5808 4301,5805 4370,5801 4439,5798 4508,5796 4578,5792"/>
                <TextEquiv>
                    <Unicode>Landtsgmeind, von aller verorthen</Unicode>
                </TextEquiv>
            </TextLine>
            <TextLine id="r4l47" custom="readingOrder {index:46;}">
                <Coords points="3282,5979 3335,5951 3530,6018 3633,5980 3743,6009 3892,5931 4146,5909 4270,5967 4407,5892 4548,5950 4614,5913 4607,5817 3277,5909"/>
                <Baseline points="3290,5966 3355,5962 3421,5958 3486,5953 3552,5948 3618,5943 3683,5938 3749,5931 3814,5926 3880,5921 3946,5915 4011,5911 4077,5905 4142,5901 4208,5895 4273,5892 4339,5888 4405,5886 4470,5882 4536,5880 4602,5880"/>
                <TextEquiv>
                    <Unicode>vßgeschoßnen, vnd anderem gmeinem</Unicode>
                </TextEquiv>
            </TextLine>
            <TextEquiv>
                <Unicode>33.
Im Einenthal, als zu Bumißwald
Langnow, Signaw Wiglen und Konelfing
Landts gemeinden, deren er aber keine
besucht angestelt und gehalten worden.
By deme man es nit habe verblyben
laßen, Sondern noch ein andere, den
13. aprilis diß jars zu bemelten
Humißwald angesech und von huß zu
hūß dar Zūgebotten, mit gmelden
daß die ußem Lucerner Solothurner
vnd Baselgebiet, auch alda erschynen,
vnd mit Inen ein Bund schweren werdent
Weliche Landtsgemeind vff Ime gethanen
tröwen und Hans Ulli Newhüßen ge
bieten vnd ernsthafftes anhalten, Er
leiden auch besuchen, vnd vff Jetz gesagten
Neirhußen aūch daniel Auchen von
Walthuß überlestiges offtes begeren,
Wider alle gesuchte ußreden vnd fürge¬
wendte noch habende Jugent vnd
Vnkommenheit, In Redner sein müßen.
Waruff sy imme versprochen, daß inde
diß mitschaden, sonder vilmehr deßen
von inen zugenießen haben sölle.
.
ty diser Landtsgmeind nun seye Ime
uftragen worden, alle klegten, die man
Ime gebe vnd noch schicken werde, zusamen
in ein buch stellen zulaßen, die sy das
samptlich In gut fürzutragen vorhabens
gewesen.
zusölichem und sy das an bemeltem orth
Bumiswald sich entschloßen, ein andere
landtsgmeind zu Guttwyl zu halten,
dahin sy ingh luth schreibens vom
30. aprilis citirt und das von ir guten.
Inen vernamsete orth Wyningen ußge¬
In disem schreiben er sich
schlagen.
also vnderschryben laßen. Niclauß
Lewenberger, Innamen Ergows, Einen¬
Thals Landtricht freygricht und
Mitt verbundteten.
Vnd als zu Huttwyl den 4. May die
Landtsgmeind, von aller verorthen
vßgeschoßnen, vnd anderem gmeinem</Unicode>
            </TextEquiv>
        </TextRegion>
    </Page>
</PcGts>
