5472 7296
833 1551 2707 1847 Dannier, diene u. Adam, v. dationum, als Grönnen
1243 1746 2120 1970 n. Denneinleger. 242.
799 2394 2656 2686 Spantenwind, und ein Knabe v. 14. Jahren, begen Ver¬
1222 2570 1928 2811 dacht von diebstahl 29.
832 2744 2571 3029 Systenbach Peter, und der Kirchl. Benzenste, wegen
1166 2933 2624 3148 Fortführung v. Knaben v. Meitlenen und
1181 3100 1985 3342 Stürtenberger land 63.
815 3234 1163 3441 Winklen
1168 3287 2577 3535 Hand, v. Hittkirch, als theilnehmer um
1181 3441 1834 3687 Ranventring. 15.
798 3559 2616 3915 Sÿhen Christen, v. Rats, begen Scheltung der Wache,
1226 3778 1411 3946 274.
801 3889 2686 4178 Walthardt Rosina geb. das nacht, Herr Barthl. des Predit.
1153 4124 2528 4358 J. Cappelen Frau, wegen diebstahl. 229.
813 4233 2571 4534 Standtlich Anna, Pater Seind, v. heutigen denn,
1176 4464 2156 4688 loegen Gutschand. 252, 227.
791 5054 2468 5351 Joß Hand und Rümligen sorgen Roß diebstahl
773 5277 2562 5528 Jahn, Hand Heinrich von Entfelden als theilnehmer um
1168 5438 1877 5646 Kauernering 1119.
771 5568 2651 5862 Juddel, Cathrin v. Wahrendlich, wegen Substählen. M.
760 5787 2659 6064 Ziegler Johannd der Pfisten v. Junge, sagen destohlen.
1204 5958 1719 6129 217. 218. 222.
741 6042 2685 6334 Gloggendt, Den 1. Peterlin begen hinreinen Suppli. 25.
