5472 7296
518 1334 725 1488 156.
896 1388 2336 1599 Moriken gegangen, seye ihnen bey Annegg Hanß
921 1533 2339 1710 Heinrich Jahr reitendt bekommen, welchen sy gefragt,
945 1619 2373 1799 wo er in wölle, ist ihnen zur antwort ervolget
932 1708 2365 1899 in das Ambt Eigen, zu sechen, ob dieselbigen das
897 1819 2375 1999 fahr vermachen wollen, dann es kommen 500 man
895 1926 2362 2109 hiehar 500 mann dort har und der landtweybel
1558 2011 2116 2107 garthendenden mehr
931 2032 2381 2226 von Lentzburg sey auf, da er niemandt wohl zeren
944 2137 2350 2326 werde, und alß er gezeüg neben seinem gspanen
951 2257 2335 2429 nacher Moriken kommen, waren die völker uß
1439 2356 1630 2427 albereit
897 2366 2378 2560 dem kullmerthail vorhanden, so durch zugen
833 2587 2363 2854 Rudi Seeberger Heini Wey beid von könfftig auch
916 2753 2326 2918 Feidli Sigerist und Anschi Schadler von Wir
926 2877 2324 3029 zugen samenthafft, alß etliche gmeinden by Lupffig
653 2813 863 3050 Vnd
942 2974 2359 3129 ein zusamen kunfft hielten, seye Hanß Heinrich Jochi
935 3071 2355 3235 in der nacht zu ihnen kommen, sy befragt, ob sy das fahr
930 3180 2359 3328 verwachen helffen wollen, dann es kommen etlich 100 hinab
902 3272 2342 3450 Die sy lehren werden, solches zuuerwachen, und alß man
944 3378 2356 3536 im täger vor Mellingen gelegen, sey gedachter zahn
946 3479 2348 3664 neben 4. seinen gespanen us selbigen kommen, ihnen
898 3578 2319 3772 jöre veller geöffnet, ihre wein faß gewesen, was sy
927 3690 2360 3863 für wein haben, solche hernachers genötiget, daß sy den
937 3801 2340 3980 wein und das vorhandene brot in der Bangen Tagen
925 3925 1369 4095 fhuegen müeßen.
882 4052 2352 4277 Heini Lüscher Lini Peters sohn von Muchen attestiert
845 4202 2307 4382 Daß imme uf dem Greicher Beld einen zedul an Hanß
1244 4304 1753 4391 überreicht worden
884 4311 2317 4482 Heinrichen zahn, was für ein persohn aber imme solchen
927 4417 2316 4569 geben, seye im gantz unbekandt, welchen
939 4496 2354 4688 er auch dem jahren überreicht, nach ablesung desselben
912 4615 2249 4796 habe er eine gezogen genötiget, nacher Holtziken
934 4702 2295 4892 und Köllicken mit imme zu reißen, da er zahn
918 4810 2371 4958 dann an beiden orthen alles uf und angemant, daß
901 4916 2329 5079 sy sich eilents nacher frouw begeben und ziech solle
895 5021 2377 5198 zu welchem end er auf dem sigristen befolgen eilents
857 5116 2325 5310 zu stürmen und imme gezangen gelt zu einer halb
915 5224 2317 5410 maß wenn für sein besoldung werden laßen.
864 5374 2294 5611 Hanß Lischer geant Lingg under nach von Stafelbach
411 5540 2365 5707 so wirt gezüget lengst an, daß Hanß Heinrich zahn uf einem reitenden
1762 5638 2136 5729 und des undervogt
908 5629 2264 5792 Pferdt nacher Stafelbach kommen, ihme vermelde
877 5735 2375 5888 daß er sich also bald mit dem volke für broner
930 5818 2356 6021 macht, so auch beschechen und alles volle von imme durch
2595 2794 2958 2976 fhabe auch
4297 1401 4469 1519 157.
2958 1436 4490 1629 das thal uf ufgemant worden, von dannen er sich dann
3020 1566 4437 1725 mit seinem bei sich habenden pferdt uf reitnauw begeben,
3021 1626 4498 1842 was er daselbst usgerichtet, seye imme gezügen unbekant.
3877 1771 4055 1887 Item
2879 1751 4497 1981 Albrecht stull von Nider leüte züget, alß man für fraw
2980 1922 4437 2077 zogen, daß sich Hanß Heinrich Jahr auch zu Bur befunden
2996 2010 4506 2185 und ein zimlich unwesen verüebt, weilen er gesechen, daß das
2987 2109 4512 2268 volck noch nit us den thal hunder zogen sey, und also den
2994 2193 4524 2375 undervogt Gysin fr und Bernhart im Hof angesprochen,
2969 2293 4506 2482 daß sy imme ein pferdt verschaffen wollen, damit er die
3007 2405 4531 2589 völker vor Broner bringen könne, so imme aber von
3006 2523 3862 2706 beiden abgeschlagen worden.
2994 2668 4530 2883 Nelchior Küechli von Endtfelden zuget, daß Hanß Heinrich zahl
3035 2811 4523 2983 alle ynwoner der dörfferen von Endtfelden unzeit nacher
3006 2919 4323 3076 rteitnouw angemant für ardmer zu ziechen.
2966 3034 4582 3262 Däschein Steiner im Rotag Ruder Geringes vermeldete
2966 3194 4550 3362 Daß Hanß Heinrich zahn an imme gegengen gemutet er solle.
3031 3274 4575 3439 mit imme sy wollen seichen, wie die wachten der aren nach
3039 3385 4551 3551 beschaffen, welches undervogt Gysin se gehört, auch inne
3018 3488 4562 3665 beschalten und mit nachgenden worten zu imme gesprochen
2988 3610 4550 3787 Du unstiffter, richtest jederwylen vill der unglegenheiten
3049 3697 4578 3897 an mochtest solches und dergleichen wol underwegen laßen.
2960 3860 4587 4092 Hanß Völliger der weybel in endtfelden züget, alß er an
3049 3990 4591 4173 einem sontag imme zahnen pieten wollen, daß er für grauw
3000 4091 4583 4304 Zieche, ist imme durch seinen sohn zur antwort ervolget
3025 4183 4599 4370 der vatter (alß hauß zahn, sey nit anheimbsch, sonder
3001 4301 4607 4486 Das thal ufgeritten die völcker für araw zu ziechen
3065 4400 4602 4599 angemachtten item alß man für Mellingen ufgogen,
3016 4530 4630 4703 habe in der nacht gedachter Jahr inne weybel befragt
3067 4626 4643 4815 wo für die besoldung ervolgen werde, daß er die wacht
3051 4725 4635 4935 uf Brunegg angestelt und wan imme die gemeindt
3068 4838 4612 5038 nüt daran zugeben gesinnet, wolle er solches gern
3068 4992 3715 5188 an imme selber haben.
3004 5077 4654 5362 Samuel Müller von endtfelden und Hanß Poßert von Steinsingen
3023 5205 4646 5458 geügen, daß Hanß Heinrich zehn absonderlich zu einem jede kommen
3065 5309 4636 5519 und under anderen worten gredt, es werde nechster zeit
3076 5420 4639 5663 ein landtsgmeindt gehalten werden, er wolte nit 50 g
3083 5537 4636 5735 nemmen, daß er sich nit darbei finden ließe und zu imme
3043 5640 4660 5856 Samuel Müller geredt, sölle mit imme kommen, wolle
3029 5758 4244 5976 demselbigen 10 bl. an sein Vetz geben.
