5472 7296
764 1408 965 1574 166.
1362 1459 2578 1654 9 Jans 20 sl gewesner Landt¬
1405 1560 2606 1717 schreiber zu Schwarzenburg, sonst bürtig von
1386 1631 2521 1745 Oberwyl, vnß dem Nideren Sibenthal¬
1247 1663 2450 1821 derselbig ist vor etlich wuchen
1204 1773 2631 1938 Droben zu Schwartzenburg, seines verbrechens
1250 1860 2526 2009 in vergangner Verndrigen rebellion
1244 1938 2566 2106 durch mich herren z�g herren werber und herren alt
1230 2041 2520 2174 Stifftschaffner Müller examinirt, vnd
1225 2123 2579 2256 neben seinaon der federen, mit 600 lb buß
1206 2202 2607 2335 Jedoch vff gfallen inghli der geheimen Kriegs¬
2191 2283 2397 2346 volgents
1210 2279 2426 2414 räthen) belegt uff vernemmung aber
1213 2368 2579 2507 Vernerer anklagt alhie gfencklich einge¬
1194 2454 2559 2612 setzt, vnd den 3 vnd 4. augusti 1677.
1180 2540 2403 2685 durch sich herren herren raths Müller herren
1686 2625 1751 2671 2.
1197 2627 2592 2761 Jugh werben, 1. Oberst von Wattenweil
1203 2692 2450 2855 ps. als Stifftschaffner Müller, vnd
1184 2798 2427 2930 Großweibel von Luternow, bei be¬
1201 2906 2606 3021 tröwung der Marter herners examinirt
1206 2962 1519 3079 word.
2222 3015 2372 3129 me
1162 3045 2533 3225 dem bekantnus vnd verbrochen bestehet
1191 3155 1675 3289 in volgenden.
1165 3231 2539 3375 erstens, daß er nit als ein uß zuger und be
1166 3332 2551 3461 felchneter, sondern freyen willens mit der
1156 3402 2412 3565 Schwartzenburgeren gan Bern zogen
1170 3473 2485 3637 dohin Hans Ringgeli am keit weg vom
1159 3588 2540 3714 helfeln zwyden gschickt worden, inen
1184 3665 2549 3816 anzuzeigen, daß sy nit wythers zeich
2466 3786 2530 3835 .
1162 3737 2438 3889 söllent, das die Landtrichter habent
1171 3834 2529 3984 Inen getrowt, wan sy weithers ziechent,
1172 3916 2572 4052 so wellet sey inen zu Schwartzenburg die
1140 3997 2468 4159 hüser verbrönnen, Eß welichem
1166 4098 2413 4204 Anlaßer das ein gwüßen zedel al
1166 4179 2520 4329 obbemelt Heinelich zu Wyden geschriben
1129 4253 2485 4405 so datirt in Ih vß Bern den 11. maii
1169 4341 2523 4477 1613. deß innhalts, wylen das
1159 4419 2493 4579 Wältsch unbekante volck, oben har ein
1152 4511 2503 4656 durchbruch nemmen möchte, werdent
1174 4599 2582 4727 sy nit ermanglen, sonder die mannschafft
1169 4682 2607 4838 mit stein vnd Pulffer, sampt lundt verlaßt
1166 4778 2482 4921 machen, damit sy im fahl der noth in
1144 4851 2490 5016 widerstand thun möchten und seyen keine
1151 4950 2566 5100 landtlich in der statt dan sey, item man
1130 5049 1740 5180 habe sy behört.
1916 5053 2489 5190 Ist vnderschrib
1143 5099 2510 5290 Landschreiber, vnd Bendicht zuzeller
1100 5233 2463 5397 und obwolen diser zuzeller imme zu
1111 5325 2555 5480 Schwartzenburg und mundts erhalten.
1112 5422 2500 5577 daß er gang von disem schreiben nichts
1133 5517 2422 5650 gewüstet und hiemit seinen nammen
1128 5600 2495 5746 mißbrucht, auch der landtschreiber
1077 5663 2471 5804 darwid nit red können, Vatter
1076 5751 2504 5942 doch alhie zu seiner entschuldigung
4579 1468 4761 1603 167
3284 1475 4666 1710 eingewendt, Er vnd zu heller habent
3312 1597 4775 1803 auhabent zuuor von dergleich sachen geredt,
3300 1682 4747 1891 Deßwegen er morndrich tag seines namens
3317 1770 4724 1941 im brieff gedacht, und nit vermeint
3313 1863 4775 2056 daß sölches etwas schaden solle, wie er das
3314 1971 4681 2084 wol wüßte, daß wan Ime zuzeller der
3313 2044 4717 2215 brieff were gezeigt worden, er darwider
3308 2134 4793 2296 nichts gredt hette, bittenmahlen derselbigen
3314 2205 4775 2369 nit der mußten, sondern deren einer gewesen,
3317 2331 4757 2472 der sich an der landtsgmeind zu Guttwyl
3316 2378 3628 2538 befunden.
3280 2545 4686 2746 einnach, als h. Rittmeister Steige, von
3303 2673 4740 2852 den Schwartzenburgischen Buren in arrest
3305 2773 4735 2924 genommen und ufgehalt worden, habe er
3300 2856 4736 3019 denselben auch, wie die anderen verwachten
3287 2985 4752 3108 helffen, vnd Inne seines theils, obwol
3300 3039 4689 3205 er gwüsst, daß er von Bern, nicht
3297 3146 4246 3296 passieren laßen wollen.
3328 3323 4724 3473 Verners habe er selbs dritt, dem H. Landt¬
3318 3443 4699 3606 vogt zu Schwartzenburg ein oberkeitlich
3247 3542 4818 3697 Schreiben, so von fryburg kommen, abgeforderet,
3284 3641 4723 3796 und begert, daß inen daßelbigen möchte
3295 3743 3947 3876 Zulesen werden.
3860 3842 3939 3957 1
3278 3873 4777 4064 Item habe er in der Zeit, als sey alhie in der
3316 4012 4716 4146 Stattt lagen, leider vil ungebührliche
3305 4109 4746 4190 vnd böse wort hin vnd wider, wider
3266 4171 4736 4318 sein gen oberkeit ußgoßen, war aber
3340 4267 4771 4399 die Pormalia selbiger worten gewesen,
3289 4340 4573 4493 könne er sich gantz nit mehr verstinnen.
3308 4431 4712 4594 Glaubt vnd bekent aber, daß er die
3327 4544 4671 4696 von Ime gezüget wort, alhie vff der
3316 4617 4703 4791 Batteren bey werchhof vergoßen,
3331 4716 4679 4894 und gredt, zu trutz schänt, ich glaub
3329 4827 4746 4942 wir heig ein oberkeit, jetz gsetzman
3318 4917 4753 5063 was man für ein schöne oberkeit hatt,
3304 5013 4813 5172 jeh vernemmen wir und kompt Botschafft
3330 5107 4716 5272 Die Weltschl Kätzer fallen vns oben
3319 5195 4791 5354 Ins Land, vnd verbronnen vns vnsere
3347 5305 4789 5462 user, Vnd als die vmbstandselbiges
3300 5394 4705 5571 widersproch, es falle kein frömden
3322 5501 4866 5668 volck ins landt, sonder es syn mahl völcker.
3311 5607 4804 5767 er daruf geantwortet: Es were
3334 5723 4817 5863 wer es wolle, so er droben were, wolte
3338 5798 4841 5961 er sy helffen zurück jagen oder helfft
