5472 7296
699 1427 964 1587 212.
1047 1609 2439 1868 Elßbeth Rychardt von
1091 1797 2454 1977 frutingen, ein alte vmbher¬
1086 1912 2349 2130 schweiffende, ergerliche vnd
1143 2028 2399 2192 versoffee Bättler fraw.
979 2167 2366 2372 Item Cathryna Suttel von
1151 2275 2289 2403 Walpers weil, ein Jūngs
1180 2378 2322 2579 10 jährigs meitli, so sich
1243 2500 2241 2692 by Lienhart dyßen in
1258 2618 2146 2806 dienstswys aufent¬
1540 2733 1845 2896 haltet.
878 2771 2633 2943 Vndt den 27. Augusti 1655. vmb destwillen
967 2924 2605 3087 gefencklich eingesetzt worden: Weilen diß
985 3020 2625 3191 meitli obige alte er anklagt, von ihro
985 3133 2597 3298 gestriges tags, als am sontag, da man
1009 3233 2610 3411 in der Abent-predig war, aufgewisen
988 3331 2639 3516 worden zu sein, daß es gesagts Lienhart
969 3432 2657 3614 deßen, seines mr Laden offnen vnd Ihro uß
1006 3538 2682 3729 demselbigen, waß sie könne und möge, zu
986 3649 2672 3811 bringen solle, sie aber wolle hinzweschen
995 3736 2681 3944 uff der hut stehen und aufsicht halten, damit
994 3851 2717 4022 sie niemandts ob der gut bezieche, mit ver¬
983 3960 2654 4155 sprechen, ihme auch etwas daruon werden
995 4057 2671 4265 zulaßen, auf soliche vnd dergleichen ge¬
995 4182 2617 4374 thane aufweisung, habe es sich beredt
992 4242 2669 4489 laßen, vnd also drüberhin den Laden, durch
989 4401 2666 4558 mitel einer brochnen schriben (dardurch es
962 4529 2708 4702 hinein langen können, geöffnet und auß dem
951 4630 2649 4818 selben volgende stuck vnd sachen genommen,
987 4728 2390 4925 und ira Rychardtin zugebracht:
969 4834 2664 5053 Namlichen etliche ell oder stuckli wys
1007 4977 1915 5130 und schwartz bendel.
968 5082 2251 5264 etliche ell schwartz gelannen.
982 5179 2182 5387 ein stückli tuch zu hembderen
960 5287 1943 5504 Ein stuckli Schwartz Tūch.
966 5441 2308 5650 etliche ell schmier zu gölleren.
960 5555 1809 5712 Zwen Rot Seckel.
953 5662 2168 5844 etlich viererwertige restel.
939 5767 2568 5960 etlich ellen schwartz und blauw floret
946 5867 2632 6023 seidige bandel. Vierhalb bewertige
969 5988 2631 6170 Köffel verhalb buttenwertige läbbuch.
2216 6106 2650 6292 Nachdem
2849 4803 2916 5002 s
4472 1568 4693 1681 213.
3042 1548 4739 1849 Nachdem es ihro disere sachen gebracht, habe
3112 1719 4711 1990 sie ihns in vernerem aufgewisen, vnd leißen
3163 1831 4775 2057 lugen, ob die trag offen seyen, mit vermel
3159 1931 4777 2144 den, solle das geldt, vnd waß es drinn
3150 2045 4758 2223 kinde, druß nemen, vnd es Ira zu bringen,
3144 2149 4742 2334 mit versprechen, welle es schon darumb
3154 2232 4743 2439 befridigen vnd belohnen, hab ihme auch
3136 2354 4769 2547 angenndtet, daß es die gang thuren
3135 2455 4701 2665 ihnen solle, damit sie auch in laden
3150 2587 3857 2750 komen könne e.
3103 2689 4762 2890 Welches aber alles sie Rychardin gelaugnet,
3151 2821 4712 2979 mit hochem beduren, daß ihro dergleichen
3156 2930 4768 3111 sachen niemalen inn sum kommen, habe auch
3162 3038 4803 3212 diß meitli gestrigen tags niemalen gerechen
3148 3140 4786 3317 noch mit ihme geredt, sonder seye daß
3159 3249 4772 3431 malen zu predig gewesen, weliches
3167 3337 4796 3531 sie wann sie die Leüth, so vmb sie ge¬
3170 3464 4808 3634 wesen, keinete beweisen wolte, ge¬
3152 3564 4737 3744 scheche tra hiemit gantz groblich zu
3167 3667 3945 3852 kurtz vnd vnrecht.
3162 3834 4815 4051 Vnnd obwollen drüberhin sy disharden
3165 3978 4821 4128 den 29. ermelten monats, mit dem
3115 4080 4814 4271 Dann ysen gefeckt: das Meitli aber
3166 4200 4724 4357 den 31. darnach, nach beschechter
3161 4299 4805 4486 Confrontaon, durch die Baldelvogt
3165 4434 4728 4625 mit der Ruten geschmeitzt, So ist
3158 4566 4707 4758 doch Jedwederis vff seiner vorigen
3142 4679 4832 4882 Anklag unnd verantwortung verbliben.
3143 4788 4808 4985 also daß drüberhin das Meitler
3160 4911 4788 5111 einmal ledig gelaßen, die alte
3150 5018 4875 5242 fr aber, von Ir gern Statt, vnd Ir Heimath
3146 5200 4849 5339 gewisen worden, mit betrauwen, daß
3150 5270 4776 5435 wann sie sich über diß weiters alhie
3161 5372 4837 5594 finden laßen wurde, sie als meineidig
3130 5487 4113 5690 gestrafft werden solle.
4285 5715 4371 5866 e
