5472 7296
574 1518 723 1667 28.
1151 1504 2477 1764 großes mißfallen, ab der dem gantzen
1140 1621 2480 1827 Vatterland hochschädlichen rebellions
1149 1723 2408 1974 sach gehabt und getragen, daß er
1156 1810 2404 2039 auch vestenklich glaube, im fahl er
1153 1923 2454 2150 domahlen in Person zu Lentzburg ge¬
1163 2021 2406 2217 wesen, Er vßert allein Zweiffel
1166 2118 2464 2335 die alda sich erzeigte rebellion wolte
1113 2199 2413 2438 verhütet und abgewendt haben, wie
1179 2299 2416 2502 er dan mit hilff deß herren landtvogt
1129 2402 2454 2603 Lerbers in der vor 1 Jaren zu thun
1165 2505 2474 2710 eringen verner, auch etlich daselbst
1155 2571 2421 2830 zu Lentzburg vfgewesne rebellen
1177 2699 2447 2904 abgemahnt, versühnt und zu ruwen
1153 2811 2220 3013 gewisen und gebracht habe.
1140 2989 2380 3160 donst könne er nit in abred sein, das
1186 3109 2433 3257 daß er durch das schwartzer Priester
1187 3172 2448 3356 den herren sammerer zu Lentzburg, vnd
1189 3288 2385 3454 verstanden habe, auch die Jenigs
1172 3377 2428 3538 tifftige genamset, welche es nit
1195 3474 2432 3615 mit der Statt vnd dero Gerechtig¬
1170 3563 2034 3732 keit haben halten wollen.
871 3761 2402 3942 vormahl Rath und Burgeren, ist der in 14.
880 3904 2456 4036 wuchen lang in der Instul verhaffte Samuel frey,
875 3963 2385 4135 zu verdienter abstraffung seines bekanten
891 4054 2521 4215 abermahligen verbrechens, nebend abtrag costens,
906 4132 2339 4316 vnd 1000 lb buß, Zū handen der Instul, vff
910 4249 2353 4425 gnad hin ehr und wehrlooß gestelt und
898 4371 2346 4522 darzu imme sein hauß und wohnung alhie,
922 4452 2405 4599 Zur gefangenschafft vnd absönderung von
934 4569 2517 4715 aller ehrlichen gestellschafft ußert der besuchung
906 4637 2463 4818 der kirchen, so imme zum gottsdienst zugelaßen.
914 4749 2479 4912 geben worden, Inne zumselben Eidtlich zuuer¬
1148 4842 2419 4993 Darzu sol er by seiner ledig
911 4862 1122 4993 binden.
908 4927 2308 5100 laßung bekennen, mit dem in bewüsten
911 5027 2378 5199 seinen schreiben, beides den h. Predicantz zu
895 5121 2446 5291 Lenzburg, wie auch herren alt landtvogt jenner
933 5218 2427 5391 ungütlich gemeint zu habe, als der inne
875 5324 2354 5481 Herren Jenner für einen Ehrlich Herren
885 5429 2398 5573 halte, der anders mit gethan, als was er
868 5494 2402 5676 ampts und empfangnen befelchs halb thun
871 5598 2441 5788 söllen. Actum 6. septemb 1653.
1334 5782 2480 5984 Ist verrichtet tags abstath.
4485 1439 4709 1629 29.
3241 1462 4221 1714 Hans Barchenried
3313 1677 4159 1831 ein knab von 14 jahren
3111 1796 4559 2027 Ist uß verdacht, als solte er H Peter
3162 1937 4555 2114 fruttig by den 800. gestolen haben,
3174 2028 4619 2205 gfengklich eingesetzt und den 5. aug
3236 2121 4545 2275 1613. durch nichten rathshr von
3241 2203 4659 2356 Graffenried vnd E. Großweibel von
3227 2300 4629 2457 Wattenwyl ernstwörtig, volgents
3251 2386 4671 2555 mit beträwung der Marter, im strecki¬
3246 2486 4577 2659 thurn examinet worden, der hatt
3224 2586 4621 2736 obald nus, bald einanders fürgeben,
3256 2684 4633 2850 also daß uff seinen wort mit znachten
3244 2801 3592 2938 gewesen.
3247 2858 4676 3026 War damahlen gedunket worden, doch
3256 2961 4723 3114 mit eingentlichs bekantlich sein wöllen
3196 3054 4681 3261 Den 17. dito hatten inne die Gättelvogt
3274 3182 4573 3331 mit ruthen geschmeitzt, doch ungeacht
3267 3268 4640 3428 deßelben styff gelaugnet, daß er das
3267 3379 4545 3538 ghelt genomen, vnd wiewol er
3276 3449 4709 3612 Maritz Heini angeklagt, als ob derselbig
3282 3534 4711 3703 Ime das geltstelen helffen, hatt er Inne
3283 3639 4732 3825 Jedoch hernach widerumb entschlag.
3234 3809 4743 3994 Ist also selbe tags ledig gelaßen worden.
