5472 7296
743 1459 941 1556 202.
1184 1540 2627 1722 habe, die Berner seyen an den Pawren all
1213 1679 2557 1880 Schelmen gewesen, Confirmiert auch das so zu
1196 1785 2012 1949 Nüwenegg mit er fürgangen
1147 1880 2584 2101 Jacob Frick zuget, es habe dise persohn allen
1115 2012 2657 2204 handtwerckslüth schnyderen schumacheren
1216 2118 2572 2301 vnd auch dem weibel, so zu gegen gewesen
1213 2228 2655 2406 einem jeden ein besonders liedl gesungen, vnd
1221 2309 2647 2515 neben denselben auch das Berner Liedt, habe
1207 2436 2653 2611 erschröckenlich by den h. sacramenten, ja by thu
1230 2564 2668 2729 senden zu unzalbaren malen dahar geschworen,
1227 2673 2588 2824 und zra dauon nit wellen abweren laßen, sy
1233 2772 2609 2969 habe auch vom Irer kinderen einem gesagt, es
1226 2885 2635 3059 seye eines Zurichers, der habe sy sitzen laßen
1233 3018 1722 3146 wie ein anderer
2070 3018 2590 3163 gliches zuget
1207 3111 2132 3266 Bendicht wyß der weibel
1205 3271 2618 3497 Hanß Gürtner der sigerist vndt Oßwalde
1206 3445 2562 3598 Trunker der müller zugen, daß als sy hinder
1207 3534 2599 3698 dem Wirthshuß bysamen gewesen, seye obge¬
1214 3643 2642 3802 dachte persohn vor dem Wirthshuß hinweg, vnd
1231 3746 2558 3926 hinder das huß zu inen kommen, habe sich by
1215 3877 2619 4051 Jacob Zenck geselst, angefangen zuschweren, vndt
1239 3968 2590 4150 gedachtes lied zu singen, da aber sy Gürtner von
1208 4096 2597 4252 znen hinuß vnnd weg gehen heißen, auch derglychen
1231 4199 2590 4364 gethan, ob wolte er sy gefangen nemmen, den aber
1230 4293 2601 4474 habe gesagt, sy solle da blyben, er auch mit angen
1212 4424 2609 4591 gewuncken, als solte sy nacher zu Ime kommen,
1222 4525 2559 4662 die andere aber so by zu gewesen, habe sich vest
1214 4616 2542 4757 Gürtners wort hin von der gefangennemung,
1230 4735 2561 4916 weg gemachet, habe hefftig gebetten man solle
1213 4842 2558 5000 sy gehen laßen, sy habe einen alten mann im
1230 4953 1636 5098 Juggsperg.
1176 5067 2608 5268 It Waldt Lenckler der müller zuget gut be
1204 5193 2560 5369 sonders deßend als er das Bernerlied, wie
1223 5319 2555 5499 er es hiebeuor genennet singen horen, die hand
1229 5437 2546 5606 zusamen geschlagen habe unnd gesagt, Es seye
1224 5538 2656 5700 Ime schier also, oder es seye doch schier wahr¬
1235 5628 2582 5821 Vnd so zuget auch Gurtner, daß von allen den
1221 5752 2513 5942 Jacob Juncks geberden abzunemmen gewesen
1214 5889 2544 6061 daß dieselbiges lied gar wol gefallen habe,
1206 6008 2603 6199 sonst zugen dise beide manner von diser dienen
4550 1550 4690 1651 203
3373 1586 4614 1842 alles vorgeschribne, als sy habe gesagt, die
3336 1751 4684 1961 Berner seyen an den Buwren all sie Schelmen
3389 1857 4634 2048 gewesen, vndt so auch das vonn dem Züricher
3371 1921 4664 2151 by Jacob Zencken vndt des weibels ufsag, vndt
3384 2037 4701 2289 noch verner, sy habe gesagt, sy wüße wol, daß sy
3380 2163 4689 2339 ein anwesetze, habe jenen banckharten, aber
3373 2255 4695 2469 ein gute Zuwe seye gelts werth, welches letste
3381 2365 4089 2515 auch die wirthi bezüget.
3290 2407 4712 2669 Michel Schnyder der junckher zimmerman zuget, daß
3366 2590 4749 2779 dise persohn Maria Heiße, habe schon vor 25 Jaren
3378 2711 4751 2897 zu appi in der kilchhoren Lutzelfen gedienet, sitzere
3372 2824 4747 2984 aber seye sy im Landt hin vndt her gezogen,
3382 2905 4710 3122 vnd alle ist ein Gottliches montsch gewesen, so habe
3381 3029 4712 3213 er und syn bruder Christen Schnyder, wie auch
3381 3136 4717 3319 Hanß Brechmann ihr mit gespan obernente er
3353 3268 4728 3467 schrabenliche schwur by dem Wirthshuß ver¬
3383 3380 4705 3554 wichenen sambstags gehört, seye aber inen mit
3378 3495 4724 3647 nus gewesen, haben es schon an anderen orthen
3372 3595 4750 3768 auch von ir gehört, dann wo sye hinkomme in
3370 3699 4736 3871 Die wirthshußer, trybe sy solche wort unnd
3370 3813 4716 3986 geberden, halten darfür, daß wann sy wyn
3390 3911 4751 4098 getruncken habe sy taub seye. Sonsten haben
3368 4025 4736 4227 sy auch vonn er gehört, daß sy gesagt, daß sy
3365 4131 4758 4322 einlich kinder gehabt habe, was sich aber nit
3353 4269 4742 4469 zuerinneren, daß sy jemalen einen Ehemann
3324 4392 3756 4521 gehabt habe.
3550 4618 4560 4860 Information deß so sich vor dem
3484 4781 4445 4988 wirthshuß mit hrngetragen.
3306 4977 4741 5182 Hannß Moratz der lischmacher vnndt syn fr
3365 5099 4730 5289 Peter Pfauw der Schnyder vnndt syn fraw
3248 5236 4768 5435 Berchstaldt durß vnndt syn dochter, als nachparen
3370 5348 4798 5546 wie auch Peter Steigt, Oßwaldt Trinckeler vnndt
3373 5463 4756 5689 Hannß Gurtner bezügen, daß gedachte persohn
3372 5607 4751 5786 nach langem fluchen vndt geschrey hinder dem
3371 5712 4786 5927 Wirthshuß auch seye fur daßelbe herus kommen
3359 5851 4713 6051 vnd gliches wesen getriben, by thusend
3365 5954 4813 6158 daeramenten, wie man ir immer abgewehret, er
3344 6066 4807 6299 schröcklich daher geschworen vndt gesagt, die so
