5472 7296
1843 579 1942 676 [8.]
1227 729 2803 1220 deß kleinen - herrn Johann Rudolf
1217 951 2878 1330 Steiger deß großen rahts und großweibel
1226 1056 2800 1472 in beysein etlicher herren von burgeren
1223 1209 2865 1622 anfencklich zwar in der gfangenschafft,
1218 1353 2853 1707 hernach aber by der streder exammiert
1245 1481 2839 1835 worden, welcher dann so wol ußert
1227 1624 2859 2003 alß an der marter bekent und bestendig
1246 1808 1632 2029 erhalten.
1176 2024 2818 2410 Er seye heiuer von etwelichen diebstälen
1243 2242 2824 2539 und unthaten wegen albereit ein jar¬
1207 2408 2823 2678 lang alhier im schallenwerck gewesen,
1167 2529 2744 2769 darüber habe er sich hinunder in die
1225 2676 2737 2934 Pfaltz begeben, und by Nüewenburg
1235 2828 2749 3034 an der hand und daharumb biß vor
1236 2957 2715 3193 14. tagen, gearbeitet, alß er nun
1216 3130 2730 3348 widerumb alhero kommen, habe
1172 3258 2680 3494 Danniel Redtbemund imme ein ketti
1201 3411 2747 3621 zu verkouffen geben, umb welche
1194 3558 2741 3742 der kolern Müllerknecht an der
1200 3695 2412 3916 Matten imme 8. bl bezalt.
1131 3947 2785 4228 So habe er uf der Stifft (alwo obige
1154 4144 2742 4346 ketti genommen worden syn sol) uf
1213 4247 2759 4512 anwysung syn Redtemundts, auß
1193 4408 2773 4682 hungersnoth entwendt, selbige
1179 4512 2774 4809 zum schumachern umb ein suppen
1212 4615 2778 4966 ein halb maß wyn, sambt dem schlaf¬
1209 4763 2803 5173 gelt, so zusammen by den 10. er gebrachte
1169 5071 1591 5287 versetzt.
1147 5150 2769 5541 Verners habe er in underen spital
1216 5335 2732 5700 ein vorzug ketti genommen, selbige
3924 887 4093 1014 [9.]
3441 1084 5050 1341 seinem fryburger umb 10 lb verkoufft,
3382 1250 4994 1432 die andere ketti aber habe er ligen laßen,
3431 1349 4964 1574 wyl er darob verjagt volgendts auch
3416 1490 4029 1618 erdabt worden.
3312 1649 4941 1944 Aber diß hatt er bekent, daß er zuvuor
3418 1836 4993 2052 nicht allein alhier, sonderen auch zu Landts-
3397 1946 4988 2188 hut und zu Thorberg usgerißen seye.
3329 2183 4809 2391 Ist 3. mal lähr und 2. mal mit
3283 2321 4883 2553 dem 45. tteigen stein ufzogen worden.
3276 2750 4994 3009 Nachdem nun meine gnedig herren obigen Büelmans
3406 2907 4988 3127 bekantnuß angehördt, habent sy er¬
3379 3051 4962 3247 kent, wylen von imme kein hoffnung
3383 3185 4997 3394 geschöpft, daß er sich vil beßeren, und vom
3410 3293 4972 3528 bösen zum guten bekehren werde,
3341 3437 4994 3648 des solle er (damit das land von der
3402 3578 5015 3804 gleichen diebs gesind geseüberet werden
3410 3718 5027 3948 möchte) usgeschmeitzt und mit dem
3369 3882 5044 4082 eid von statt und land gewisen werden.
3374 3981 3640 4203 sölle.
3367 4242 4997 4466 Den 22. Julii 1670. Ist obige urtheil
3388 4377 4965 4610 an imme Büelman exequiert worden.
4401 4522 4955 4702 Verte. ?
