<?xml version="1.0" encoding="UTF-8" standalone="yes"?>
<PcGts xmlns="http://schema.primaresearch.org/PAGE/gts/pagecontent/2013-07-15" xmlns:xsi="http://www.w3.org/2001/XMLSchema-instance" xsi:schemaLocation="http://schema.primaresearch.org/PAGE/gts/pagecontent/2013-07-15 http://schema.primaresearch.org/PAGE/gts/pagecontent/2013-07-15/pagecontent.xsd">
    <Metadata>
        <Creator>prov=University of Rostock/Institute of Mathematics/CITlab|PLANET AI GmbH/Gundram Leifert/gundram.leifert@planet-ai.de:name=German_Kurrent_XVI-XVIII_M1(htr_id=19584)::::v=2.6.6
prov=University of Rostock/Institute of Mathematics/CITlab|PLANET AI GmbH/Tobias Gruening/tobias.gruening@planet-ai.de:name=de.uros.citlab.module.baseline2polygon.B2PSeamMultiOriented:v=2.6.6
prov=University of Rostock/Institute of Mathematics/CITlab|PLANET AI GmbH/Tobias Gruening/tobias.gruening@planet-ai.de:name=/net_tf/LA73_249_0mod360.pb:de.uros.citlab.segmentation.CITlab_LA_ML:v=2.6.6
Transkribus</Creator>
        <Created>2020-10-05T12:03:38.137+02:00</Created>
        <LastChange>2020-12-09T10:25:43.590+01:00</LastChange>
        <TranskribusMetadata docId="1334836" pageId="52361334" pageNr="9" tsid="114643113" status="GT" userId="68482" imgUrl="https://files.transkribus.eu/Get?id=SEVGKUBOSRJRHBPCKVZCVUXN&amp;fileType=view" xmlUrl="https://files.transkribus.eu/Get?id=YPKBPUPBQTTEQNUUQRMTMVNS" imageId="16047297"/>
    </Metadata>
    <Page imageFilename="Turmbuch_StAB B IX 481_00009-20200925_095639.jpg" imageWidth="5472" imageHeight="7296">
        <ReadingOrder>
            <OrderedGroup id="ro_1687513700570" caption="Regions reading order">
                <RegionRefIndexed index="0" regionRef="r1"/>
                <RegionRefIndexed index="1" regionRef="r2"/>
                <RegionRefIndexed index="2" regionRef="r3"/>
            </OrderedGroup>
        </ReadingOrder>
        <TextRegion orientation="0.0" id="r1" custom="readingOrder {index:0;}">
            <Coords points="1144,597 1144,4350 2856,4350 2856,597"/>
            <TextLine id="r1l1" custom="readingOrder {index:0;} textStyle {offset:1; length:2;strikethrough:true;}">
                <Coords points="1914,708 1943,700 2005,713 2054,683 2137,710 2162,702 2166,664 2144,664 2094,612 2068,626 2052,610 2022,621 2001,613 1979,623 1956,598 1925,603"/>
                <Baseline points="1928,662 1953,663 1978,664 2003,666 2028,668 2053,670 2078,672 2103,676 2128,680 2154,688"/>
                <TextEquiv>
                    <Unicode>[9. 10.]</Unicode>
                </TextEquiv>
            </TextLine>
            <TextLine id="r1l2" custom="readingOrder {index:1;} person {offset:0; length:16;} NE {offset:0; length:16;}">
                <Coords points="1767,795 1763,766 1761,611 1526,633 1298,874 1690,976 1760,1029 1954,1022 2118,1082 2231,1076 2259,1116 2548,1123 2764,1187 2778,1102 2661,1056 2566,952 2355,854 2259,858 2229,915 2336,1049 1980,854 1772,730 1801,739 1844,779 1792,800 1787,816 1816,889 1710,851"/>
                <Baseline points="1700,974 1753,984 1806,994 1859,1003 1912,1013 1965,1022 2018,1033 2071,1041 2124,1050 2177,1059 2230,1067 2283,1075 2336,1084 2389,1093 2442,1102 2495,1110 2548,1118 2601,1127 2654,1134 2707,1143 2760,1154"/>
                <TextEquiv>
                    <Unicode>Christen Büelman</Unicode>
                </TextEquiv>
            </TextLine>
            <TextLine id="r1l3" custom="readingOrder {index:2;} unclear {offset:0; length:12;}">
                <Coords points="1648,1103 1719,1157 1769,1122 1869,1137 1943,1224 2017,1236 2156,1180 2476,1226 2488,1146 2429,1106 2368,1132 2339,1109 2242,1155 2101,1112 1895,1103 1800,1016 1762,1029 1670,961"/>
                <Baseline points="1662,1084 1702,1092 1742,1101 1782,1110 1823,1119 1863,1127 1903,1134 1944,1142 1984,1147 2024,1154 2065,1161 2105,1167 2145,1172 2185,1179 2226,1183 2266,1189 2306,1194 2347,1199 2387,1203 2427,1206 2468,1210"/>
                <TextEquiv>
                    <Unicode>Hieuorgemelt</Unicode>
                </TextEquiv>
            </TextLine>
            <TextLine id="r1l4" custom="readingOrder {index:3;} PRON {offset:8; length:9;} ADV {offset:18; length:7;} unclear {offset:27; length:7;}">
                <Coords points="1232,1478 1459,1427 1755,1486 1850,1571 1986,1519 2217,1613 2324,1551 2496,1551 2659,1635 2815,1588 2822,1522 2732,1430 2667,1475 2382,1499 2267,1445 2164,1490 1753,1309 1618,1367 1506,1303 1242,1388"/>
                <Baseline points="1248,1418 1325,1427 1403,1435 1481,1444 1559,1454 1637,1463 1714,1471 1792,1481 1870,1490 1948,1499 2026,1509 2103,1519 2181,1527 2259,1536 2337,1547 2415,1555 2492,1565 2570,1572 2648,1582 2726,1588 2804,1596"/>
                <TextEquiv>
                    <Unicode>Nachdem derselbig alßbald, nachdem</Unicode>
                </TextEquiv>
            </TextLine>
            <TextLine id="r1l5" custom="readingOrder {index:4;} PRON {offset:0; length:2;} ADV {offset:3; length:18;} vpar {offset:22; length:13;}">
                <Coords points="1247,1564 1435,1570 1549,1666 1806,1629 2152,1687 2235,1753 2405,1715 2476,1777 2863,1769 2875,1671 2821,1650 2757,1695 2679,1632 2305,1566 2213,1624 1934,1517 1795,1585 1383,1531 1261,1450"/>
                <Baseline points="1260,1536 1339,1549 1419,1562 1499,1575 1579,1587 1659,1598 1738,1609 1818,1618 1898,1629 1978,1638 2058,1648 2137,1657 2217,1667 2297,1676 2377,1685 2457,1694 2536,1704 2616,1715 2696,1724 2776,1736 2856,1748"/>
                <TextEquiv>
                    <Unicode>er vorangedeütermaßen usgeschmeitzt</Unicode>
                </TextEquiv>
            </TextLine>
            <TextLine id="r1l6" custom="readingOrder {index:5;} VINFZU {offset:0; length:6;} PRON {offset:8; length:6;} NN {offset:15; length:9;}">
                <Coords points="1247,1705 1478,1726 1571,1816 1785,1754 1991,1852 2108,1802 2235,1889 2435,1821 2550,1915 2632,1873 2781,1904 2797,1756 2486,1795 2298,1719 2225,1776 1961,1741 1805,1628 1640,1704 1474,1594 1256,1617"/>
                <Baseline points="1258,1692 1333,1700 1409,1709 1485,1718 1561,1728 1637,1736 1713,1747 1789,1755 1865,1764 1941,1773 2017,1782 2092,1791 2168,1799 2244,1806 2320,1816 2396,1823 2472,1829 2548,1836 2624,1842 2700,1848 2776,1854"/>
                <TextEquiv>
                    <Unicode>worden, seiner gewonheit nach, sich</Unicode>
                </TextEquiv>
            </TextLine>
            <TextLine id="r1l7" custom="readingOrder {index:6;} ADV {offset:0; length:8;} work {offset:13; length:6;} NN {offset:13; length:6;} VINFZU {offset:20; length:7;}">
                <Coords points="1240,1848 1382,1907 1711,1903 1780,1963 1867,1921 2162,1954 2240,2023 2366,1976 2510,2060 2641,2006 2791,2023 2799,1945 2695,1892 2580,1927 2438,1842 2238,1899 2126,1805 2010,1874 1913,1783 1604,1842 1449,1767 1249,1758"/>
                <Baseline points="1250,1850 1326,1857 1403,1865 1480,1872 1556,1882 1633,1889 1710,1897 1786,1906 1863,1914 1940,1923 2017,1931 2093,1938 2170,1947 2247,1954 2323,1960 2400,1968 2477,1975 2553,1981 2630,1987 2707,1992 2784,1998"/>
                <TextEquiv>
                    <Unicode>widerumb zum rouben begeben, und</Unicode>
                </TextEquiv>
            </TextLine>
            <TextLine id="r1l8" custom="readingOrder {index:7;} unclear {offset:0; length:7;} place {offset:11; length:22;} NE {offset:11; length:22;}">
                <Coords points="1189,2023 1538,2033 1741,2120 1918,2077 2206,2170 2426,2102 2504,2184 2772,2204 2781,2101 2641,2028 2264,2062 1915,1937 1799,1984 1594,1970 1490,1887 1342,1963 1199,1910"/>
                <Baseline points="1200,2000 1278,2006 1356,2012 1435,2018 1513,2023 1592,2029 1670,2035 1748,2042 1827,2048 1905,2056 1984,2062 2062,2069 2140,2076 2219,2083 2297,2092 2376,2098 2454,2107 2532,2115 2611,2123 2689,2132 2768,2140"/>
                <TextEquiv>
                    <Unicode>drunden by Löüfligen im Buchiberg</Unicode>
                </TextEquiv>
            </TextLine>
            <TextLine id="r1l9" custom="readingOrder {index:8;} unclear {offset:4; length:4;} NN {offset:4; length:4;} NN {offset:17; length:10;} vpar {offset:28; length:6; continued:true;}">
                <Coords points="1237,2161 1416,2217 1832,2203 1918,2288 2111,2230 2198,2299 2347,2241 2605,2323 2813,2282 2779,2229 2510,2187 2426,2102 2179,2202 1896,2175 1804,2091 1537,2137 1446,2045 1242,2106"/>
                <Baseline points="1248,2144 1325,2152 1403,2161 1481,2168 1559,2177 1637,2184 1714,2192 1792,2199 1870,2207 1948,2214 2026,2221 2103,2228 2181,2234 2259,2241 2337,2248 2415,2253 2492,2259 2570,2266 2648,2271 2726,2277 2804,2282"/>
                <TextEquiv>
                    <Unicode>ein zoum und ein wagenketti genom¬</Unicode>
                </TextEquiv>
            </TextLine>
            <TextLine id="r1l10" custom="readingOrder {index:9;} vpar {offset:0; length:6; continued:true;} ADV {offset:13; length:5;} VFINAUX {offset:19; length:6;}">
                <Coords points="1236,2314 1398,2309 1480,2399 1578,2344 1687,2414 1833,2360 2425,2401 2521,2488 2613,2424 2768,2427 2772,2379 2592,2309 2454,2367 2356,2298 2243,2325 2141,2233 1908,2315 1666,2200 1517,2289 1242,2246"/>
                <Baseline points="1248,2288 1323,2295 1399,2304 1474,2312 1550,2321 1626,2329 1701,2336 1777,2345 1852,2351 1928,2359 2004,2365 2079,2371 2155,2377 2230,2383 2306,2388 2382,2393 2457,2398 2533,2401 2608,2404 2684,2407 2760,2410"/>
                <TextEquiv>
                    <Unicode>nommen, auch darob erdabt, nacher</Unicode>
                </TextEquiv>
            </TextLine>
            <TextLine id="r1l11" custom="readingOrder {index:10;} place {offset:0; length:8;} NE {offset:0; length:8;} vpar {offset:9; length:7;} VFINAUX {offset:29; length:6; continued:true;}">
                <Coords points="1210,2448 1365,2548 1452,2502 1572,2564 2016,2536 2125,2590 2234,2533 2375,2626 2472,2550 2736,2577 2742,2511 2484,2450 2377,2496 2073,2397 1924,2440 1810,2378 1622,2453 1218,2346"/>
                <Baseline points="1220,2432 1295,2444 1370,2455 1446,2463 1521,2473 1597,2481 1672,2488 1747,2496 1823,2502 1898,2507 1974,2512 2049,2518 2124,2523 2200,2528 2275,2532 2351,2536 2426,2540 2501,2547 2577,2550 2652,2556 2728,2562"/>
                <TextEquiv>
                    <Unicode>Buechegg gefüert, daselbsten tortu¬</Unicode>
                </TextEquiv>
            </TextLine>
            <TextLine id="r1l12" custom="readingOrder {index:11;} VFINAUX {offset:0; length:5; continued:true;} NN {offset:28; length:5;}">
                <Coords points="1245,2602 1587,2655 1694,2718 1912,2658 2263,2699 2374,2761 2567,2679 2710,2689 2713,2650 2558,2575 2310,2650 2239,2569 2156,2632 1941,2551 1736,2598 1464,2523 1248,2548"/>
                <Baseline points="1256,2590 1328,2598 1400,2605 1472,2613 1544,2622 1617,2630 1689,2636 1761,2643 1833,2651 1905,2657 1978,2663 2050,2666 2122,2670 2194,2674 2266,2678 2339,2680 2411,2682 2483,2682 2555,2682 2627,2680 2700,2678"/>
                <TextEquiv>
                    <Unicode>riert, volgendts aber durch herrn</Unicode>
                </TextEquiv>
            </TextLine>
            <TextLine id="r1l13" custom="readingOrder {index:12;} person {offset:0; length:20;} NN {offset:0; length:4;} unclear {offset:8; length:12;} place {offset:8; length:12;} NE {offset:8; length:12;} ADJ {offset:21; length:9;}">
                <Coords points="1221,2788 1633,2873 1818,2796 2286,2898 2582,2814 2703,2856 2687,2736 2482,2719 2309,2794 2018,2714 1728,2746 1528,2660 1333,2720 1226,2685"/>
                <Baseline points="1232,2750 1305,2755 1378,2760 1451,2766 1524,2772 1598,2776 1671,2783 1744,2789 1817,2795 1890,2800 1964,2804 2037,2809 2110,2812 2183,2814 2256,2816 2330,2818 2403,2816 2476,2815 2549,2812 2622,2807 2696,2800"/>
                <TextEquiv>
                    <Unicode>vogt zu Frouwbrunnen rechtlich</Unicode>
                </TextEquiv>
            </TextLine>
            <TextLine id="r1l14" custom="readingOrder {index:13;} vpar {offset:7; length:7;} ADJ {offset:19; length:11;}">
                <Coords points="1235,2961 1297,2934 1527,3022 1899,2964 2001,3041 2152,2980 2301,3043 2435,2979 2532,3034 2624,2991 2738,3068 2814,3049 2821,2876 2716,2859 2564,2944 2273,2941 2095,2851 1956,2906 1822,2819 1698,2887 1587,2838 1511,2886 1238,2879"/>
                <Baseline points="1248,2914 1326,2916 1404,2918 1482,2923 1560,2927 1638,2932 1716,2939 1794,2944 1872,2950 1950,2956 2028,2960 2106,2965 2184,2970 2262,2972 2340,2974 2418,2974 2496,2974 2574,2972 2652,2966 2730,2962 2808,2952"/>
                <TextEquiv>
                    <Unicode>hinwäg gezogen und gwarsamlich</Unicode>
                </TextEquiv>
            </TextLine>
            <TextLine id="r1l15" custom="readingOrder {index:14;} vpar {offset:7; length:7;} VINFZU {offset:15; length:6;} VFINAUX {offset:23; length:3;} PRON {offset:27; length:2;}">
                <Coords points="1229,3086 1533,3112 1638,3180 1737,3108 1933,3176 2206,3133 2283,3194 2533,3122 2656,3202 2753,3130 2756,3023 2642,3002 2540,3040 2444,2986 2333,3084 2166,2995 2009,3061 1893,2959 1636,3041 1232,2995"/>
                <Baseline points="1240,3070 1315,3072 1390,3074 1465,3076 1540,3080 1616,3084 1691,3089 1766,3093 1841,3099 1916,3102 1992,3108 2067,3111 2142,3114 2217,3116 2292,3116 2368,3116 2443,3114 2518,3110 2593,3106 2668,3098 2744,3088"/>
                <TextEquiv>
                    <Unicode>alhero gefüert worden, ist er</Unicode>
                </TextEquiv>
            </TextLine>
            <TextLine id="r1l16" custom="readingOrder {index:15;} ADV {offset:0; length:7;} VFINAUX {offset:8; length:10;} PRON {offset:24; length:2;}">
                <Coords points="1186,3287 1287,3246 1505,3288 1574,3242 2216,3330 2695,3258 2726,3194 2184,3170 2076,3221 1994,3164 1643,3209 1463,3118 1369,3167 1188,3120"/>
                <Baseline points="1196,3236 1272,3234 1348,3236 1424,3238 1500,3240 1576,3242 1652,3245 1728,3248 1804,3252 1880,3254 1956,3256 2032,3260 2108,3262 2184,3262 2260,3262 2336,3262 2412,3259 2488,3256 2564,3252 2640,3246 2716,3236"/>
                <TextEquiv>
                    <Unicode>darüber examiniert, wyl er</Unicode>
                </TextEquiv>
            </TextLine>
            <TextLine id="r1l17" custom="readingOrder {index:16;} ADJ {offset:5; length:6;} vpar {offset:20; length:10;}">
                <Coords points="1232,3390 2008,3443 2075,3403 2224,3455 2307,3404 2782,3385 2782,3288 2552,3353 2411,3299 2302,3348 2046,3310 1958,3360 1839,3288 1732,3349 1617,3287 1232,3320"/>
                <Baseline points="1242,3384 1318,3386 1395,3388 1471,3390 1548,3392 1624,3394 1701,3395 1777,3396 1854,3398 1930,3400 2007,3400 2083,3402 2160,3400 2236,3400 2313,3398 2389,3396 2466,3394 2542,3390 2619,3384 2695,3378 2772,3370"/>
                <TextEquiv>
                    <Unicode>aber anders nit alß angedeütet,</Unicode>
                </TextEquiv>
            </TextLine>
            <TextLine id="r1l18" custom="readingOrder {index:17;} VINFZU {offset:0; length:8;} VINFZU {offset:9; length:6;} PRON {offset:25; length:2;}">
                <Coords points="1211,3554 1421,3539 1556,3602 1907,3555 1965,3603 2772,3534 2772,3473 2667,3488 2574,3415 2481,3456 2380,3401 2223,3456 2128,3422 2036,3492 1864,3434 1763,3493 1211,3396"/>
                <Baseline points="1222,3526 1299,3526 1376,3526 1453,3526 1530,3526 1607,3526 1684,3528 1761,3528 1838,3530 1915,3530 1992,3530 2069,3532 2146,3532 2223,3532 2300,3531 2377,3530 2454,3528 2531,3526 2608,3524 2685,3521 2762,3516"/>
                <TextEquiv>
                    <Unicode>bekennen wellen, alß ist er von</Unicode>
                </TextEquiv>
            </TextLine>
            <TextLine id="r1l19" custom="readingOrder {index:18;} PRON {offset:0; length:6;} ADJ {offset:7; length:8;} NN {offset:16; length:6;} VINFZU {offset:31; length:8;} PRON {offset:40; length:2;}">
                <Coords points="1222,3724 1339,3759 1435,3682 1871,3728 1929,3689 2071,3752 2252,3678 2337,3748 2687,3668 2687,3611 2288,3635 2184,3560 2104,3613 1912,3556 1697,3599 1610,3563 1520,3631 1364,3550 1221,3579"/>
                <Baseline points="1232,3674 1304,3674 1376,3672 1448,3672 1521,3672 1593,3672 1665,3674 1738,3674 1810,3675 1882,3676 1955,3676 2027,3676 2099,3676 2171,3676 2244,3674 2316,3672 2388,3669 2461,3665 2533,3660 2605,3654 2678,3646"/>
                <TextEquiv>
                    <Unicode>meinen gnedigen herren (wyl zu besorgen er in</Unicode>
                </TextEquiv>
            </TextLine>
            <TextLine id="r1l20" custom="readingOrder {index:19;} ADJ {offset:6; length:5;} NN {offset:12; length:9;}">
                <Coords points="1135,3855 1420,3904 1503,3848 1640,3911 1908,3817 2161,3865 2327,3806 2662,3818 2736,3786 2734,3721 2540,3766 2292,3710 2169,3786 1861,3723 1714,3784 1587,3712 1456,3801 1240,3721 1133,3805"/>
                <Baseline points="1144,3846 1223,3838 1302,3833 1381,3828 1460,3825 1539,3822 1618,3820 1697,3820 1776,3818 1855,3818 1935,3818 2014,3818 2093,3818 2172,3816 2251,3814 2330,3812 2409,3809 2488,3804 2567,3798 2646,3791 2726,3782"/>
                <TextEquiv>
                    <Unicode>disem bösen handwerck verners</Unicode>
                </TextEquiv>
            </TextLine>
            <TextLine id="r1l21" custom="readingOrder {index:20;} VINFZU {offset:0; length:10;} VFINAUX {offset:11; length:6;}">
                <Coords points="1210,4066 1343,4016 1439,4078 1496,4019 1646,4059 1728,3972 1901,4035 2107,3987 2219,4031 2346,3962 2500,4022 2563,3959 2623,3992 2750,3932 2747,3880 2543,3822 2401,3895 2326,3842 2180,3875 2100,3836 1825,3932 1644,3928 1501,3847 1266,3963 1204,3940"/>
                <Baseline points="1218,4002 1294,3995 1370,3989 1446,3984 1522,3980 1598,3976 1674,3974 1750,3973 1826,3972 1902,3970 1978,3969 2054,3967 2130,3965 2206,3962 2282,3959 2358,3954 2434,3948 2510,3941 2586,3932 2662,3920 2738,3908"/>
                <TextEquiv>
                    <Unicode>fortfahren möchte) uf zwey jahr¬</Unicode>
                </TextEquiv>
            </TextLine>
            <TextLine id="r1l22" custom="readingOrder {index:21;} NN {offset:9; length:13;} VFINAUX {offset:23; length:6;}">
                <Coords points="1213,4160 1344,4157 1434,4233 1670,4137 1781,4203 1918,4123 2717,4079 2766,4061 2760,3957 2636,4011 2562,3959 2468,4036 2300,4000 2103,4077 1715,3984 1645,4060 1501,4022 1413,4103 1277,4047 1208,4087"/>
                <Baseline points="1222,4158 1298,4151 1375,4145 1451,4140 1528,4135 1605,4132 1681,4128 1758,4126 1834,4122 1911,4120 1988,4117 2064,4114 2141,4110 2217,4106 2294,4101 2371,4093 2447,4086 2524,4077 2600,4066 2677,4052 2754,4038"/>
                <TextEquiv>
                    <Unicode>lang ins schallenwerck erkent.</Unicode>
                </TextEquiv>
            </TextLine>
            <TextLine id="r1l23" custom="readingOrder {index:22;} NN {offset:0; length:5;} latin {offset:0; length:5;} date {offset:10; length:15;}">
                <Coords points="1197,4341 1584,4291 1704,4368 1885,4262 2074,4317 2449,4244 2525,4296 2730,4182 2727,4122 2579,4177 2492,4120 2340,4200 2236,4117 2074,4208 1971,4144 1812,4228 1678,4147 1540,4233 1445,4242 1362,4173 1189,4206"/>
                <Baseline points="1206,4318 1281,4312 1357,4306 1433,4299 1509,4293 1585,4289 1660,4284 1736,4279 1812,4276 1888,4272 1964,4268 2039,4264 2115,4260 2191,4256 2267,4252 2343,4246 2418,4242 2494,4236 2570,4230 2646,4224 2722,4216"/>
                <TextEquiv>
                    <Unicode>Actum den 1. Augusti 1670.</Unicode>
                </TextEquiv>
            </TextLine>
            <TextEquiv>
                <Unicode>[9. 10.]&#13;
Christen Büelman&#13;
Hieuorgemelt&#13;
Nachdem derselbig alßbald, nachdem&#13;
er vorangedeütermaßen usgeschmeitzt&#13;
worden, seiner gewonheit nach, sich&#13;
widerumb zum rouben begeben, und&#13;
drunden by Löüfligen im Buchiberg&#13;
ein zoum und ein wagenketti genom¬&#13;
nommen, auch darob erdabt, nacher&#13;
Buechegg gefüert, daselbsten tortu¬&#13;
riert, volgendts aber durch herrn&#13;
vogt zu Frouwbrunnen rechtlich&#13;
hinwäg gezogen und gwarsamlich&#13;
alhero gefüert worden, ist er&#13;
darüber examiniert, wyl er&#13;
aber anders nit alß angedeütet,&#13;
bekennen wellen, alß ist er von&#13;
meinen gnedigen herren (wyl zu besorgen er in&#13;
disem bösen handwerck verners&#13;
fortfahren möchte) uf zwey jahr¬&#13;
lang ins schallenwerck erkent.&#13;
Actum den 1. Augusti 1670.</Unicode>
            </TextEquiv>
        </TextRegion>
        <TextRegion orientation="0.0" id="r2" custom="readingOrder {index:1;}">
            <Coords points="3224,2380 3224,2530 3284,2530 3284,2380"/>
            <TextEquiv>
                <Unicode></Unicode>
            </TextEquiv>
        </TextRegion>
        <TextRegion orientation="0.0" id="r3" custom="readingOrder {index:2;}">
            <Coords points="3355,2075 3355,6839 5013,6839 5013,2075"/>
            <TextLine id="r3l1" custom="readingOrder {index:0;} textStyle {offset:1; length:4;strikethrough:true;}">
                <Coords points="3975,989 4027,971 4041,985 4078,993 4124,971 4162,997 4228,957 4276,954 4276,918 4213,891 4192,891 4139,929 4069,888 3973,910"/>
                <Baseline points="3984,960 4009,958 4035,957 4060,956 4086,956 4112,954 4137,954 4163,954 4189,954 4214,954 4240,954 4266,952"/>
                <TextEquiv>
                    <Unicode>[10. 11.]</Unicode>
                </TextEquiv>
            </TextLine>
            <TextLine id="r3l2" custom="readingOrder {index:1;} vpar {offset:0; length:12;} NN {offset:13; length:11;}">
                <Coords points="3559,1287 3771,1314 3835,1269 4051,1270 4233,1341 4428,1270 4753,1265 4752,1209 4426,1213 4320,1125 4107,1223 3911,1194 3776,1100 3558,1197"/>
                <Baseline points="3570,1264 3628,1262 3687,1262 3745,1260 3804,1260 3863,1260 3921,1260 3980,1262 4038,1262 4097,1262 4156,1262 4214,1264 4273,1264 4331,1263 4390,1262 4449,1262 4507,1260 4566,1257 4624,1254 4683,1250 4742,1246"/>
                <TextEquiv>
                    <Unicode>Aufgenommene Information</Unicode>
                </TextEquiv>
            </TextLine>
            <TextLine id="r3l3" custom="readingOrder {index:2;} date {offset:4; length:16;}">
                <Coords points="3658,1414 3804,1376 3912,1416 4067,1380 4317,1392 4407,1454 4511,1391 4759,1395 4757,1312 4603,1294 4485,1333 4286,1300 4243,1343 3874,1270 3770,1315 3655,1296"/>
                <Baseline points="3668,1392 3722,1390 3776,1388 3830,1386 3884,1385 3938,1384 3992,1382 4046,1381 4100,1380 4154,1380 4208,1378 4262,1378 4316,1376 4370,1376 4424,1374 4478,1372 4532,1370 4586,1368 4640,1366 4694,1363 4748,1360"/>
                <TextEquiv>
                    <Unicode>Den 22. August: 1670.</Unicode>
                </TextEquiv>
            </TextLine>
            <TextLine id="r3l4" custom="readingOrder {index:3;} person {offset:15; length:18;} NE {offset:15; length:18;} unclear {offset:26; length:7;}">
                <Coords points="3411,1559 3672,1491 4832,1496 4896,1484 5053,1460 4896,1389 4688,1440 4513,1395 4404,1456 4356,1408 4237,1446 4134,1405 4035,1460 3835,1384 3410,1400"/>
                <Baseline points="3420,1488 3493,1484 3566,1482 3639,1480 3713,1480 3786,1478 3859,1478 3933,1478 4006,1480 4079,1480 4153,1480 4226,1482 4299,1482 4372,1482 4446,1482 4519,1482 4592,1480 4666,1478 4739,1476 4812,1471 4886,1468 5032,1474"/>
                <TextEquiv>
                    <Unicode>Über den durch Guillaum	e Nourris</Unicode>
                </TextEquiv>
            </TextLine>
            <TextLine id="r3l5" custom="readingOrder {index:4;} NN {offset:6; length:11;} ADJ {offset:22; length:8;}">
                <Coords points="3635,1595 3839,1619 3973,1586 4093,1643 4155,1590 4361,1605 4419,1572 4760,1632 4828,1591 4997,1563 4828,1504 4715,1489 4576,1543 4493,1511 4439,1556 4166,1524 4104,1559 3938,1493 3866,1563 3634,1544"/>
                <Baseline points="3644,1578 3702,1578 3761,1580 3820,1582 3878,1582 3937,1582 3996,1584 4054,1584 4113,1584 4172,1583 4231,1582 4289,1582 4348,1581 4407,1580 4465,1579 4524,1578 4583,1576 4641,1574 4700,1572 4759,1571 4818,1568 4973,1576"/>
                <TextEquiv>
                    <Unicode>einem steinhauwer von welschen</Unicode>
                </TextEquiv>
            </TextLine>
            <TextLine id="r3l6" custom="readingOrder {index:5;} NE {offset:0; length:10;} place {offset:0; length:9;} place {offset:15; length:20;} NE {offset:15; length:20;}">
                <Coords points="3601,1687 3853,1682 3955,1748 4276,1689 4421,1763 4571,1690 4729,1756 4806,1693 4897,1692 5005,1673 4898,1585 4761,1634 4273,1598 4115,1657 3997,1599 3787,1647 3602,1599"/>
                <Baseline points="3610,1668 3673,1670 3737,1672 3801,1674 3865,1677 3929,1680 3993,1682 4057,1682 4121,1684 4185,1686 4249,1686 4312,1688 4376,1688 4440,1688 4504,1688 4568,1688 4632,1686 4696,1686 4760,1684 4824,1681 4888,1678 4989,1679"/>
                <TextEquiv>
                    <Unicode>Newenburg, der grafschafft Valendis</Unicode>
                </TextEquiv>
            </TextLine>
            <TextLine id="r3l7" custom="readingOrder {index:6;} person {offset:3; length:12;} NE {offset:3; length:12;} unclear {offset:9; length:6;} NN {offset:22; length:10; continued:true;}">
                <Coords points="3604,1794 3818,1789 3892,1831 4090,1789 4185,1856 4290,1784 4503,1853 4877,1789 5002,1782 4895,1691 4794,1751 4605,1714 4401,1768 4252,1695 4207,1739 4137,1693 3945,1751 3853,1682 3715,1756 3604,1746"/>
                <Baseline points="3614,1776 3677,1776 3741,1777 3804,1778 3868,1780 3931,1782 3995,1782 4058,1784 4122,1784 4185,1786 4249,1786 4312,1788 4376,1788 4439,1788 4503,1786 4566,1786 4630,1784 4693,1782 4757,1780 4820,1776 4884,1772 4985,1780"/>
                <TextEquiv>
                    <Unicode>an Geörg Bürsis einem schneider¬</Unicode>
                </TextEquiv>
            </TextLine>
            <TextLine id="r3l8" custom="readingOrder {index:7;} NN {offset:0; length:6; continued:true;} unclear {offset:11; length:13;} place {offset:11; length:13;} NE {offset:11; length:13;} place {offset:28; length:6;} NE {offset:28; length:6;}">
                <Coords points="3591,1894 3714,1943 3823,1880 4095,1931 4202,1881 4781,1897 5015,1862 4781,1803 4662,1853 4583,1817 4464,1855 4311,1788 4182,1854 4057,1792 3981,1852 3847,1794 3775,1830 3591,1787"/>
                <Baseline points="3602,1870 3660,1872 3718,1873 3777,1874 3835,1876 3894,1877 3952,1878 4010,1878 4069,1878 4127,1878 4186,1878 4244,1878 4302,1878 4361,1876 4419,1876 4478,1876 4536,1876 4594,1875 4653,1874 4711,1874 4770,1874 5009,1876"/>
                <TextEquiv>
                    <Unicode>knecht von Schlackenwald uß Böhmen</Unicode>
                </TextEquiv>
            </TextLine>
            <TextLine id="r3l10" custom="readingOrder {index:8;} DIWO {offset:0; length:6;} vpar {offset:8; length:10;} NN {offset:19; length:11;} work {offset:19; length:10;}">
                <Coords points="3597,2003 3642,1982 3728,2041 3930,2011 3990,2050 4061,2015 4220,2031 4293,1988 4345,2022 4455,1975 4842,1994 4902,1923 4791,1946 4768,1908 4701,1908 4479,1904 4455,1941 4409,1928 4143,1921 4094,1947 4004,1913 3881,1920 3825,1881 3729,1942 3598,1929"/>
                <Baseline points="3608,1960 3649,1962 3691,1966 3733,1968 3775,1970 3817,1971 3858,1972 3900,1972 3942,1972 3984,1972 4026,1972 4067,1972 4109,1972 4151,1972 4193,1972 4235,1972 4276,1972 4318,1974 4360,1974 4402,1976 4444,1978 4912,1978"/>
                <TextEquiv>
                    <Unicode>pürtig, begangenen todtschlag.</Unicode>
                </TextEquiv>
            </TextLine>
            <TextLine id="r3l11" custom="readingOrder {index:9;} date {offset:12; length:11;}">
                <Coords points="3338,2206 4014,2209 4181,2265 4334,2209 4413,2276 4911,2208 5011,2180 4911,2145 4712,2118 4574,2166 4440,2074 4228,2095 4137,2161 3339,2117"/>
                <Baseline points="3348,2182 3425,2184 3503,2187 3580,2190 3658,2192 3736,2194 3813,2194 3891,2196 3968,2196 4046,2198 4124,2198 4201,2198 4279,2198 4356,2198 4434,2196 4512,2196 4589,2196 4667,2195 4744,2194 4822,2192 4900,2190 5000,2192"/>
                <TextEquiv>
                    <Unicode>Nachdem den 21. Augusti jüngstsin an</Unicode>
                </TextEquiv>
            </TextLine>
            <TextLine id="r3l12" custom="readingOrder {index:10;} NN {offset:6; length:6;} ADV {offset:13; length:6;} NN {offset:29; length:3;}">
                <Coords points="3416,2315 3761,2303 3892,2356 4172,2311 4358,2362 4848,2318 5002,2304 4848,2199 4699,2275 3417,2245"/>
                <Baseline points="3426,2296 3496,2298 3567,2299 3637,2300 3708,2302 3779,2302 3849,2304 3920,2304 3990,2306 4061,2306 4132,2306 4202,2308 4273,2308 4343,2308 4414,2308 4485,2307 4555,2306 4626,2305 4696,2304 4767,2303 4838,2302 4984,2306"/>
                <TextEquiv>
                    <Unicode>einem sontag abends zwischen tag und </Unicode>
                </TextEquiv>
            </TextLine>
            <TextLine id="r3l13" custom="readingOrder {index:11;} NN {offset:0; length:6;} person {offset:7; length:12;} NE {offset:7; length:12;} unclear {offset:13; length:6;} NN {offset:24; length:15;}">
                <Coords points="3412,2434 3553,2453 3668,2402 3791,2467 3983,2416 4091,2467 4388,2423 4440,2468 4501,2418 4850,2428 4905,2352 4820,2317 4572,2386 4387,2334 4257,2392 4183,2329 3925,2381 3738,2317 3413,2337"/>
                <Baseline points="3422,2394 3495,2398 3569,2403 3642,2406 3716,2409 3790,2410 3863,2412 3937,2414 4010,2414 4084,2414 4158,2414 4231,2414 4305,2414 4378,2414 4452,2414 4526,2412 4599,2412 4673,2412 4746,2412 4820,2411 4894,2412 4987,2408"/>
                <TextEquiv>
                    <Unicode>nacht, Geörg Bürsch ein schneiderknecht</Unicode>
                </TextEquiv>
            </TextLine>
            <TextLine id="r3l14" custom="readingOrder {index:12;} place {offset:3; length:6;} unclear {offset:13; length:8;} person {offset:22; length:11;} NE {offset:22; length:11;} unclear {offset:29; length:4;}">
                <Coords points="3411,2536 3760,2555 3826,2513 3899,2569 4004,2517 4113,2555 4185,2492 4429,2568 4568,2506 4764,2525 4907,2465 4899,2501 4504,2417 4385,2482 4189,2426 3800,2475 3411,2433"/>
                <Baseline points="3422,2502 3495,2504 3568,2506 3641,2508 3715,2508 3788,2510 3861,2510 3935,2510 4008,2512 4081,2510 4155,2510 4228,2510 4301,2510 4374,2508 4448,2508 4521,2508 4594,2506 4668,2506 4741,2504 4814,2504 4888,2502 4973,2501"/>
                <TextEquiv>
                    <Unicode>us Böhmen by Monsieur Mathys Dell in</Unicode>
                </TextEquiv>
            </TextLine>
            <TextLine id="r3l15" custom="readingOrder {index:13;} NN {offset:0; length:8;} ADJ {offset:9; length:10;} ADJ {offset:20; length:9;} VINFZU {offset:30; length:6;}">
                <Coords points="3413,2622 3527,2674 3629,2612 3688,2664 3891,2604 4085,2679 4165,2601 4899,2609 5002,2592 4898,2502 4812,2496 4706,2572 4538,2513 4423,2575 4241,2520 3899,2569 3818,2514 3718,2585 3584,2516 3413,2556"/>
                <Baseline points="3424,2610 3497,2608 3570,2608 3643,2608 3717,2608 3790,2606 3863,2606 3937,2606 4010,2606 4083,2606 4157,2604 4230,2604 4303,2604 4376,2602 4450,2602 4523,2600 4596,2600 4670,2598 4743,2598 4816,2596 4890,2594 5000,2602"/>
                <TextEquiv>
                    <Unicode>diensten tödtlichen verwundet worden,</Unicode>
                </TextEquiv>
            </TextLine>
            <TextLine id="r3l16" custom="readingOrder {index:14;} VFINAUX {offset:0; length:6;} unclear {offset:11; length:6;} PRON {offset:18; length:5;} NN {offset:24; length:6;} NN {offset:31; length:5;}">
                <Coords points="3390,2742 3669,2779 3859,2714 4073,2716 4156,2769 4288,2707 4394,2748 4611,2703 4693,2762 4788,2699 4888,2721 5013,2687 4886,2651 4396,2663 4310,2602 4143,2682 3924,2630 3848,2682 3688,2663 3631,2612 3565,2666 3388,2661"/>
                <Baseline points="3400,2714 3473,2716 3547,2716 3621,2716 3695,2716 3769,2714 3842,2714 3916,2712 3990,2710 4064,2708 4138,2707 4211,2704 4285,2702 4359,2700 4433,2698 4507,2697 4580,2694 4654,2694 4728,2692 4802,2692 4876,2692 5003,2693"/>
                <TextEquiv>
                    <Unicode>habend ihr dnaden beide diener herrn</Unicode>
                </TextEquiv>
            </TextLine>
            <TextLine id="r3l17" custom="readingOrder {index:15;} person {offset:0; length:21;} NE {offset:0; length:21;} NN {offset:22; length:10;}">
                <Coords points="3391,2871 3702,2817 3907,2868 4027,2811 4151,2892 4333,2806 4845,2812 5011,2779 5017,2725 4844,2734 4420,2729 4302,2780 3845,2712 3651,2796 3388,2757"/>
                <Baseline points="3400,2812 3471,2814 3543,2816 3615,2816 3686,2818 3758,2818 3830,2817 3901,2816 3973,2816 4045,2814 4117,2812 4188,2811 4260,2808 4332,2808 4403,2805 4475,2802 4547,2799 4618,2798 4690,2795 4762,2792 4834,2790 5017,2790"/>
                <TextEquiv>
                    <Unicode>Johann Rodolf Steiger großweibel und </Unicode>
                </TextEquiv>
            </TextLine>
            <TextLine id="r3l18" custom="readingOrder {index:16;} NN {offset:0; length:15;} unclear {offset:16; length:8;} date {offset:25; length:15;} unclear {offset:33; length:2;}">
                <Coords points="3417,2938 3570,2979 3756,2928 4547,2939 4848,2879 4995,2920 5006,2893 5002,2841 4846,2813 4410,2880 4260,2837 4138,2893 3990,2842 3415,2854"/>
                <Baseline points="3426,2920 3496,2922 3567,2922 3637,2922 3708,2922 3779,2922 3849,2921 3920,2920 3990,2920 4061,2918 4132,2916 4202,2914 4273,2912 4343,2910 4414,2908 4485,2904 4555,2902 4626,2899 4696,2895 4767,2890 4838,2886 5023,2882"/>
                <TextEquiv>
                    <Unicode>grichtschreiber morndres den 22. do früh,</Unicode>
                </TextEquiv>
            </TextLine>
            <TextLine id="r3l19" custom="readingOrder {index:17;} NN {offset:0; length:6;} PRON {offset:7; length:5;} NN {offset:13; length:8;} NN {offset:22; length:6;} PRON {offset:33; length:4;}">
                <Coords points="3386,3036 3705,3075 3765,3026 3981,3069 4259,3031 4310,3074 4549,2996 4778,3052 4904,3015 4903,2960 4063,2918 3963,2979 3711,2944 3548,2990 3484,2935 3384,2945"/>
                <Baseline points="3396,3016 3470,3018 3545,3020 3620,3021 3695,3022 3770,3022 3845,3021 3920,3020 3995,3018 4070,3018 4145,3014 4219,3012 4294,3010 4369,3008 4444,3005 4519,3002 4594,3000 4669,2997 4744,2994 4819,2992 4894,2990"/>
                <TextEquiv>
                    <Unicode>krafft ihrer pflicht, theils von ihme</Unicode>
                </TextEquiv>
            </TextLine>
            <TextLine id="r3l20" custom="readingOrder {index:18;} unclear {offset:0; length:8;} person {offset:0; length:8;} NE {offset:0; length:8;} NN {offset:16; length:6;}">
                <Coords points="3419,3133 3531,3188 3810,3124 4031,3180 4229,3105 4357,3151 4455,3109 4557,3172 4615,3128 4908,3153 5060,3069 4906,3054 4725,3070 4600,3001 4309,3074 3417,3035"/>
                <Baseline points="3428,3116 3501,3119 3574,3122 3648,3124 3721,3124 3795,3124 3868,3124 3941,3122 4015,3120 4088,3118 4162,3115 4235,3113 4308,3110 4382,3108 4455,3106 4529,3103 4602,3102 4675,3100 4749,3100 4822,3100 4896,3102 5021,3099"/>
                <TextEquiv>
                    <Unicode>Bürschen selbs, theils von anderen hernach</Unicode>
                </TextEquiv>
            </TextLine>
            <TextLine id="r3l21" custom="readingOrder {index:19;} unclear {offset:0; length:11;} NN {offset:12; length:8;} NN {offset:31; length:7;}">
                <Coords points="3402,3222 3717,3269 3993,3234 4064,3282 4136,3217 4211,3269 4330,3215 4392,3259 4620,3206 4703,3242 5038,3211 5011,3135 4775,3175 4637,3136 4537,3181 4470,3121 4347,3167 4127,3140 4033,3192 3807,3135 3533,3188 3401,3125"/>
                <Baseline points="3412,3210 3479,3212 3547,3216 3614,3218 3682,3218 3750,3218 3817,3218 3885,3218 3952,3218 4020,3218 4088,3216 4155,3216 4223,3214 4290,3212 4358,3210 4425,3209 4493,3208 4561,3206 4628,3206 4696,3204 4764,3204 5007,3198"/>
                <TextEquiv>
                    <Unicode>vernamseten personen volgenden bericht</Unicode>
                </TextEquiv>
            </TextLine>
            <TextLine id="r3l22" custom="readingOrder {index:20;} vpar {offset:0; length:9;}">
                <Coords points="3404,3368 3564,3369 3604,3384 3689,3341 3826,3338 3828,3253 3770,3242 3719,3269 3602,3269 3577,3289 3478,3287 3426,3260 3406,3265"/>
                <Baseline points="3416,3312 3441,3313 3466,3314 3491,3314 3516,3316 3541,3316 3566,3316 3591,3317 3616,3318 3641,3318 3666,3318 3691,3318 3716,3318 3741,3318 3766,3320 3791,3320 3816,3322"/>
                <TextEquiv>
                    <Unicode>eingeholt.</Unicode>
                </TextEquiv>
            </TextLine>
            <TextLine id="r3l23" custom="readingOrder {index:21;} ADJ {offset:4; length:8;} VFINAUX {offset:18; length:3;} vpar {offset:22; length:9;} person {offset:32; length:5; continued:true;} NE {offset:32; length:5; continued:true;}">
                <Coords points="3425,3491 3880,3555 3967,3501 4166,3555 4332,3496 4440,3574 5052,3506 5011,3403 4866,3409 4780,3510 4740,3415 4554,3432 4470,3380 4125,3396 4014,3445 3426,3362"/>
                <Baseline points="3434,3488 3500,3488 3567,3488 3634,3488 3701,3490 3768,3490 3834,3490 3901,3490 3968,3490 4035,3492 4102,3492 4168,3492 4235,3492 4302,3494 4369,3494 4436,3494 4502,3496 4569,3496 4636,3498 4703,3498 4770,3500 5012,3497"/>
                <TextEquiv>
                    <Unicode>Und erstlich zwar hat gedachter Geörg</Unicode>
                </TextEquiv>
            </TextLine>
            <TextLine id="r3l24" custom="readingOrder {index:22;} unclear {offset:0; length:6;} person {offset:0; length:6; continued:true;} NE {offset:0; length:6; continued:true;} ADJ {offset:25; length:8;} organization {offset:34; length:12; continued:true;} NN {offset:34; length:12;}">
                <Coords points="3385,3642 3675,3670 3786,3617 3836,3660 4175,3593 4294,3667 4453,3592 4824,3632 5057,3594 5041,3541 4804,3509 4433,3566 4008,3500 3758,3561 3385,3473"/>
                <Baseline points="3394,3586 3465,3590 3536,3593 3607,3595 3678,3596 3749,3598 3820,3598 3891,3598 3962,3598 4033,3596 4104,3596 4175,3594 4246,3594 4317,3592 4388,3592 4459,3590 4530,3590 4601,3592 4672,3592 4743,3594 4814,3596 5027,3600"/>
                <TextEquiv>
                    <Unicode>Dürsch (so sich uf einer ehrenden gesellschaft</Unicode>
                </TextEquiv>
            </TextLine>
            <TextLine id="r3l25" custom="readingOrder {index:23;} organization {offset:0; length:9; continued:true;} unclear {offset:4; length:5;} NN {offset:4; length:5;} VFINAUX {offset:10; length:9;} PRON {offset:29; length:2;} unclear {offset:32; length:4; continued:true;}">
                <Coords points="3403,3748 3470,3703 3798,3702 4045,3767 4302,3681 4966,3697 4891,3643 4294,3667 4181,3593 4002,3672 3403,3629"/>
                <Baseline points="3414,3692 3491,3694 3568,3696 3645,3696 3722,3696 3799,3696 3876,3696 3953,3696 4030,3696 4107,3695 4185,3694 4262,3694 4339,3692 4416,3692 4493,3691 4570,3690 4647,3690 4724,3690 4801,3688 4878,3688 4956,3690"/>
                <TextEquiv>
                    <Unicode>zum affen einbefand, wie wol er keü¬</Unicode>
                </TextEquiv>
            </TextLine>
            <TextLine id="r3l26" custom="readingOrder {index:24;} unclear {offset:0; length:7; continued:true;} VINFZU {offset:8; length:5;} VINFZU {offset:14; length:6;} vpar {offset:22; length:6;} NN {offset:38; length:4;}">
                <Coords points="3412,3803 3936,3860 4093,3798 4244,3869 4690,3794 4942,3857 5010,3791 4928,3716 4622,3745 4426,3698 3908,3767 3775,3698 3660,3752 3412,3749"/>
                <Baseline points="3422,3790 3497,3790 3573,3790 3648,3790 3724,3790 3799,3790 3875,3790 3950,3792 4026,3792 4101,3792 4177,3792 4252,3792 4328,3794 4403,3794 4479,3794 4554,3794 4630,3794 4705,3794 4781,3794 4856,3794 4932,3794 5004,3801"/>
                <TextEquiv>
                    <Unicode>merlich reden können) gesagt, daß die sach</Unicode>
                </TextEquiv>
            </TextLine>
            <TextLine id="r3l27" custom="readingOrder {index:25;} vpar {offset:5; length:9;} PRON {offset:20; length:2;} PRON {offset:23; length:4;}">
                <Coords points="3400,3930 3656,3968 3771,3897 3876,3964 4027,3893 4079,3943 4267,3905 4380,3967 4658,3895 4817,3927 4817,3868 4676,3800 4537,3873 4424,3838 4259,3877 4117,3802 3888,3869 3400,3859"/>
                <Baseline points="3410,3902 3479,3902 3549,3900 3619,3900 3689,3900 3759,3900 3829,3900 3899,3900 3969,3900 4039,3900 4109,3900 4178,3900 4248,3900 4318,3900 4388,3900 4458,3900 4528,3900 4598,3900 4668,3900 4738,3900 4808,3900"/>
                <TextEquiv>
                    <Unicode>also hergangen: Als er sich uf dem</Unicode>
                </TextEquiv>
            </TextLine>
            <TextLine id="r3l28" custom="readingOrder {index:26;} ADJ {offset:0; length:6;} NN {offset:7; length:8;} VFINAUX {offset:16; length:9;} ADV {offset:31; length:4;}">
                <Coords points="3390,4070 3553,4011 3618,4053 3777,4027 3840,4081 3924,4016 4189,4062 4285,4017 4818,4045 4959,4005 4958,3958 4698,3893 4456,3966 4263,3902 3864,3970 3390,3959"/>
                <Baseline points="3400,4004 3477,4006 3554,4006 3632,4008 3709,4008 3787,4008 3864,4008 3941,4008 4019,4008 4096,4008 4174,4008 4251,4008 4328,4008 4406,4006 4483,4006 4561,4006 4638,4004 4715,4004 4793,4002 4870,4002 4948,4000 5008,4010"/>
                <TextEquiv>
                    <Unicode>großen kirchhof einbefund, und alda zwey</Unicode>
                </TextEquiv>
            </TextLine>
            <TextLine id="r3l29" custom="readingOrder {index:27;} NN {offset:0; length:7;} vpar {offset:8; length:7;} VFINAUX {offset:17; length:6;} NN {offset:29; length:8;}">
                <Coords points="3390,4118 3776,4178 4179,4114 4413,4165 4778,4119 4951,4158 4951,4076 4757,4040 4525,4072 4287,4017 4170,4068 3916,4018 3781,4084 3561,4014 3390,4072"/>
                <Baseline points="3400,4104 3477,4108 3554,4110 3631,4112 3708,4114 3785,4115 3862,4116 3939,4116 4016,4114 4093,4114 4170,4112 4247,4112 4324,4110 4401,4108 4478,4108 4555,4106 4632,4106 4709,4105 4786,4104 4863,4106 4940,4106"/>
                <TextEquiv>
                    <Unicode>meydlin geführt, seyend zwey gesellen,</Unicode>
                </TextEquiv>
            </TextLine>
            <TextLine id="r3l30" custom="readingOrder {index:28;} PRON {offset:3; length:4;} ADV {offset:8; length:5;} ADJ {offset:14; length:10;} VINFZU {offset:26; length:12;}">
                <Coords points="3384,4255 3570,4239 3653,4299 3944,4222 4217,4264 4368,4212 4439,4256 4602,4206 5005,4225 5017,4175 4476,4125 4412,4170 4181,4113 3777,4179 3383,4134"/>
                <Baseline points="3394,4208 3474,4211 3555,4214 3635,4216 3716,4216 3797,4216 3877,4215 3958,4214 4038,4212 4119,4212 4200,4210 4280,4208 4361,4206 4441,4204 4522,4204 4603,4202 4683,4202 4764,4204 4844,4204 4925,4206 5006,4210"/>
                <TextEquiv>
                    <Unicode>so ihme sonst ohnbekandt, hinzu kommen, under</Unicode>
                </TextEquiv>
            </TextLine>
            <TextLine id="r3l31" custom="readingOrder {index:29;} PRON {offset:12; length:5;} PRON {offset:18; length:4;} ADJ {offset:27; length:10;}">
                <Coords points="3395,4321 3526,4313 3622,4373 3971,4321 4132,4388 4237,4334 4522,4326 4582,4374 4953,4334 4953,4282 4784,4213 4556,4286 4344,4237 4231,4295 3945,4220 3683,4295 3574,4246 3395,4266"/>
                <Baseline points="3404,4310 3481,4314 3558,4316 3635,4319 3712,4320 3789,4322 3866,4322 3943,4322 4020,4322 4097,4322 4174,4322 4251,4322 4328,4322 4405,4320 4482,4320 4559,4320 4636,4318 4713,4318 4790,4318 4867,4318 4944,4320"/>
                <TextEquiv>
                    <Unicode>welchen der einte ihme die angedeüten</Unicode>
                </TextEquiv>
            </TextLine>
            <TextLine id="r3l32" custom="readingOrder {index:30;} NN {offset:0; length:8;} VINFZU {offset:9; length:8;} VINFZU {offset:18; length:6;} PRON {offset:30; length:2;}">
                <Coords points="3373,4429 4313,4423 4413,4480 4496,4426 4950,4435 4979,4367 4428,4389 4289,4340 4067,4395 3886,4340 3666,4393 3529,4313 3374,4316"/>
                <Baseline points="3384,4410 3463,4412 3542,4413 3621,4414 3700,4416 3780,4418 3859,4418 3938,4418 4017,4420 4096,4420 4176,4420 4255,4420 4334,4420 4413,4420 4492,4420 4572,4420 4651,4422 4730,4422 4809,4422 4888,4422 4968,4422"/>
                <TextEquiv>
                    <Unicode>meidtlin abnemmen wollen, als er aber</Unicode>
                </TextEquiv>
            </TextLine>
            <TextLine id="r3l33" custom="readingOrder {index:31;} vpar {offset:22; length:9;} PRON {offset:33; length:5;}">
                <Coords points="3380,4550 3676,4527 3856,4580 3924,4521 4168,4579 4434,4523 4561,4586 4652,4530 4872,4535 4808,4474 4499,4441 4384,4479 4298,4426 3943,4429 3820,4487 3737,4434 3679,4474 3380,4451"/>
                <Baseline points="3390,4516 3463,4516 3537,4518 3610,4518 3684,4518 3758,4518 3831,4518 3905,4518 3978,4518 4052,4518 4126,4518 4199,4518 4273,4518 4346,4518 4420,4518 4494,4520 4567,4520 4641,4520 4714,4522 4788,4524 4862,4526"/>
                <TextEquiv>
                    <Unicode>solches nit also bald gestattet, ihnen ein</Unicode>
                </TextEquiv>
            </TextLine>
            <TextLine id="r3l34" custom="readingOrder {index:32;} NN {offset:0; length:5;} unclear {offset:1; length:4;} PRON {offset:15; length:2;}">
                <Coords points="3374,4691 3455,4640 3793,4622 4052,4688 4703,4630 4783,4685 4834,4679 4834,4535 4600,4602 4372,4524 4120,4599 3965,4533 3797,4606 3442,4513 3374,4558"/>
                <Baseline points="3384,4618 3456,4622 3528,4626 3600,4628 3672,4628 3744,4628 3816,4628 3888,4628 3960,4628 4032,4628 4104,4626 4176,4626 4248,4624 4320,4624 4392,4622 4464,4622 4536,4622 4608,4624 4680,4624 4752,4626 4824,4628"/>
                <TextEquiv>
                    <Unicode>hunds etc: und er hinwiderumb auch</Unicode>
                </TextEquiv>
            </TextLine>
            <TextLine id="r3l35" custom="readingOrder {index:33;} vpar {offset:5; length:10;} PRON {offset:29; length:5;}">
                <Coords points="3381,4750 3631,4795 4028,4732 4893,4759 4893,4707 4716,4708 4583,4633 4496,4693 4325,4638 4185,4700 3988,4657 3901,4704 3807,4651 3629,4697 3557,4642 3381,4688"/>
                <Baseline points="3390,4726 3464,4728 3539,4730 3613,4732 3688,4732 3763,4732 3837,4732 3912,4732 3986,4732 4061,4730 4136,4730 4210,4728 4285,4728 4359,4728 4434,4728 4509,4728 4583,4730 4658,4732 4732,4736 4807,4740 4882,4744"/>
                <TextEquiv>
                    <Unicode>also gescholten, darauff der ander den</Unicode>
                </TextEquiv>
            </TextLine>
            <TextLine id="r3l36" custom="readingOrder {index:34;} NN {offset:0; length:5;} PRON {offset:21; length:2;} PRON {offset:28; length:6;} vpar {offset:35; length:9;}">
                <Coords points="3361,4878 4089,4879 4259,4831 4418,4891 4557,4833 4987,4888 4987,4805 4790,4754 3362,4776"/>
                <Baseline points="3372,4832 3452,4832 3532,4831 3612,4830 3692,4830 3773,4828 3853,4828 3933,4826 4013,4826 4093,4824 4174,4824 4254,4824 4334,4824 4414,4826 4494,4826 4575,4830 4655,4832 4735,4835 4815,4839 4895,4844 4976,4850"/>
                <TextEquiv>
                    <Unicode>degen - hernach auch er den seinen ußgezogen,</Unicode>
                </TextEquiv>
            </TextLine>
            <TextLine id="r3l37" custom="readingOrder {index:35;} VFINAUX {offset:0; length:4;} PRON {offset:5; length:4;}">
                <Coords points="3367,5014 3750,4923 3859,4975 4055,4931 4960,4962 4984,4887 4736,4847 4593,4904 4246,4842 3865,4909 3565,4857 3367,4893"/>
                <Baseline points="3378,4940 3457,4938 3537,4936 3617,4934 3697,4932 3777,4930 3856,4930 3936,4928 4016,4928 4096,4926 4176,4926 4255,4926 4335,4926 4415,4928 4495,4928 4575,4930 4654,4931 4734,4932 4814,4934 4894,4936 4974,4940"/>
                <TextEquiv>
                    <Unicode>habe ihne auch umb etwas darmit zuruck</Unicode>
                </TextEquiv>
            </TextLine>
            <TextLine id="r3l38" custom="readingOrder {index:36;} vpar {offset:0; length:9;} PRON {offset:21; length:5;} PRON {offset:27; length:4;} ADV {offset:37; length:4; continued:true;}">
                <Coords points="3373,5087 3941,5042 4000,5080 4105,5032 4531,5092 4972,5056 4872,4960 4528,4997 4370,4928 4250,4987 3951,4941 3373,5016"/>
                <Baseline points="3384,5050 3462,5048 3541,5044 3620,5042 3699,5038 3778,5036 3857,5034 3936,5032 4015,5030 4094,5029 4173,5028 4251,5028 4330,5026 4409,5026 4488,5028 4567,5028 4646,5030 4725,5032 4804,5034 4883,5038 4962,5042"/>
                <TextEquiv>
                    <Unicode>getreiben, maßen der ander sich auch dar¬</Unicode>
                </TextEquiv>
            </TextLine>
            <TextLine id="r3l39" custom="readingOrder {index:37;} ADV {offset:0; length:8; continued:true;} vpar {offset:9; length:6;} PRON {offset:21; length:6;} NN {offset:28; length:8;} vpar {offset:37; length:5; continued:true;}">
                <Coords points="3363,5181 3718,5207 3960,5131 4131,5201 4355,5136 4432,5190 4734,5149 4986,5209 4986,5100 4776,5125 4633,5058 4484,5103 4403,5039 3363,5103"/>
                <Baseline points="3374,5162 3454,5160 3534,5158 3614,5156 3694,5154 3774,5150 3854,5148 3934,5145 4014,5142 4094,5140 4175,5138 4255,5136 4335,5136 4415,5136 4495,5138 4575,5140 4655,5143 4735,5149 4815,5156 4895,5164 4976,5174"/>
                <TextEquiv>
                    <Unicode>zwischen gelegt, und seines gespanen ange¬</Unicode>
                </TextEquiv>
            </TextLine>
            <TextLine id="r3l40" custom="readingOrder {index:38;} vpar {offset:0; length:6; continued:true;} PRON {offset:23; length:2;}">
                <Coords points="3384,5251 3626,5303 3743,5259 4087,5289 4136,5242 4263,5309 4432,5246 4950,5290 4950,5230 4747,5159 4664,5218 4354,5151 4194,5202 4089,5170 3920,5220 3783,5158 3692,5218 3384,5218"/>
                <Baseline points="3394,5250 3471,5252 3548,5252 3625,5250 3703,5250 3780,5248 3857,5248 3935,5246 4012,5245 4089,5244 4167,5242 4244,5242 4321,5242 4398,5242 4476,5242 4553,5243 4630,5245 4708,5248 4785,5251 4862,5256 4940,5262"/>
                <TextEquiv>
                    <Unicode>nommen, under des, als sy mit ein andern</Unicode>
                </TextEquiv>
            </TextLine>
            <TextLine id="r3l41" custom="readingOrder {index:39;} vpar {offset:0; length:8;} VFINAUX {offset:10; length:4;} PRON {offset:19; length:5;} ADV {offset:25; length:8;} VINFZU {offset:34; length:4; continued:true;}">
                <Coords points="3382,5411 3594,5361 3783,5429 3956,5355 4279,5397 4702,5363 4801,5427 4866,5369 4995,5385 4934,5292 4690,5328 4533,5248 4289,5314 3743,5260 3630,5323 3382,5321"/>
                <Baseline points="3392,5358 3471,5358 3551,5358 3630,5358 3710,5356 3790,5356 3869,5356 3949,5354 4028,5353 4108,5352 4188,5352 4267,5350 4347,5350 4426,5350 4506,5352 4586,5352 4665,5354 4745,5356 4824,5358 4904,5362 4984,5366"/>
                <TextEquiv>
                    <Unicode>gewerbet, seye der erste widerumb hin-</Unicode>
                </TextEquiv>
            </TextLine>
            <TextLine id="r3l42" custom="readingOrder {index:40;} VINFZU {offset:0; length:9; continued:true;} VFINAUX {offset:15; length:4;} unclear {offset:25; length:6;} person {offset:25; length:6;} NE {offset:25; length:6;} NN {offset:36; length:5;}">
                <Coords points="3394,5452 3666,5501 3836,5445 4206,5504 4408,5434 4567,5507 4737,5459 4916,5518 5011,5484 5011,5376 4925,5371 4803,5427 4525,5362 4426,5420 3963,5362 3785,5426 3610,5365 3394,5401"/>
                <Baseline points="3404,5448 3483,5448 3563,5447 3643,5446 3723,5446 3803,5446 3882,5446 3962,5445 4042,5444 4122,5445 4202,5446 4281,5446 4361,5446 4441,5446 4521,5447 4601,5448 4680,5448 4760,5450 4840,5450 4920,5452 5000,5454"/>
                <TextEquiv>
                    <Unicode>zu kommen, und habe ihme Dürsch den stich</Unicode>
                </TextEquiv>
            </TextLine>
            <TextLine id="r3l43" custom="readingOrder {index:41;} vpar {offset:0; length:7;} PRON {offset:22; length:2;} PRON {offset:25; length:4;} NN {offset:36; length:4; continued:true;}">
                <Coords points="3395,5611 3710,5540 4081,5594 4206,5549 4295,5628 4595,5593 4661,5540 4936,5572 4936,5522 4665,5476 3887,5512 3756,5463 3512,5506 3395,5452"/>
                <Baseline points="3406,5558 3482,5554 3558,5550 3634,5547 3710,5544 3786,5542 3862,5541 3938,5540 4014,5539 4090,5538 4166,5538 4242,5538 4318,5540 4394,5540 4470,5542 4546,5542 4622,5544 4698,5546 4774,5547 4850,5550 4926,5552"/>
                <TextEquiv>
                    <Unicode>gegeben, über welches er sich, ohne ein¬</Unicode>
                </TextEquiv>
            </TextLine>
            <TextLine id="r3l44" custom="readingOrder {index:42;} NN {offset:0; length:8; continued:true;}">
                <Coords points="4557,5685 4606,5655 4653,5662 4675,5647 4779,5690 4854,5674 4908,5678 4911,5588 4860,5594 4805,5552 4759,5556 4679,5604 4637,5573 4600,5596 4560,5584"/>
                <Baseline points="4568,5630 4593,5632 4619,5632 4644,5632 4670,5630 4695,5630 4721,5630 4746,5630 4772,5631 4797,5633 4823,5635 4848,5638 4874,5641 4900,5646"/>
                <TextEquiv>
                    <Unicode>steckung</Unicode>
                </TextEquiv>
            </TextLine>
            <TextEquiv>
                <Unicode>[10. 11.]
Aufgenommene Information
Den 22. August: 1670.
Über den durch Guillaum	e Nourris
einem steinhauwer von welschen
Newenburg, der grafschafft Valendis
an Geörg Bürsis einem schneider¬
knecht von Schlackenwald uß Böhmen
pürtig, begangenen todtschlag.
Nachdem den 21. Augusti jüngstsin an
einem sontag abends zwischen tag und 
nacht, Geörg Bürsch ein schneiderknecht
us Böhmen by Monsieur Mathys Dell in
diensten tödtlichen verwundet worden,
habend ihr dnaden beide diener herrn
Johann Rodolf Steiger großweibel und 
grichtschreiber morndres den 22. do früh,
krafft ihrer pflicht, theils von ihme
Bürschen selbs, theils von anderen hernach
vernamseten personen volgenden bericht
eingeholt.
Und erstlich zwar hat gedachter Geörg
Dürsch (so sich uf einer ehrenden gesellschaft
zum affen einbefand, wie wol er keü¬
merlich reden können) gesagt, daß die sach
also hergangen: Als er sich uf dem
großen kirchhof einbefund, und alda zwey
meydlin geführt, seyend zwey gesellen,
so ihme sonst ohnbekandt, hinzu kommen, under
welchen der einte ihme die angedeüten
meidtlin abnemmen wollen, als er aber
solches nit also bald gestattet, ihnen ein
hunds etc: und er hinwiderumb auch
also gescholten, darauff der ander den
degen - hernach auch er den seinen ußgezogen,
habe ihne auch umb etwas darmit zuruck
getreiben, maßen der ander sich auch dar¬
zwischen gelegt, und seines gespanen ange¬
nommen, under des, als sy mit ein andern
gewerbet, seye der erste widerumb hin-
zu kommen, und habe ihme Dürsch den stich
gegeben, über welches er sich, ohne ein¬
steckung</Unicode>
            </TextEquiv>
        </TextRegion>
    </Page>
</PcGts>
