5472 7296
3919 766 4010 818 [1.]
3646 1143 4940 1423 Niclaus Moschard
3287 1535 4923 1793 Nachdem mein gnedig herren und
3377 1686 5037 1905 oberen von eines erwürdigen chorgricht
3397 1807 5013 2035 allhier berichtet worden, waß maßen
3395 1931 5022 2143 obiger Moschard ihrer erkantnus nit
3372 2055 4914 2265 statt Thun, und die imme zugesprochnen
3356 2211 4957 2384 Maria Müller nit ehlichen wolle,
3339 2329 4950 2538 deß habend hochgedacht miner gnädiger herren erkent,
3326 2463 4950 2684 daß er eidtlich, biß zur parition unnd
3381 2584 4948 2805 erstattung der urtheil, von statt und
3358 2728 5022 2926 land verwisen werden sölle, worüber
3341 2850 4977 3063 hatt er Moschart den eid praestiert und
3325 2984 5025 3210 außgeschworen. Actum den 26. August 1669.
3602 3854 4685 4150 Christen Trachsel
3704 4082 4460 4225 von Wattenwyl.
3324 4291 4838 4531 Als diser Christen Trachsel von
3352 4456 4834 4663 synem meister Fridenrich Büeler
3332 4567 4998 4785 dem färber und bleicher im Sulgen¬
3348 4700 4914 4925 bach, by mynen gnedigen herrn und
3328 4846 4965 5063 oberen verklagt worden, daß er etliche
3308 4972 5025 5168 stuck tuch verlohren, darumb etwas hinder
3323 5089 4952 5289 ime funden, ward er in gfenckliche
3309 5217 5048 5470 verhafftung gethan, und volgends fründtlich
