2448 3264
1384 291 1996 422 Hans Schoub
1229 457 2115 578 Wiewol gegenwürtiger Hans Schoub von
1305 564 2147 658 Gilliez der landtvogty Neüws pürtig, schon
1329 609 2202 696 hievor den 15. Octob. abgeloffnen 1605 jars
1332 666 2199 761 vonn domalenn bekanter diebstalenn wegenn
1334 727 2130 804 einmal zum schwert erkent, hernach aber
1332 780 2233 866 alls er abgefalenn und deren widerumb gelaugnet
1330 831 2225 919 mit ruthen ußgestrichen, für die Gümminen Bruck
1338 896 2205 986 mit ufferhabnem eydt und gelerten worthenn
1332 947 2204 1034 verwisen, ouch imme ein lattinschen B. vff denn
1325 998 2226 1086 Rucken gebrönt, Daby ouch ernstlich vermant
1328 1058 2232 1150 wordenn, sich fürhin deß müßiggangs zeendtzüchen
1319 1125 2223 1219 vnd sich erlicher handtarbeyt zeundernemmen,
1323 1189 2184 1269 Sohat doch gemelter Schoub sölliche vätterliche
1320 1235 2202 1306 züchtigung nit sovill betrachtet, dann das
1331 1297 2178 1384 er söllichen synen eydt zu gott gethanen eydt
1338 1353 2247 1455 schantlicher und liechtsinniger wyß ubersächenn,
1349 1429 2205 1513 sich widerumb ins landt gelaßen und kurtz¬
1331 1492 2219 1557 verruckter tagen inn eynem waldt unveer
1338 1542 2254 1625 vonn Rothenbach glegen, ein guots nebendt dem weg
1328 1589 2154 1687 by synem gsellen, Hans Jacob Fischer gefunden
1337 1645 2184 1739 worden, allda zwen seck vollen blunder und züg
1331 1693 2187 1788 mit krißdeckende, vermuotmaßlich dieselbigen
1326 1766 2182 1850 dem Schallenberg zuo über inn das inner Piet
1326 1808 2229 1896 zetragenn, Alls sy aber ettliche die inen nachge¬
1320 1860 2196 1960 ylt gespürt, habindt sy sölliche seck mit dem züg
1334 1921 2184 2015 verlaßenn, das gelt, die tiettrich und faltschen
1337 1968 2215 2080 schlüßel, so sy by ihnen ghept, vonn inen geworffen,
1329 2034 2232 2131 und sich uff das best müglich inn die flucht begäben,
1325 2080 2205 2179 dergstalt, das er Schoub gar kümerlich, und erst
1318 2135 2211 2224 uff der Alp Gabelspitz (uff einem flüli, da er sich
1338 2182 2217 2274 selbs hinab stürtzen wellen, wie dann der Senn
1332 2237 2199 2314 so inne erwütscht, mit imme, wo nit ein tann¬
1337 2287 2230 2377 grotzen sy uffendthalten schier hinab trollet were)
1326 2335 2213 2420 gevangenn, volgents durch miner gnädigen Herren diener
1331 2390 2226 2473 und Amptsman den Herrn Vogt von Signouw vencklich
1326 2443 1543 2522 überschickt.
1283 2534 2135 2643 Und also uff Fryttag denn 26. augusti diß
1308 2604 2202 2673 gegenwürtigen 1608 jars inn bywäsenn
1320 2658 2225 2736 und anhören der ehrenvesten frommen, fürnem¬
1331 2709 2207 2805 men, fürsichtigen, wysen Herren Jeronimi Stettlers
