4032 3024
2968 801 3103 918 123
2302 835 2803 987 Crister Liechti
2212 905 3147 1045 von Ober Hinigen der Kirchhör Wyl
2146 1039 3097 1183 Alß zu volg Oberkeitlichen befelchs
2152 1125 3147 1254 Mein HochgeEhrter Herr Rahts Herr Tschar¬
2156 1199 3094 1306 ner sich den 5ten hujus in die Gefan
2880 1248 3000 1289 röl ul
2140 1255 3111 1362 genschafft verfuegt, und in beywesen
2130 1313 3156 1433 Ihr Gut. dieneren Herren Großweibel
2140 1384 3139 1478 Berßets und Mein des Grihtschreibers
2139 1455 3103 1560 den von Ober junigen Gefangklich al
2135 1504 3137 1618 har gebrachten Ihristen Liecht: Wegen
2146 1570 3099 1682 beklagdten Grausamen Fluchen, so¬
2143 1641 3099 1736 Selbiger im Wihrts hauß im Thalguht
2147 1703 3063 1809 außgestoßen haben soll, Ernstlich zu
2144 1770 3129 1864 und gestoßen und befragdt, hat selbiger
2136 1818 3110 1946 darüber hin seine Verantwortung Vol¬
2128 1888 2869 2008 gender gestalten angebracht.
2133 2000 3120 2128 Alß Er an einem Mittwochen Lostet
2150 2083 3158 2199 verwichenen Auggsten des Abends Spaht
2142 2144 3111 2256 eine, 5. h.) Kuhe ins Thal gicht geführt
2860 2224 3097 2328 willens
