4032 3024
830 1733 899 1821 4
840 808 945 886 132
1003 845 1902 993 beschulten, und gefragdt, waß Er dan
1006 936 1901 1060 rede, worauf der Liecht zur Antwort
998 995 1883 1107 geben, Er wolle seine wohrt außlegen
1004 1054 1887 1157 wie Er sie geredt; In dem seye der
991 1100 1827 1202 Schreiber zachen, so mit den Armen
998 1178 1898 1282 auff dem Tisch gelegen, und geschlumme¬
1002 1226 1870 1331 ret einsmahls auff gesprungen in die
998 1282 1875 1383 Nebendstüben gangen die wohrt auff¬
996 1346 1850 1453 geschriben und Volgendts mit etwelchen
992 1406 1858 1510 Ehorrichteren herauß kommen und dem
1008 1464 1860 1564 iecht recht abgeforderet t Weiters
995 1534 1873 1632 habend Sie Gezeugen nit gehördt und
1001 1596 1876 1688 könnend mit sagen daß der Liechti zu¬
998 1646 1881 1755 vor geschwohren oder etwas böses ge¬
1004 1705 1112 1766 rndt
950 1741 1894 1864 denen der Liechte geantwortet Er wolle
940 1802 1637 1916 umb diese wohrt bescheid geben
1002 1874 1898 2029 Vnaners Zeugeten alle diese Khundt¬
1006 1980 1921 2085 schafft treger einstimig, daß der Schrei¬
1013 2043 1896 2136 der hachen damahlen als die wohrt ge¬
1018 2091 1855 2197 vndt worden mit den Armen auff dem
1711 2183 1825 2285 bisch
3025 828 3139 919 138
2145 876 3143 986 tisch gelegen und geschlummeret, und daß
2138 966 3125 1059 so wohl der Schreiber als die Zhorrichter
2133 1021 3130 1113 Gantz Bernscht 9sin und minder gewußt
2147 1079 2838 1185 daß sie reden als der Liecht
2110 1176 3077 1299 Endtlichen wardt auch vorgelaßen
2152 1255 3147 1366 Nulaut Sachen der Schreiber und Wihrt
2135 1317 3117 1422 in 2hal giht welcher außgesagdt, daß
2136 1379 3121 1479 an dem Tag da die Gerichts angehörigen
2145 1435 3108 1527 der Herrschafft gerzenser dem Neuwen
2130 1499 3098 1582 Ober herren Tribollet gehuldiget( der
2120 1548 3093 1645 Ihnen dann auch ein Abend brodt gebe¬
2133 1608 3099 1700 laßen) seye der Wald amann Streytt
2132 1660 3106 1764 umb MittagsZeit ins Thalguht kommen
2131 1727 3114 1823 und dem Liechti nachgefragt, da Er aber
2138 1787 3117 1879 denselben nit funden, und etliche stunden
2126 1843 3060 1934 auff Ihne gewahrtet, seye Er über die
2134 1895 3125 2006 Aren gefahren, willens nach Ober hünigen
2125 1960 3108 2051 zu gehen und den Liechts zusuchen aber
2128 2019 3058 2114 gegen den Abend ohne denselben wider
2123 2078 3103 2196 zuruck komen; Sie es nun zimblich
2140 2148 3115 2246 nacht gewesen, seye auch der Liechti vnd
1976 2207 2116 2284 f der
2124 2203 3033 2325 den Liechti bey dem Herrn Predicanti zwar
2015 2259 2819 2377 zu Geietzenses als Ein Lesterer verleidet,
