4032 3024
758 793 852 894 210
911 862 1801 1011 eingezogen, Gehn- Sarweren vor Raht ge¬
899 959 1815 1084 fuhrt, und Jndem daselbsten Ad: Richten
911 1014 1823 1145 streichen gegeben und darauff Vorthge¬
910 1071 1256 1178 wiesen worden.
907 1144 1814 1275 Über diese Zievor bekannte diebstähl
910 1227 1757 1333 wart es auch gestendig daß es und
907 1290 1763 1401 unlängsten im Eberen Spittahl sich
915 1353 1815 1473 der Banden Loob gemacht, und auß
910 1411 1103 1511 gerißen
897 1478 1832 1595 ormit es also zugangen, bald nach¬
908 1539 1808 1652 deme es in Spittahl gethan und mit
905 1606 1798 1724 Einer Retten angeschuidet worden,
912 1666 1755 1774 seye ein gewußer Knecht als eben
918 1729 1795 1838 damahls die Abwahrt Mutter nicht
917 1788 1795 1889 verhanden, und die Stublin thüren nit
911 1845 1826 1952 beschloßen gewesen, zu Ihme hineinkomen
911 1911 1824 2006 und gesagdt; Es solle schauwen daß es
914 1971 1828 2083 sich l00s Mache, Er wolle Ihm Eine feilen
917 2030 1729 2129 zu bringen, habe auch alsobald einen
914 2090 1779 2194 Ziegel ain offen Endig gemacht, durch
1597 2180 1800 2280 welchen
1879 2125 2005 2208 omiben.
2938 840 3058 924 211
2037 894 2991 1027 Welchen Er Ihme nach etlichen Tagen die
2056 975 3018 1081 teilen hinein gestoßen, mit welcheren es
2048 1031 3040 1140 den Kagel an der kettig abgefeillet, vnd
2046 1102 3017 1197 Wohl bey 10 Tagen toos ghi, ehe es sich
2043 1168 3035 1276 vorth gemacht, darauff seye der Knecht
2050 1225 3018 1327 eines Abends vmb 9. Vhr, da mann ge¬
2048 1293 3037 1391 leutet in Spittahl kömen, und des mor¬
2032 1359 3018 1460 gends frühe umb 3. Vhren Ihns Vorth
2039 1425 2990 1529 die Statt ab gegen vnderen thor biß
2038 1480 3054 1590 zu des Letsten becken hauß geführt alle
2037 1551 3051 1655 Er Ihm eine dublonen geben, und geheise
2036 1602 2712 1716 Ein anderen nach Vorthgehen
1995 1694 3030 1822 Verners bekannte Es, daß es vor ohnge¬
2028 1784 3049 1902 fehrt Einem Jahr zu Neuwenstatt Eines
2040 1845 3030 1958 mehrlichen Kindts Niderkomen, welches
2037 1905 2969 2008 3: oder 4. Wochen nach Wiehnachten
2035 1959 3024 2066 gestorben vnd zu Bremgardten begraben
2038 2029 2945 2136 worden. Der Vatter dieses seines
2042 2095 3027 2206 Unfhelichen Kindts seye Einer auf der
2022 2178 2298 2295 gestatt) En
2832 2181 3012 2291 Übersc
