4032 3024
1244 836 1671 971 Confrontatio
997 1081 1977 1263 Nachdeme nun, disere deß thätern Außeg
1058 1214 1965 1331 in Vnd erschidlichen nahmbchafften Vmbstenden
1045 1268 1964 1408 Von deß Verleundten Außag Vnderscheiden
1009 1343 1982 1491 befunden worden; Ist der Thater daruffhi¬
1031 1429 1968 1553 durch die Prohosen auß der gefangenschafft
1054 1513 1980 1655 zum hinderen halten geführt, Vnd daselbst¬
1046 1591 1989 1738 gegen dem Verleundten Confrontiert Morden.
1072 1687 1975 1827 Da dan der Verlundte auff Vorhalten deß
1072 1771 1988 1895 thäters nit gestehen wollen, daß Er getrud
1071 1837 1949 1970 im fahl das Meitli beharren wurde, daß
1058 1907 1951 2036 ser thalber Ihme übeld nachgeredet, Er Ihm
1043 1982 1939 2112 den Tagen durch den Leib stoßen wolle, vnd
1054 2062 1937 2172 gesagt, Er muße daß thabern Leben, oder
1053 2118 1965 2254 Er das seine haben, Sondern, Er habe allein
2885 800 2995 888 80.
3185 815 3228 887 Jn
2188 843 3289 986 geredt, Wan es eit wahr seye, daß Er Ihm über
2197 948 3286 1087 nachgeredet, so solle Er dem Meibli Eine taschen
2171 1046 3177 1176 geben, Im übrigen Verblibe Ein Jeder bey
2188 1127 3231 1239 obgedachter seiner Außag, äußert, daß der
2170 1206 3250 1338 Verbündte hinzugesetzet, es sece wahr, daß
2197 1294 3183 1421 als Er dey thätern anfangs gesehen, Er Ihme
2175 1375 3192 1494 mit der hand gelaunten, Vnd entlichen auch ge¬
2173 1449 3207 1578 standen, daß Er nach gehabtem Mortlachsel
2182 1530 3246 1656 zum Thäteri gesaht alloni done Je to feraq
2198 1614 2883 1738 vois, situte moiquera de moiu
2179 1689 3146 1817 diß ist also das Jenige, so auf Mrghern
2182 1762 3180 1887 Befelch diser sach halben verrichtet worden
2184 1859 2875 1976 Den 20. Septemberi 1706.
