4032 3024
782 786 875 871 160
832 2053 877 2108 A
969 866 1853 1005 Wwie Er heiße, Wie alt Er seye, vnd
914 923 1427 1064 Ob Er Verhenrahtet?
860 1037 915 1127 R
922 1019 1843 1184 Er heiße Hauns Pauti im bundt acher
917 1113 1837 1231 auß der Kirchhöri Guggissern, seyn im
913 1162 1857 1289 351 Jahr seines alters und ohngefehrt
920 1226 1806 1350 bey 12. Jahren verheurahtet; sawes
911 1301 1671 1417 Hradtwerck ein Schamaher
841 1369 1840 1502 D. vormit Er sich vor und nach seiner
923 1463 1838 1562 Verehelichung erhalten, und ob Er eine
920 1523 1397 1619 gegangenschafft habe
850 1600 912 1706 A
953 1588 1840 1704 vor diesem habe Er an den bergen Vnd
917 1662 1804 1778 im Feyburg gebieth der Schaaffen ge¬
896 1726 1828 1828 heetet, nachwehrts habe Er das Schue¬
914 1785 1800 1904 macher handtwerck erlehrnet vnd
915 1844 1764 1962 theils mit demselben theils dann
912 1900 1810 2017 mit Keßlen und bley Ertz tragen
901 1965 1629 2078 sich nochbracht und Erhalten
886 2038 1466 2166 und sein weib und Kinder
2978 828 3076 918 164
2022 882 3057 1024 E Ob. Er mit auch Vß ert Landtsgewesen
2068 970 3064 1082 und an welchen ohrten und bey lhem Er sich
2074 1043 2340 1133 auff gehalten
2032 1103 3075 1235 A. Er habe vor diesem in denen Waldstetten
2067 1178 3057 1300 und er zen Hauptmann Sinner bey .
2050 1259 2865 1353 Jahre alt ein Soldat gedienet.
1993 1350 3030 1473 ROb er nit aldorten in der gefangen
2050 1448 3015 1554 schrofft gewesen und warumbmann
2045 1504 2518 1631 Ihne eingesteckt:
2055 1578 2973 1717 E. Ja Ehr seyn drunden mit einichen
2058 1672 3045 1771 Anderen Soldaten im acrest gsen, Weilen
2050 1726 3059 1855 Er angeklagdt worden, daß Er einem Schrei¬
2059 1800 3052 1906 ner viel sachen geschandt habe, deßen Er
2067 1850 3021 1976 über gantz unschuldig gsin und sich auch
2057 1920 3041 2033 bey gethaner nachforschung nicht erfinden
2050 1990 3022 2094 können, maßen mann Ihme hernach das
2056 2073 2985 2155 Gewehr wider geben, da Er dann noch
2063 2118 3035 2235 weiters biß gegen Viehnachten gedienet
2866 2205 2964 2332 E.
