4032 3024
764 790 875 890 190
915 836 1850 979 Geßhwegen angestochen, allein Erkönne
908 930 1842 1050 ey seinem Guhten gewußen sagen, daß
896 979 1816 1084 Er damahlen kein anders geldt gehabt
900 1017 1845 1163 als waß Sie Ihme an dem halben guldig
899 1072 1213 1168 hin außgeben
848 1161 905 1278 A
941 1186 1811 1296 Ob Er nit Silber stängli die Er bey
899 1252 1811 1350 Insto Tänscher dem Schloßer wollen ge¬
898 1289 1790 1423 schmidig machen zu Thun in der hand
911 1360 1215 1464 Teil getragen.
934 1453 1837 1562 Er habe zwar Silber stänglin darunder
892 1526 1838 1634 metal gewesen beyn Ms Täuscher wollen
888 1561 1796 1670 geschundig machen, allein Er habe keine
899 1636 1815 1741 nit in der handfeil getragen der Täu¬
895 1674 1418 1795 scher überthurt Ihm.
825 1765 904 1866 D
932 1780 1778 1881 Wie viel dieser Silber stänglin Er
899 1832 1600 1930 Groben in Chim Verkaufft
865 1886 1749 2045 E. dem Goldtschmidt Lantzrein zwey
904 1977 1742 2111 oder drey und dem Apotecter Koch
895 2041 1725 2150 auch zwey so zimblich schwär gem.
2914 820 3030 901 194.
1970 879 2983 1007 E. Wie lang es seye daß Er dem
2030 927 3018 1053 Kantzrein und Koch also Silber stänglich
2025 1013 2296 1118 Verkaufft.
2061 1064 2991 1189 Er wüße es nit zusagen, Er habe da
2062 1140 2928 1250 mahls droben zu vndersern gewohnt.
1992 1214 3006 1348 Dn Ob Er sich mit theilhafftig gemacht des
2050 1291 3000 1392 Jeiigen Kirchenraubs so anno 4706.
2038 1348 3012 1470 zu Endingen im Pryburg gebieth vor¬
2034 1434 2256 1531 gangen:
2096 1509 2968 1614 besey Niemahl zu Eudingen gsin
1986 1521 2066 1616 H
2083 1632 2684 1723 Ob Er mit zu bazing gsin
1971 1660 2043 1748 D.
2034 1690 2781 1815 E. Er wüße nit wodas seyn
2062 1838 2936 1934 Ob Er doch laugnen dörffe, daß Er im
2054 1885 3033 2002 Eryburg Gebieth nit gestohlen. Sittemahl
2058 1953 3009 2055 mann Ihme würcklich nach gesetzt vnd
2025 2011 2979 2123 Im geggisferg sein Hauß visitiert, da
2032 2078 3031 2181 Er weilen Er von seinem Schwager zu vor¬
2047 2142 3000 2248 gewahrnet worden sich darvon gemacht?
