4032 3024
765 792 866 901 1776
846 1505 896 1598 5
920 871 1826 1006 Wo Er aber das Geldt hur genommen
914 944 1806 1084 solche sachen, als Silber grätz und bley
918 1018 1334 1117 Ertz zu kauffen?
891 1099 1795 1236 R. Einer habe alleZeit geldt, wann
923 1178 1339 1265 Er arbeiten wolle
1340 1216 1371 1285 1
886 1283 1853 1430 E Normit Er sich, als Er das Erstemahl
916 1376 1820 1494 Zuk zun gefangen gewesen, von denen
913 1453 1807 1560 Eisenen Banden loob machen können.
887 1525 1802 1665 E. Er habe sich gantz und gar nicht los
924 1624 1753 1719 gumacht, sondern seye die Gantze
916 1678 1783 1765 Zeit in der Gefangenschafft verbli¬
917 1746 1683 1855 bey wie mann Ihn angemacht
899 1863 1750 1985 E. Wo, an welchem Ohrt und bey
910 1932 1813 2050 wein Er sich auffgehalten, nach dem Er
911 1996 1835 2107 den Stettler und Baumann zu Schwar¬
892 2045 1394 2150 Zeuburg entrunnen.
1556 2146 1671 2282 H.
1958 982 2022 1058 f
2942 818 3060 922 177
2074 865 3027 1025 e habe sich nach Langnauw Begeben
2056 964 3038 1062 und alda bey einem Schuemacher gear¬
2052 1036 3052 1143 beitet, da haben Ihn die Schumacher von
2055 1090 3049 1209 dorthen am Kalten Marit zu Thun an
2049 1170 3044 1284 geben, darauff mann Ihne widrumb
2055 1233 3021 1350 gefangen nach Chum fuhren wollen, und
2058 1304 3004 1406 wegen seines Verwundten beins, auf
2058 1361 2991 1483 ein Roß gesetzt und Vorthgeführt da¬
2035 1446 3017 1546 dann Außen für dieß Sach bey einem
2040 1498 3007 1628 Eichwäldlin, als der hinte das Roß ge¬
2054 1561 2978 1695 fahrt, und der Andere dem Fußweg
2057 1631 2998 1744 nach gangen, seye Er ohn vermerckt ab
2715 1696 2775 1740 abe
2049 1698 3051 1814 dem Roß gesprungen, und in der nacht¬
2036 1760 2788 1891 Pinstere sich darvon gemacht
1998 1858 3019 2008 B. Ob Er nit auch zu dornach gefangen
2056 1937 3001 2064 gsin? und auß waß ursachen mann Ihn
2060 2007 2602 2111 daselbsten eingesetzt.
1987 2075 3025 2222 R. Es habe ein gewüßer Breyburger von
2746 2151 2969 2280 Plaßeyen
