4032 3024
823 769 918 846 88.
994 820 1912 996 noch ders driht mahl den Vater dit¬
974 915 1922 1058 blosst gesethen; Sa Sit num in solchem
973 1026 1928 1135 stand warte habe er Ropt mit einem
958 1086 1909 1243 stacken start an den stöck geschlagen
953 1172 1911 1301 darauf das Mäydtl gerucen iter di
953 1256 1921 1404 bist vomb füren solchem nach seye Er
946 1341 1912 1479 hinzu gangen, und dem Vatter übermahlen
940 1435 1909 1579 Sscharff zugeandt welcher das Möydtl
958 1528 1899 1653 noch allezut gehalten und garnit gehen
962 1584 1905 1730 laßen wollen, biß Er kogs endtlichen
998 1660 1027 1705 so
956 1664 1918 1812 mit Getalt, auch mitsher zu ruffung enes
988 1748 1027 1812 1
930 1757 1881 1899 furüber geitenden weltschen Herrens
941 1838 1920 1984 solches von Ihme gezogen, und gehrißten fort
938 1936 1933 2058 seins gehen, s seye aber mur lenhtem
928 2011 1910 2141 fohtgangen vnnd offf hinder sich gelugt und
935 2083 1907 2215 wit Er kops hernach vernomen, seyen Sie
1623 2175 1760 2283 hald
3093 802 3190 887 89
2157 873 3174 1015 bald wider bey einandertm in das
2145 966 3192 1095 Mäydtli habe zwär Ihne Nohs geheißen mit
2147 1041 3167 1164 Ihnen gehen allein weilen solches mit wie weg¬
2165 1116 3188 1248 auch sein Weyb Ihme an einem anderen Ohrt
2153 1209 3214 1330 gewartet habe Er nit weiters machen wollen:
2144 1279 3206 1415 Im übrigen betreffend den Vatter veit der¬
2141 1349 3168 1488 selbe wohl etwas Trunckt gen Jedoch alß
2152 1444 3119 1570 daß Er gur wohl stey und sey brilchen
2183 1521 2370 1612 können.
2150 1615 3190 1771 erine Zeugete Maria Schiffmann daß
2154 1722 3178 1833 den 6ten Novemoris die den Gnrdener in
2131 1782 3164 1912 Holtz angetroffen und gesehen, daß Er sein
2119 1856 3191 1955 Weys um Kinder mit Küeblen und steinen
2155 1928 3164 2056 1 worffen auch mit Ihnen gezangget, und Sie
2163 1993 3155 2123 S. N.) Kutzer und Schelmen Gund geheißen,
2152 2064 3197 2203 Worste aber Sie Schiffeanng ohne abgemahnt
2953 2188 3106 2258 der
