<?xml version="1.0" encoding="UTF-8" standalone="yes"?>
<PcGts xmlns="http://schema.primaresearch.org/PAGE/gts/pagecontent/2013-07-15" xmlns:xsi="http://www.w3.org/2001/XMLSchema-instance" xsi:schemaLocation="http://schema.primaresearch.org/PAGE/gts/pagecontent/2013-07-15 http://schema.primaresearch.org/PAGE/gts/pagecontent/2013-07-15/pagecontent.xsd">
    <Metadata>
        <Creator>prov=University of Rostock/Institute of Mathematics/CITlab|PLANET AI GmbH/Gundram Leifert/gundram.leifert@planet-ai.de:name=Transkribus German Kurrent M2(htr_id=29820)::::v=2.6.7
prov=University of Rostock/Institute of Mathematics/CITlab|PLANET AI GmbH/Tobias Gruening/tobias.gruening@planet-ai.de:name=de.uros.citlab.module.baseline2polygon.B2PSeamMultiOriented:v=2.6.7
prov=University of Rostock/Institute of Mathematics/CITlab|PLANET AI GmbH/Tobias Gruening/tobias.gruening@planet-ai.de:name=/net_tf/LA73_249_0mod360.pb:de.uros.citlab.segmentation.CITlab_LA_ML:v=2.6.7
Transkribus</Creator>
        <Created>2022-05-02T15:58:44.020+02:00</Created>
        <LastChange>2022-09-12T15:57:31.440+02:00</LastChange>
        <TranskribusMetadata docId="1336520" pageId="52420923" pageNr="14" tsid="114799215" status="IN_PROGRESS" userId="9570" imgUrl="https://files.transkribus.eu/Get?id=KBUJNTAKOTPEVRYUCVBYCDBG&amp;fileType=view" xmlUrl="https://files.transkribus.eu/Get?id=CDYNNNGTTGNFCCQSXSGASITI" imageId="30693419"/>
    </Metadata>
    <Page imageFilename="IMG_6425.jpg" imageWidth="4032" imageHeight="3024">
        <ReadingOrder>
            <OrderedGroup id="ro_1687513546157" caption="Regions reading order">
                <RegionRefIndexed index="0" regionRef="r1"/>
                <RegionRefIndexed index="1" regionRef="r2"/>
                <RegionRefIndexed index="2" regionRef="r3"/>
            </OrderedGroup>
        </ReadingOrder>
        <TextRegion orientation="0.0" id="r1" custom="readingOrder {index:0;}">
            <Coords points="936,752 936,905 996,905 996,752"/>
            <TextLine id="r1l1" custom="readingOrder {index:0;}">
                <Coords points="930,872 942,871 947,867 977,877 990,866 1003,868 1000,805 987,809 977,804 970,810 965,806 956,810 945,805 935,817 927,817"/>
                <Baseline points="936,855 966,855 996,852"/>
                <TextEquiv>
                    <Unicode>22</Unicode>
                </TextEquiv>
            </TextLine>
            <TextEquiv>
                <Unicode>22</Unicode>
            </TextEquiv>
        </TextRegion>
        <TextRegion orientation="0.0" id="r2" custom="readingOrder {index:1;}">
            <Coords points="1005,877 1005,2239 1980,2239 1980,877"/>
            <TextLine id="r2l1" custom="readingOrder {index:0;} person {offset:22; length:5;}">
                <Coords points="1030,924 1213,977 1291,945 1361,983 1444,958 1481,994 1555,962 1621,1004 1714,969 1902,1000 1907,916 1770,894 1647,915 1571,863 1532,887 1422,872 1367,905 1217,844 1033,876"/>
                <Baseline points="1037,918 1082,921 1127,923 1172,925 1217,929 1263,932 1308,935 1353,937 1398,941 1443,944 1489,947 1534,951 1579,954 1624,957 1669,960 1715,964 1760,966 1805,968 1850,971 1896,974"/>
                <TextEquiv>
                    <Unicode>nur erdstenn, Man man bolle, forchte sich mit, daß</Unicode>
                </TextEquiv>
            </TextLine>
            <TextLine id="r2l2" custom="readingOrder {index:1;}">
                <Coords points="1002,1031 1138,1064 1191,1028 1490,1073 1637,1052 1782,1110 1860,1066 1954,1111 1961,1005 1932,993 1633,1008 1420,959 1286,988 1008,943"/>
                <Baseline points="1011,1004 1060,1008 1109,1011 1159,1014 1208,1018 1258,1022 1307,1025 1356,1028 1406,1031 1455,1033 1505,1036 1554,1039 1604,1042 1653,1046 1702,1049 1752,1052 1801,1056 1851,1059 1900,1063 1950,1067"/>
                <TextEquiv>
                    <Unicode>Dardurch einches böse löider Ihne werde an tag komen</Unicode>
                </TextEquiv>
            </TextLine>
            <TextLine id="r2l3" custom="readingOrder {index:2;}">
                <Coords points="1025,1104 1232,1153 1365,1124 1469,1182 1707,1147 1778,1188 1947,1155 1950,1113 1879,1079 1782,1111 1545,1062 1398,1084 1330,1045 1218,1070 1173,1041 1140,1064 1029,1046"/>
                <Baseline points="1032,1091 1077,1094 1122,1097 1168,1102 1213,1105 1259,1109 1304,1113 1350,1118 1395,1121 1441,1124 1486,1128 1531,1132 1577,1134 1622,1138 1668,1140 1713,1143 1759,1146 1804,1148 1850,1149 1895,1149 1941,1149"/>
                <TextEquiv>
                    <Unicode>Angesehen Er allein in befelch gehabt, selbiges an seine</Unicode>
                </TextEquiv>
            </TextLine>
            <TextLine id="r2l4" custom="readingOrder {index:3;}">
                <Coords points="1011,1218 1795,1241 1956,1309 1963,1196 1933,1185 1880,1216 1723,1157 1471,1182 1397,1143 1301,1163 1018,1119"/>
                <Baseline points="1020,1185 1066,1188 1113,1191 1159,1194 1206,1197 1253,1201 1299,1205 1346,1208 1393,1212 1439,1216 1486,1219 1533,1223 1579,1226 1626,1229 1673,1232 1719,1234 1766,1236 1813,1238 1859,1239 1906,1239 1953,1239"/>
                <TextEquiv>
                    <Unicode>behond zuubermachen, Vnd mit selbst zuubertragen, zu</Unicode>
                </TextEquiv>
            </TextLine>
            <TextLine id="r2l5" custom="readingOrder {index:4;}">
                <Coords points="1015,1293 1503,1322 1599,1363 1704,1332 1752,1368 1845,1330 1934,1354 1937,1307 1797,1250 1680,1294 1588,1241 1322,1237 1294,1261 1086,1216 1018,1236"/>
                <Baseline points="1022,1272 1067,1275 1112,1278 1158,1282 1203,1286 1248,1289 1294,1293 1339,1297 1384,1300 1430,1305 1475,1308 1520,1311 1566,1314 1611,1317 1656,1319 1702,1322 1747,1323 1792,1325 1838,1326 1883,1326 1929,1326"/>
                <TextEquiv>
                    <Unicode>Welchen end Er, solches, weilen die post bey seiner</Unicode>
                </TextEquiv>
            </TextLine>
            <TextLine id="r2l6" custom="readingOrder {index:5;} place {offset:18; length:5;}">
                <Coords points="1012,1368 1652,1427 1849,1409 1918,1453 1946,1451 1953,1361 1634,1379 1500,1321 1016,1308"/>
                <Baseline points="1020,1358 1066,1361 1112,1365 1158,1368 1204,1373 1250,1376 1296,1379 1342,1383 1388,1387 1434,1391 1480,1394 1526,1398 1572,1401 1618,1404 1664,1407 1710,1410 1756,1413 1802,1416 1848,1419 1894,1421 1941,1424"/>
                <TextEquiv>
                    <Unicode>Wider ankunfft in Vivis hereits Verreißt ware dem</Unicode>
                </TextEquiv>
            </TextLine>
            <TextLine id="r2l7" custom="readingOrder {index:6;} person {offset:0; length:6;}">
                <Coords points="1007,1465 1283,1498 1358,1471 1553,1526 1618,1492 1692,1528 1738,1494 1904,1503 1953,1532 1966,1441 1632,1451 1571,1407 1470,1446 1394,1402 1344,1443 1085,1380 1010,1410"/>
                <Baseline points="1014,1445 1061,1448 1108,1450 1155,1453 1202,1457 1249,1459 1296,1463 1343,1466 1390,1470 1437,1474 1485,1477 1532,1481 1579,1484 1626,1487 1673,1490 1720,1492 1767,1494 1814,1496 1861,1497 1908,1497 1956,1497"/>
                <TextEquiv>
                    <Unicode>Billot übergeben, mit dem befelch, Selbiges entloeders</Unicode>
                </TextEquiv>
            </TextLine>
            <TextLine id="r2l8" custom="readingOrder {index:7;}">
                <Coords points="1023,1564 1751,1575 1984,1627 1982,1527 1748,1518 1684,1549 1616,1502 1451,1536 1366,1487 1029,1473"/>
                <Baseline points="1032,1524 1079,1529 1126,1533 1174,1536 1221,1540 1269,1543 1316,1547 1363,1550 1411,1553 1458,1556 1506,1558 1553,1560 1600,1563 1648,1565 1695,1568 1743,1570 1790,1572 1837,1575 1885,1578 1932,1580 1980,1583"/>
                <TextEquiv>
                    <Unicode>auf die post Zethun, oder aber seinem brubern den Schiff¬</Unicode>
                </TextEquiv>
            </TextLine>
            <TextLine id="r2l9" custom="readingOrder {index:8;}">
                <Coords points="1020,1630 1499,1651 1567,1685 1684,1650 1904,1673 1922,1630 1705,1584 1636,1613 1308,1564 1168,1566 1123,1604 1022,1592"/>
                <Baseline points="1028,1614 1072,1617 1116,1622 1160,1624 1205,1628 1249,1631 1293,1633 1338,1635 1382,1638 1426,1640 1471,1643 1515,1644 1559,1646 1603,1647 1648,1649 1692,1649 1736,1650 1781,1652 1825,1652 1869,1653 1914,1653"/>
                <TextEquiv>
                    <Unicode>man, so Saltz führt vnd deß wegen offmahls naher</Unicode>
                </TextEquiv>
            </TextLine>
            <TextLine id="r2l10" custom="readingOrder {index:9;} place {offset:0; length:9;}">
                <Coords points="999,1710 1205,1736 1244,1769 1350,1726 1704,1780 1960,1753 1964,1677 1760,1704 1662,1668 1593,1700 1366,1649 1003,1639"/>
                <Baseline points="1007,1695 1054,1698 1101,1701 1148,1705 1196,1709 1243,1712 1290,1715 1338,1718 1385,1722 1432,1724 1480,1727 1527,1730 1574,1733 1621,1735 1669,1737 1716,1740 1763,1742 1811,1743 1858,1746 1905,1746 1953,1748"/>
                <TextEquiv>
                    <Unicode>Solothueg Jahrt, zuuberantworten, daß Er solhen seiner</Unicode>
                </TextEquiv>
            </TextLine>
            <TextLine id="r2l11" custom="readingOrder {index:10;}">
                <Coords points="1011,1793 1109,1810 1183,1802 1219,1820 1248,1813 1277,1831 1337,1820 1340,1776 1288,1746 1244,1769 1205,1735 1144,1746 1119,1723 1014,1734"/>
                <Baseline points="1019,1776 1045,1778 1071,1779 1097,1781 1123,1783 1149,1785 1175,1787 1201,1790 1227,1791 1253,1793 1279,1794 1305,1794 1332,1793"/>
                <TextEquiv>
                    <Unicode>Behors übergebe.</Unicode>
                </TextEquiv>
            </TextLine>
            <TextLine id="r2l12" custom="readingOrder {index:11;} person {offset:21; length:5;}">
                <Coords points="1013,1907 1317,1908 1407,1958 1561,1908 1710,1952 1831,1918 1922,1945 1925,1860 1820,1835 1564,1877 1498,1830 1428,1846 1340,1813 1219,1864 1017,1796"/>
                <Baseline points="1020,1881 1064,1886 1109,1889 1154,1892 1199,1896 1244,1899 1288,1901 1333,1903 1378,1905 1423,1907 1468,1908 1512,1910 1557,1911 1602,1912 1647,1914 1692,1916 1736,1917 1781,1919 1826,1921 1871,1923 1916,1926"/>
                <TextEquiv>
                    <Unicode>Imübrigen bekente Er Zloar daß bey seiner Ver¬</Unicode>
                </TextEquiv>
            </TextLine>
            <TextLine id="r2l13" custom="readingOrder {index:12;}">
                <Coords points="997,1974 1216,2013 1468,1992 1716,2049 1929,2000 1931,1942 1895,1956 1855,1922 1709,1951 1574,1924 1541,1946 1495,1915 1396,1952 1308,1916 999,1917"/>
                <Baseline points="1005,1958 1050,1962 1096,1965 1142,1970 1188,1973 1234,1976 1280,1979 1326,1980 1372,1983 1418,1985 1464,1986 1509,1988 1555,1989 1601,1991 1647,1992 1693,1992 1739,1994 1785,1995 1831,1996 1877,1997 1923,1998"/>
                <TextEquiv>
                    <Unicode>Hafftnennung, Er mit seinerfele zureden begehrt, vnd</Unicode>
                </TextEquiv>
            </TextLine>
            <TextLine id="r2l14" custom="readingOrder {index:13;}">
                <Coords points="1010,2056 1297,2077 1398,2049 1446,2090 1618,2075 1649,2103 1731,2076 1775,2106 1938,2071 1940,2019 1715,2049 1432,1998 1207,2013 1077,1972 1012,1985"/>
                <Baseline points="1017,2030 1062,2034 1108,2040 1154,2044 1199,2048 1245,2052 1291,2054 1336,2057 1382,2059 1428,2061 1474,2063 1519,2064 1565,2066 1611,2066 1656,2067 1702,2069 1748,2069 1793,2070 1839,2070 1885,2070 1931,2072"/>
                <TextEquiv>
                    <Unicode>Ihra Verkeubet habe, daß Sie seinem brudern, der</Unicode>
                </TextEquiv>
            </TextLine>
            <TextLine id="r2l15" custom="readingOrder {index:14;} place {offset:14; length:8;} place {offset:31; length:9;}">
                <Coords points="1027,2127 1129,2133 1176,2177 1371,2140 1529,2184 1625,2146 1914,2173 1967,2153 1969,2117 1845,2081 1774,2121 1607,2074 1549,2113 1399,2049 1217,2087 1144,2043 1030,2055"/>
                <Baseline points="1035,2100 1081,2107 1127,2112 1173,2117 1220,2122 1266,2126 1312,2130 1359,2133 1405,2136 1451,2138 1498,2141 1544,2141 1590,2142 1636,2144 1683,2145 1729,2147 1775,2147 1822,2148 1868,2150 1914,2151 1961,2151"/>
                <TextEquiv>
                    <Unicode>Enthoeders zu Ifferten oder zu Solothurg sein werde</Unicode>
                </TextEquiv>
            </TextLine>
            <TextLine id="r2l16" custom="readingOrder {index:15;}">
                <Coords points="1022,2188 1085,2227 1236,2224 1283,2256 1440,2232 1651,2258 1770,2222 1926,2237 1929,2171 1722,2188 1591,2157 1521,2188 1341,2147 1218,2176 1131,2134 1024,2136"/>
                <Baseline points="1029,2172 1073,2178 1118,2184 1162,2189 1207,2193 1251,2196 1296,2201 1340,2204 1385,2207 1429,2210 1474,2211 1519,2213 1563,2216 1608,2216 1652,2217 1697,2219 1741,2219 1786,2220 1830,2220 1875,2220 1920,2222"/>
                <TextEquiv>
                    <Unicode>Vnd der seiner beruffshalben bald hier, bald dort</Unicode>
                </TextEquiv>
            </TextLine>
            <TextEquiv>
                <Unicode>nur erdstenn, Man man bolle, forchte sich mit, daß
Dardurch einches böse löider Ihne werde an tag komen
Angesehen Er allein in befelch gehabt, selbiges an seine
behond zuubermachen, Vnd mit selbst zuubertragen, zu
Welchen end Er, solches, weilen die post bey seiner
Wider ankunfft in Vivis hereits Verreißt ware dem
Billot übergeben, mit dem befelch, Selbiges entloeders
auf die post Zethun, oder aber seinem brubern den Schiff¬
man, so Saltz führt vnd deß wegen offmahls naher
Solothueg Jahrt, zuuberantworten, daß Er solhen seiner
Behors übergebe.
Imübrigen bekente Er Zloar daß bey seiner Ver¬
Hafftnennung, Er mit seinerfele zureden begehrt, vnd
Ihra Verkeubet habe, daß Sie seinem brudern, der
Enthoeders zu Ifferten oder zu Solothurg sein werde
Vnd der seiner beruffshalben bald hier, bald dort</Unicode>
            </TextEquiv>
        </TextRegion>
        <TextRegion orientation="0.0" id="r3" custom="readingOrder {index:2;}">
            <Coords points="2160,847 2160,1479 3234,1479 3234,847"/>
            <TextLine id="r3l1" custom="readingOrder {index:0;}">
                <Coords points="3131,913 3152,912 3161,916 3168,910 3172,914 3195,895 3203,896 3210,890 3214,893 3219,887 3226,888 3227,844 3215,847 3207,843 3197,845 3182,854 3175,854 3157,838 3145,845 3133,844"/>
                <Baseline points="3138,887 3165,887 3192,887 3219,890"/>
                <TextEquiv>
                    <Unicode>23</Unicode>
                </TextEquiv>
            </TextLine>
            <TextLine id="r3l2" custom="readingOrder {index:1;}">
                <Coords points="2164,1010 2568,960 3117,996 3241,965 3242,885 3091,934 2776,872 2382,901 2301,869 2165,910"/>
                <Baseline points="2171,965 2224,962 2277,960 2330,959 2383,957 2436,957 2489,957 2543,959 2596,960 2649,960 2702,962 2755,964 2808,965 2861,966 2915,968 2968,968 3021,969 3074,969 3127,969 3180,968 3234,968"/>
                <TextEquiv>
                    <Unicode>sich befinde, disen seinen zustand zu lußen machen solle</Unicode>
                </TextEquiv>
            </TextLine>
            <TextLine id="r3l3" custom="readingOrder {index:2;}">
                <Coords points="2165,1085 2383,1047 2705,1097 2794,1062 2876,1099 3162,1057 3177,999 3014,979 2962,1008 2654,960 2571,1001 2164,1021"/>
                <Baseline points="2171,1055 2223,1053 2276,1050 2328,1049 2381,1049 2433,1047 2486,1047 2539,1047 2591,1047 2644,1047 2696,1047 2749,1047 2801,1047 2854,1047 2907,1049 2959,1048 3012,1047 3064,1047 3117,1046 3170,1046"/>
                <TextEquiv>
                    <Unicode>Seye aber in wahrhet intzig Vnd allenn zu dem Zloct</Unicode>
                </TextEquiv>
            </TextLine>
            <TextLine id="r3l4" custom="readingOrder {index:3;}">
                <Coords points="2183,1167 2451,1180 2545,1152 2654,1181 2819,1152 2923,1190 3195,1154 3195,1093 2948,1070 2696,1111 2549,1072 2482,1110 2283,1071 2183,1107"/>
                <Baseline points="2189,1149 2241,1149 2294,1149 2346,1149 2399,1149 2451,1149 2504,1148 2557,1148 2609,1146 2662,1146 2714,1145 2767,1145 2819,1144 2872,1143 2925,1143 2977,1143 3030,1143 3082,1143 3135,1143 3188,1143"/>
                <TextEquiv>
                    <Unicode>Vnd end beschehen, damit Er sich alhar begeben, Vnd sich</Unicode>
                </TextEquiv>
            </TextLine>
            <TextLine id="r3l5" custom="readingOrder {index:4;}">
                <Coords points="2153,1246 2278,1286 2402,1240 2517,1276 2915,1241 2976,1280 3222,1237 3222,1194 2644,1195 2544,1151 2153,1209"/>
                <Baseline points="2160,1233 2212,1235 2265,1236 2318,1238 2371,1239 2424,1240 2476,1241 2529,1242 2582,1242 2635,1242 2688,1242 2740,1242 2793,1242 2846,1241 2899,1241 2952,1239 3004,1238 3057,1238 3110,1236 3163,1234 3216,1232"/>
                <TextEquiv>
                    <Unicode>seiner auch annemen thue, wie dan grad eben zu dem and</Unicode>
                </TextEquiv>
            </TextLine>
            <TextLine id="r3l6" custom="readingOrder {index:5;}">
                <Coords points="2165,1359 2591,1386 2686,1380 2736,1339 2788,1369 2841,1345 2908,1358 2908,1304 2832,1256 2677,1311 2567,1274 2408,1310 2357,1281 2167,1277"/>
                <Baseline points="2172,1325 2208,1327 2244,1329 2281,1331 2317,1332 2354,1334 2390,1335 2427,1336 2463,1337 2500,1337 2536,1338 2572,1338 2609,1338 2645,1338 2682,1338 2718,1338 2755,1338 2791,1338 2828,1338 2864,1338 2901,1338"/>
                <TextEquiv>
                    <Unicode>seine Elberen sich hier auch einfindend.</Unicode>
                </TextEquiv>
            </TextLine>
            <TextLine id="r3l7" custom="readingOrder {index:6;}">
                <Coords points="2178,1462 2343,1453 2462,1510 2586,1512 2835,1459 3166,1475 3166,1380 2675,1407 2556,1375 2433,1406 2335,1357 2178,1396"/>
                <Baseline points="2184,1443 2232,1445 2281,1446 2330,1448 2379,1448 2427,1449 2476,1449 2525,1451 2574,1451 2622,1452 2671,1452 2720,1452 2769,1452 2817,1454 2866,1454 2915,1452 2964,1452 3012,1452 3061,1452 3110,1451 3159,1449"/>
                <TextEquiv>
                    <Unicode>Also vor Meghlen die Raht getragen, den 6. Julÿ: 1706.</Unicode>
                </TextEquiv>
            </TextLine>
            <TextEquiv>
                <Unicode>23
sich befinde, disen seinen zustand zu lußen machen solle
Seye aber in wahrhet intzig Vnd allenn zu dem Zloct
Vnd end beschehen, damit Er sich alhar begeben, Vnd sich
seiner auch annemen thue, wie dan grad eben zu dem and
seine Elberen sich hier auch einfindend.
Also vor Meghlen die Raht getragen, den 6. Julÿ: 1706.</Unicode>
            </TextEquiv>
        </TextRegion>
    </Page>
</PcGts>
