4032 3024
920 780 994 892 36
1497 810 1652 893 Mihsn
1006 844 1979 975 über den bereits hievor abgelegdten bericht
1001 909 1987 1024 und wie sie mit dieserem Kindt umbgangen
981 964 1962 1066 Ernstwörtig zurad zestellen. Ist dolchem
1679 1030 1835 1080 mit zuthun
995 1020 1950 1129 auf zu und gemeltem dato sebeywesen
987 1084 1922 1181 Er Gel dieneren zum Großweibels
991 1140 1940 1245 und Grichtschreibers folg geleistet vnd
888 1178 982 1277 9 durg
999 1190 1922 1308 darauff gedachte dirneisternstmeinend
892 1256 1005 1316 Wohlgedah
1019 1260 1897 1362 dahin vermahnt worden Gott dem
892 1292 998 1353 n Mohllen
1120 1306 1206 1359 dieE
1221 1310 1367 1365 zu Aben
896 1317 1925 1400 emngerren und der hochen Oberkeit als
934 1377 1883 1474 izudeßen Statthalteri auf Erden die
911 1418 992 1468 Gel.gli,
892 1453 986 1498 neren, he
1011 1437 1880 1538 Ehrzugeben undt die eigentliche Her¬
891 1487 1000 1537 Großloeibe
1009 1491 1865 1600 Zaugenheit der doch in Grundt des
893 1522 983 1574 vnd Gricf
899 1561 986 1638 heeiber
995 1550 1924 1647 Wahrheit zubekennen und anzuzeigen
1043 1606 1894 1713 darauff dann selbiges über die an¬
993 1664 1865 1779 Ihns getrückte fragen folgende be¬
997 1737 1764 1845 kandtnuß gethan. Erstlichen
1000 1804 1902 1920 Befragit wie es heiße, Wie alt, vnd
1015 1861 1545 1978 von Wannen es seye?
997 1910 1892 2062 Antw. Es heiße Margreth Ruß, seye
1001 1978 1979 2137 seines Vermuhtens bey 30. oder 31 Jah
1011 2043 1921 2198 ren alt, und zu krättigen der Kirchhort
1011 2100 1364 2196 sh daheimb.
2107 933 2164 1037 P
2096 1057 2166 1165 .
3136 818 3240 937 37
2198 895 3220 1020 Ob seine Ellteren noch im leben? oder
2188 973 3154 1081 wie lang es seye daß selbige gestorben
2187 1040 3228 1167 Seine Ellteren seyend nicht mehr im leben
2186 1126 3222 1226 Es möge sich an seinen Vatter nicht besinnen,
2177 1183 3244 1279 aber wohl an die Mutter, welche vor etwan
2170 1234 3238 1348 16. oder 27. Jahren gestorben, Selbige habe
2182 1296 3235 1399 nach des Vatters absterben einen anderen
2163 1357 3224 1462 Mann genormen Namens Christen Grauch
2176 1435 3220 1528 wohne noch zu krättigen, welcher Ihnen
2172 1485 3204 1557 Ihres Sächlin verthan, und waß die mit
2180 1554 3235 1639 werchen gewonnen, habe Er Ihnen Genom¬
2182 1604 3190 1697 men; Es seye aber mehr nit als ein Jahr
2169 1651 2947 1750 bey dem Stief Vatter gebliben.
2104 1715 3237 1854 2. Wo es sich, nach deme es von seiner Mutte¬
2176 1792 3238 1898 und Stieff Vatter hinwegkomen aufgehalten
2171 1857 3211 1953 Obs gedienet, oder wormit es sich aufge¬
2184 1909 2429 2003 erhalten.
2195 1967 3226 2090 Als Es von dem Stief Vatter hinwegkomen
2077 1975 2160 2109 H.
2164 2037 3188 2149 habe es zu Erst Sym Schreiber Lugibuhl
2188 2106 3218 2203 Atwann ein halb Jahr, hernach bym Schristen
2144 2142 3154 2270 Linner auch ohngefehrt einhalb Jahr ge¬
2161 2206 3183 2314 dienet nachwehrts habe es angefangen mit
2166 2262 2716 2353 Obs und Zöuw geberben
