4032 3024
888 781 934 842 4 6
879 1320 955 1437 Z.
893 1617 936 1686 de
905 1673 936 1735 1
908 1843 955 1976 E.
958 867 1864 994 Warumb es doch denen Leuthen in
957 940 1890 1053 dem nechsten Hauß, da es nohtwendig
947 994 1885 1111 für über müßen im Zurückgehen dat
952 1055 1923 1163 Anglück, so Ihme begegnet, nit angezeigt
989 1141 1871 1266 Es hätte freylich selbiges Thun sollen
1085 1202 1150 1248 eihm
971 1209 1864 1318 Es seye aber leid, daß es solches nit
971 1267 1128 1356 Inthan.
967 1331 1901 1454 Wann nun niemands gewußt hätte
958 1416 1869 1511 daß es ein Kindt gebohren, und selbiges
962 1454 1817 1577 nit alsobald wäre gefunden worden
953 1509 1899 1632 Ob es dann solches niemanden anzeigen
959 1571 1097 1640 wollen
977 1626 1881 1771 Gott der Hrr habe es gewußt, Es habe
1068 1700 1262 1749 ieschen verdenhet
962 1713 1853 1824 aber mornorist das Kindt wider wollen
961 1759 1848 1888 reichen und Inmanden geben der solches
967 1801 1585 1922 auß einen Kirchhoff vergrabe
1640 1870 1897 1943 der Genißt
964 1883 1923 2021 Ob Es nit auch noch selbigen Abends nachd
970 1942 1833 2070 da es eingezogen worden, und in de
968 1992 1886 2127 Chorgrichtlichen Banden sich befunden, alles
977 2064 1855 2189 gelaugnet, und sein Zeug gewäschen.
1688 2171 1794 2290 H.
2053 925 2142 1043 H.
2035 1169 2143 1302 H.
2076 1626 2119 1721 b
2081 1892 2124 1981 E
2061 2016 2137 2126 R.
3120 804 3218 924 47
2170 900 3246 1018 Ja es seyn wahr, es habe noch gelaugnet
2145 964 3224 1073 und seine S. h. strumpf selbigen Abends
2144 1029 3238 1122 in der Thor Grihtl. Gefangenschafft zewäschen
2144 1096 2662 1192 aber das Zwand nit
2163 1185 2721 1280 Ob Es nit auch in den
2537 1176 3241 1284 inmuten achen sein Kindt
2140 1248 3178 1348 zu Verderben und umbs leben zubringen
2140 1303 3174 1398 Große und schwähre Burden, Es deye Holtz
2145 1354 3231 1457 oder Anders, getragen, mithin auch andere
2143 1409 3133 1516 schwäre Arbeit verrichtet, zu dem End¬
2142 1466 3204 1564 damit das Kind ob der Nahrung kommen, vnd
2528 1532 2574 1611 5
2143 1541 2519 1623 Verderben solle
2160 1595 3192 1709 Solches habe es nit können wüßen, Es habe
2164 1672 3181 1753 seine Nahrung zugewinnen gearbeitet
2146 1710 3148 1812 wie andere mahl, und keine gedancken
2144 1771 3189 1875 gehabt, seinem Kindt dardurch zu schaden.
2162 1850 3193 1936 Ob es nit noch in der Wochen zu vor, daes
2165 1921 3210 2027 das Kindt gebohren, daßelbige gefführt habe.
2178 2005 3205 2110 Ja Am Mittwochen darvor habe es das
2147 2070 3176 2157 Kindt noch gespührt, da es zween Körb
2163 2133 3193 2217 soll Obß hinauff getragen, Einen auff dem
2140 2194 2994 2286 kopf und den anderen vor an Ihm
3001 2236 3108 2359 H.
