4032 3024
872 766 938 845 82
1472 835 1548 900 631
962 809 1926 969 Vor Letzt gehaltenem Hattag Er dem ge¬
1000 915 1920 1055 melten Gurtner und seine Tochter auf
987 983 1910 1128 offener Straß Oberhalb dem kein bey
980 1068 1911 1226 Stucks Hauß hieserourtfs dem Thurl
995 1162 1927 1299 in der postur angetraffen, alß wann
1006 1243 1914 1375 Er selbige beschlaßen wolte, war und ehr
1003 1318 1913 1471 Eber Er Roph sit gesehen, habe Er das
965 1394 1898 1558 Mürtl. gehort grnntzen, alß wann es
984 1481 1908 1623 Cerisiim darauf Er erstlich den Gugt¬
970 1581 1894 1719 mier bey dem Kopf, folgendts auch das
970 1644 1889 1801 Murtl dm beden gesechen, welches an¬
982 1732 1901 1881 einem Täntschen mit dem Kopf insich
976 1807 1891 1970 und mit den füße, obsich gelegen, der
981 1874 1914 2046 Vatter aber seye bey der Töchter Bei¬
969 1963 1909 2145 ruri, welche so viel alß auf der seitzen
1571 2134 1794 2234 gelegen,
3114 827 3188 891 83
2151 857 3229 1003 gelegen, inder gegrupfet und Ihre den gan¬
2134 949 3204 1080 itzen Leib aufgedeckt gehabt auch mit den
2134 1025 3210 1162 Landen Ihra 12.) die Schwam brastet und
2171 1110 3192 1244 erschanntet, und darzu gesagen, hiti fey¬
2143 1194 3188 1324 Ichein Keher die hast schon aar daran
2137 1260 3179 1392 Wir wun Er. Nochs solches gehört und
2150 1330 3186 1485 nacherhieze komen, habe die Techter Ihne
2889 1426 2917 1476 G
2148 1426 3185 1556 gesuchen und angefangen umb nibst rushen
2151 1496 3198 1647 auch sich von dem Vatter loos gemacht, wo¬
2136 1573 3155 1704 wauf E Aots Sie beyde und sonderlich
2140 1652 3180 1760 den Patter dieser unkeuschen Schandthat
2147 1732 3185 1864 halben bestrafft und zu dem Matter ge¬
2138 1811 3135 1955 sprochen, Ollen, Ohler was mächste da
2149 1893 3171 2034 Er geantwortet wal es Ihn angehe, da¬
2711 1964 2879 2039 deb
2138 1991 3144 2104 rüberhnn Er Gürdtner sich gegen seine
2152 2048 3157 2186 Tochter gantz Hörtig angestelt, und ge¬
2845 2168 3091 2285 bolget
