4032 3024
885 842 961 959 H.
971 840 1946 962 Ob Es das Kindt nit auch noch selbigen Tags
971 912 1925 1032 da es zum Chor hinauß gangen bey Ihme
959 978 1499 1065 hebendig gesführt habe?
973 1037 1894 1158 sein selbigen Tag habe es das Kindt
965 1113 1496 1207 mit lebendig gesführt
946 1180 1898 1281 Replii: das Kindt seye doch so vollkomen
970 1245 1897 1351 nur mit allei erforderlichen wesen, also
971 1300 1829 1400 versachen, befunden worden, daß es
978 1364 1893 1482 it anderst möglich seye, als daß solches
1234 1415 1325 1461 genichtt
971 1411 1868 1547 noch dem Tag muße lebendig gsin seyn.
955 1499 1844 1602 Antw. Es bätte umb Gottes wollen
961 1559 1813 1664 Ihme hierüber mit ferneren fragen
976 1607 1824 1721 zu verschonen, allermaßen Esalles
976 1672 1815 1787 angezeigdt, waß Ichmo in wußen
964 1711 1880 1870 Solchem nach wurdeIhme von Meihhl.
969 1815 1864 1920 Examinatoren nochmahlen vorgehalten
973 1875 1873 1990 waß maßen alle Vmbstand so verdächtig
977 1903 1841 2026 Wider Ihns vorfielen daß eine hoche
974 1956 1832 2098 Oberkeit an seiner Ver Antwortung
960 2018 1776 2154 sich nicht wurde ersettigen können;
1586 2144 1841 2233 sondern
3149 810 3226 901 49
2127 889 3181 985 sonderen die wahrheit an Tag zu bringen
2135 958 3226 1066 wohlsobald zu anderen Mittlen schreiten
2124 1027 2351 1101 müßen
2117 1057 3225 1160 Vorüber es geantwortet. Waß Gott
2132 1139 3150 1217 über Ihns verordnet habe, wolle es
2134 1187 3168 1289 gedultig leiden. Bätte aber Gott und
2129 1258 3156 1358 eine hoche Oberkeit umb Guad und ver¬
2135 1312 3232 1417 Zeichung, und wolle mit der hilf Gottes
2134 1383 2685 1468 sein leben beßeren
2118 1458 3220 1560 Weilen nun in der Guete auß diesem
2123 1531 3171 1605 Menschen nichts weiters her vorgebracht
2138 1587 3204 1666 werden können; als hat Mihles Exami¬
2125 1638 3171 1742 nator es bey diesem Examen vmb solches
2106 1695 3149 1802 E. Gil. zu dero hochweisen Vernerrn
2124 1756 3205 1860 Erkandtnuß zu hinderbringen für diß¬
2131 1821 3175 1933 mahl bewenden laßen. Actum 39te
2120 1882 2635 1981 Novembris 1709
