4032 3024
820 803 897 910 92
937 827 1935 990 hinzu komen, die Mutter zu Ihme gesagt
954 928 1927 1077 der Hauß Ihr Ehemann wolle Sie unbring¬
964 1015 1896 1143 solchem auch sagte die Mutter zu dem
937 1096 1905 1236 Mäydte, kannn wir wollen heimb, da
959 1184 1910 1323 nun das Märdtl aufgeständen, habe Ihm
946 1265 1911 1405 der Patter etwas ius Ehrküschelet, und¬
946 1362 1859 1485 Ihns Alßobald wider inder gezogen;
927 1447 1911 1569 Er Schuffmann uun solches sehend habe ge¬
944 1514 1896 1650 schräucen, Ohler Gher wis soll das
946 1606 1911 1741 teyn darauf der Ohler alsobald darvon
930 1694 1135 1816 gebasen
1117 1762 1166 1799 B. 8
916 1809 1908 1984 Redlichen Zeuigete BernacScheuger
955 1945 1898 2072 daß Sie damahls die Tochter eine gantze
934 2022 1902 2141 stundlang erhreren gehört Ach daß doch
946 2091 1899 2224 Armand kans, wie nach Seschenneri
1628 2193 1811 2291 Arat
2158 819 3181 987 Awsas nocher hinzukommen, habe Sie gehort
2150 909 3225 1069 daß der Vatter geschworen habe, 80 A) byym
2149 1011 3202 1117 Sacrament du eunst mir folgen, hierauf
2159 1078 3192 1218 habe Sie deß Gurtners Frauw angebroffen
2155 1166 3192 1305 und selbige gefragt was Sie da machen, das
2149 1253 3181 1384 ser to schreyen, die Bruth meynen Sie bringen
2161 1316 3192 1455 Einanderen umb; der Gatter und das
2158 1399 3213 1534 Mäydtl seyen neben einanderen am Boden
2166 1476 3152 1617 gehocket aber der Vatter seye alsobald
2893 1552 3183 1673 Endeten
2173 1567 2733 1683 darauf fort gelosen.
2930 1626 3188 1729 Actum
2170 1632 2856 1766 darmit Ihre Aussangen.
2163 1706 2832 1855 23sten January 1708.
