4032 3024
785 782 857 858 164
912 867 959 919 s
973 828 1881 982 welches Er gethan, nicht wüßend waß
964 913 1880 1033 der H. Landt rogt gemer begehre, da Er
958 976 1854 1102 nun gen Schwartzenburg ins Schloß
952 1028 1895 1173 komen, habe der H. Landtrogt fuhlistorf
929 1101 1877 1238 Ihne diesers Einbruchshalben Zured ge¬
947 1164 1877 1305 stellt, Er aber habe die That die Er nicht
951 1220 1829 1358 gethan, nicht bekandtlich seyn können
940 1296 1846 1412 sondern begehrt, daß mann Ihme
953 1347 1868 1479 seinen Ankläger under Augen stellen
947 1422 1833 1532 solle; der H. Landtrogt hingegen ge¬
934 1484 1832 1605 sagdt, Er seye dißmahl der Kleger,
944 1560 1826 1657 Er wolle Ihne schon zur bekandtnuß
941 1602 1829 1726 bringen und darauff Ihne in die ge¬
942 1664 1859 1797 fangenschafft gesetzt, auch mit der Mar¬
928 1737 1816 1860 ter betröukt; Wie Er nun gesechen
932 1800 1808 1933 daß seine frunde mit für Ihne nachen
930 1886 1851 1985 gangen und aber des Christen Rieners
930 1942 1820 2056 frund d er Auch mit Ihme eingesetzt
940 1992 1805 2113 worden; denselben bald widrumb ledig
918 2040 1806 2184 gemacht, seye Er verdrußig worden.
1599 2176 1732 2269 Vnd
2952 826 3049 909 165
2179 893 2283 966 habe
2085 903 3069 1027 Vnd ainheiteren Tag, mit dem fust, ein
2247 988 2278 1028 on
2074 982 3096 1082 Eisen an Einem Loch weggestoßen, undt
2080 1047 3057 1152 durch dasselbe sich dar von und hinwegge¬
2079 1118 2226 1207 macht.
2017 1181 3098 1319 E. Ob Ihme damahls nicht Jemands ge¬
2060 1262 3099 1369 holfen oder Anweisung geben, wie Er solle
2072 1329 2349 1427 l00s komen.
2047 1391 3048 1507 R. ein Es habe Ihme inwand darzu
2078 1471 2871 1572 Geholffen noch anweisung geben.
2013 1557 3021 1677 Zi Ob Er nit im Brachmonat 170b mit
2062 1642 3050 1751 Einem Sach voll Zeug über das Schwartz¬
2068 1724 2430 1806 waßer gangen
2035 1792 3066 1925 . Ja und das Mauchmahl damshr all
2069 1872 3049 1959 wegen drüber gangen Gan Brodt kausen
2069 1937 3040 2055 und solches in einem sact Zeimbgetragen
1996 2041 3021 2160 E Ob Erniemahls zu dudingen im fey
2047 2103 2496 2215 Burg gebiet gewesen
2021 2178 2584 2278 d. Nein Niemahlen.
2844 2216 2922 2334 2
