4032 3024
833 799 925 891 128
981 822 1897 963 Ihme dieser wohrten wegen Recht abgeforde¬
993 895 1895 1023 ret, Er deren geständig gsin, auch erbotten
990 952 1884 1086 darüber bescheid zu geben. Beruffe ich
998 1025 1891 1137 ber auf den wald amann und übrige
975 1092 1873 1201 die damahlen bey Ihme am Tisch ge¬
970 1148 1865 1274 seßen, und hiervon zu Zeugen wüßen.
971 1313 1898 1438 zierauffunn sindt gleichen Tags wegen
998 1401 1884 1526 dieser auf den Liechtn geklagdten wohrten
991 1447 1860 1566 nach folgende Khundtschafftn Jede der
985 1523 1808 1622 selben absonderlich vorgelaßen vnd
983 1582 1882 1702 Vernommen worden, Vnd zwar Erst¬
998 1644 1104 1728 lichen
988 1710 1881 1831 Niclaus Streytt des Waldam¬
999 1793 1862 1894 mans Sohn ein Krab von ohngefehrt
817 1868 1860 1955 4 geredt, 15. Jahren welcher gezeuget, daß Er
1004 1913 1847 2021 damahls mit dem Kiechte und Ihne
1005 1964 1876 2095 vom Glauben vnd den Heil. Saira
1006 2027 1875 2152 menten gefragdt, der riechti aber nit
988 2090 1889 2243 also antworten können, wie Er gezeig
1622 2243 1786 2303 seinem
2136 841 3148 970 seinem Herren Predicanten thue, da habe
2147 926 3123 1034 Er Ihms außgelegdt, Vnd er solchen reden
2151 983 3163 1093 nun habe der Liecht; zu Ihme gesagdt, Ein
2125 1050 3132 1153 Mensch könne den anderen und nit sehlig
2154 1106 3133 1193 nachen und nit verdammen. Dann der
2116 1155 3108 1269 Ihr von 1 Vyl habe Ihn Teuffels bub ge¬
2123 1219 3141 1328 heißen, und Gesagdt Er habe Ihm große
2137 1281 3130 1395 Zihtthaten erzeigt Er Liecht, aber habe
2140 1343 3147 1429 gedenckt der 2 euffel neme die Guht¬
2283 1406 2440 1458 vnd vlgrt
2135 1408 3143 1515 thaten wann der Ihr Ihne dem Pathan
2139 1467 3132 1571 übergebe. Er Gezeug aber habe nit
2121 1529 3114 1636 gehördt und könne nit sagen, daß
2126 1599 3102 1690 der Liecht, wie der Wald amann sein
2125 1650 3144 1734 Vatter gesagdt, behuet Vnß Gott etwas
2119 1710 3108 1806 darauf geantwortet, wohl aber habe
2120 1781 3114 1863 der Liechti zuvor, da Er von einem Ande
2920 1834 3078 1871 einmatl
2129 1824 3133 1933 ren Mann seye Antriben worden thott
2116 1878 3078 1984 geschwohren, und Gott zum Zeugen ge¬
2129 1939 3116 2051 nomen, weiters habe Er den Liecht; mit
2123 1996 3003 2117 gehördt boses geden oder schwehren
2114 2086 3144 2234 HHanns Geprg Streytt der Wald¬
2834 2188 3079 2306 amann
