4032 3024
793 786 875 875 162
1024 849 1886 1000 Ob Er nit drunden in den Waldstätten
917 918 1049 983 Vo
931 948 1835 1063 auch diebstahls wegen eingesetzt worden
929 1007 1787 1119 und dorthen auß den feslen gewißen.
871 1086 1837 1216 R. Nein Er seyn dorthen mit wegen dieb
923 1175 1828 1281 stahls, sondern wie angezeigt, sondernn
926 1225 1850 1341 daß Er einem Schreine sachen verderbt
917 1288 1819 1409 haben solle angeklaget worden. So sey
922 1342 1828 1462 Er auch nicht auß den banden gerißen
924 1433 1807 1525 dann Mann habe Ihn wider ledig ge¬
918 1477 1853 1592 laßen, und bald hernach für A4f Tagleng
922 1547 1774 1643 nachhauß zugehen bewilliget, da Er
1423 1611 1839 1665 thuf zugestosener
911 1615 1818 1711 dann wegen darauf alsgegrankener
931 1664 1789 1775 angweirigen Kranckheit nicht wider
907 1726 1300 1834 hinunder gangen
1682 1777 1787 1868 uß
952 1806 1784 1931 Vaß Er damahls für Zeug mit
938 1880 1841 1978 den waldstetten mit Ihme nachSchwar¬
928 1930 1819 2039 Zzeuburg gebracht und dorthen Verkaufft
913 1982 1022 2067 habe
883 2055 1525 2198 H. Er habe drunden einer
1549 2118 1752 2213 ragoner,
1552 2189 1829 2301 da dieselben
2979 832 3064 912 163
2361 860 2553 947 zu Ihnen
2065 880 3058 999 Da dieselben nit quartier komen, etwas
2078 961 3090 1036 wenigs seidenen Zeugs abgekauft, welches
2071 1022 3066 1132 Er mit nach Schwartzenburg gebracht, vnd
2071 1081 2801 1191 dorthen widrumb vorkauft
2017 1171 3055 1308 E Ob Er nit auch zuSchwartzenbure
2074 1255 2973 1370 eingezogen worden und Warumb?
2064 1352 3057 1480 E. Es heyge Christen Mischler der krä¬
2068 1436 3029 1550 mer im Guggisferg Ihne Pfeuti bey
2075 1509 3083 1589 dem damahligen zu Landtrogte Fyhlistor
2049 1572 3001 1681 beklaget, daß Er Ihme nachts in Kram
2069 1636 3064 1737 aden gebrochen, vnd Auch entwendt Er seye
2061 1697 3027 1806 aber dieser sachhalben Gantz unschuldig
2057 1768 3042 1875 und dieselbe nacht da solches geschechen sey,
2058 1840 3004 1930 soll, nie mahl für sein Haußtach hinauß
2863 1895 2983 1942 eines
2990 1914 3063 1985 aff
2041 1897 2951 2008 kommen; Solchem nach wie Er ein
2056 1952 3004 2055 Abendt mit dem Christen Diener aus
2048 2023 3048 2124 dem Holtz heimbkommen, habe der Weibel
2060 2085 3048 2190 zu Guggisferg Ihme angezeiget, daß Er
2056 2151 3036 2254 ins Schloß zu dem H. Landtrogt gethen solle
2812 2240 3024 2338 welchesc
