4032 3024
874 852 991 1013 H.
1025 850 1936 1009 abe solches gegen seinem Vatter nit thun
1017 949 1205 1063 dorffen
851 1014 1009 1178 E.S
1032 1037 1910 1198 sorumb aber alß das erstemahl es vom
1010 1134 1931 1279 sätter loos gen, es nit fort geloßen, widere
996 1224 1916 1343 alzeit gewartet, Ja biß zum dritten mahl
988 1303 1922 1432 sich gersaght mueße za folgen, daß es solches
1005 1379 1337 1493 gern gethan habe
883 1451 985 1572 K.
1012 1446 1889 1594 Es habe geng wollen fort gehen, der Vatter
1000 1542 1926 1667 aber habe es mit wollen gehen laßen, habe auch
988 1610 1906 1739 beym Herrenschesenden soltzl. den Nochtumb
990 1686 1909 1814 Gottes willen bätten, daß Er mit Ihnen heimb¬
975 1756 1748 1874 gehen solle, Er habe aber nit wollen.
885 1832 1936 2004 E. Worumb es dannsteill geseßen, und dem Vatter
987 1921 1208 2028 gelauget.
863 1986 1905 2175 E. Es habe es wohl thun müßen, dennoch aber
1672 2160 1825 2249 habe
3164 815 3241 905 65
2142 878 3258 1020 habe der Vatter allweil es Ihm gelauget, Ihm
2980 958 3073 1009 in d
2156 981 3201 1100 mit Tha sonderen Gustoer habe Er Ihnd so innen
2119 1034 2364 1170 Hogen.
2837 1103 2960 1190 et
2046 1154 3189 1285 sins vnnrs dergleichen schen mit gern gethan
2643 1223 2734 1273 arl
2874 1223 3014 1275 ers
2140 1225 3234 1347 hätte, so würde es auch jemanden gefragt aben
2773 1301 2888 1365 gug
2952 1297 3079 1361 Rab.
2143 1306 3158 1430 was Ihme auf der Hernstraß begegnen ferr?
2861 1385 3096 1449 igt ttlkn
2003 1393 2161 1520 H. g
2161 1417 3235 1533 Ehabe solches seiner Muttergeklagt die Mut¬
2162 1479 3209 1604 iter hbe darüber den Vatter gebalret, der
2149 1556 3227 1667 Vatter dann habe versprochen, er wolle sich beßen
2140 1660 2279 1708 ee.
2118 1675 3159 1836 Obes auch genusste, wls für eine großen und
2002 1707 2104 1849 E.
2161 1774 2423 1895 solches seyr.
1999 1846 3190 1971 R. kein, es habe es zusor nit gewusst sonderen
2146 1951 3188 2062 erst auf dem Corhauß habe es solches verstanden.
2060 2034 3167 2226 Endtlichen ist Ihme nochmahlen und zwar
2925 2196 3101 2292 mit
