4032 3024
861 803 938 907 106.
956 841 1868 999 Als es aber in Veraren Krefftig ermahnt
1766 975 1898 1037 grunglich
977 953 1912 1089 Worden, Gott die ehre zugeben, Vnd die Wahrheit
961 1031 1828 1147 zubekennen, Vnd also ohne Nerners Verhalen
960 1087 1880 1244 zu sagen, Ob sein Vatter Iich mit Ihme nit auch
967 1178 1490 1306 fleischlichen Vermischt habe?
897 1278 1892 1427 R. hat es daruber gantz Rachgesagt, Nei, es
992 1379 1856 1498 Wuße in seinem hertzen Wohl daß das nicht
990 1453 1907 1571 geschehen seye, sein Vatter habe Ihme auch solches
984 1521 1400 1629 nimahls zugemuhlet.
848 1614 957 1721 2
971 1612 1885 1764 Auf Herners befragen, ob es mit etwan ge¬
952 1698 1854 1838 schloecht, gesehet, vnd geschandt Morden seye.
860 1796 1860 1934 H. hates geantwortet, Nein Wanes wäre, so
957 1878 1884 2016 Wolte es solches sagen, es habe deßhalben, Gott
940 1946 1706 2091 Lob vnd dank ein gutes gelaußen
1013 2053 1365 2204 sur Bchlag. 15 1.
3047 817 3169 902 105
2364 824 2843 966 Bartiy Kastej.
2146 938 3189 1064 Cachdeme der, von denen zwey
2144 1020 3192 1136 im Aprili 1706. alhier mit dem strangen
2134 1083 3169 1208 hingerichten dieben, Heinrich Würth vnd
2121 1150 3154 1265 zunrich guntz als Compliae angegebne
2132 1214 3154 1315 Bartli Kastli den 1t diß lauffenden
2129 1276 3088 1394 Monats Frunden hinder dem Ambt
2124 1347 3169 1448 Wangen in gefangklichen Verhafft gezogen,
2131 1420 3129 1531 folglichen auß Obertl. Veranstaltung
2148 1464 3186 1587 von dort alhar in allhiesige gefangenschaft
2140 1540 3102 1643 gebracht und gesetzet, und darüberhin
2134 1597 3131 1715 auß Obertl. befelche durch I einen hoch
2140 1658 3116 1764 geEhrten Herren Rahts Herren Prisching
2153 1725 3165 1826 nit zuthun Herren Großweibel Gerßet
2146 1780 3150 1873 und des Grichtschreibers in gegenwahrt
2147 1840 3168 1947 Mörthl grantz von Wehrts dey 12 Juli
2142 1907 3136 2005 1708. uber begangene diebstahl exami
2143 1962 3109 2069 niert worden; hat dieser gefangene
2130 2032 3129 2147 Pastl auf Vorgangenes in dergleichen
2135 2085 3144 2225 fahlen erforderliches frefftige zusprechen
2154 2170 3003 2278 nachfolgende Bekandtnuß gethan
2877 2239 3132 2349 Namblichen
