4032 3024
870 1399 977 1539 H.
844 1659 1014 1786 D. G
834 1853 980 2007 .
925 758 994 845 78
1027 797 1957 979 sndern auch auf eine schändlich weis g
1016 900 1934 1063 heimblichen Ehrten betastet, und auch be¬
1007 987 1950 1144 schauiet so wolle Er nun auch gegen und
1040 1061 1952 1228 grkennen, Ob Er mit auch fenen boste¬
1019 1129 1959 1326 Willen Vollkomblichen mit einer Töchter
998 1241 1929 1403 Volbracht, vnd sich also fleischlichen mit
1011 1332 1549 1471 Ihre vermischt habe?
1852 1438 1900 1502 8
996 1429 1917 1625 Nein darseyrmit geschehet, Er steer
999 1534 1919 1687 gleicheohl dem Teuhfel nit vollkommen
1006 1604 1459 1747 instrick gefallen
1032 1689 1917 1866 i was Zweck und vnd dama er gende
1019 1799 1920 1961 Töchter inderzogen und ratblofft habe.
1008 1897 1925 2096 beihrige wollen Lugen, whit es sich halten
1016 1986 1212 2065 Motle.
1435 2087 1764 2229 Endtlichen
3114 817 3190 910 29
2151 869 3242 1021 Eintlichen ist Ihme mit Vorhaltung noch an¬
2179 961 3225 1101 derer vmbstanden mehr kräfftig zuge¬
2160 1063 3223 1180 sprochen worden, daß Er die Wahrheit wei¬
2170 1142 3180 1259 ters mit verhalten, und also ohne ferners
2170 1214 3207 1331 Aufziehen bekennen solle, daß Er Ja duch
2155 1281 3216 1422 seine Tochter würcklichen beschlaßen habe.
2163 1417 3192 1565 Er hat aber ohngeacht alles kräfftigen zu¬
2173 1512 3209 1629 sprechens zu fernerer Bekanntnuß nit
2163 1591 3191 1715 gebracht werden mögen, sonderen ist steiff
2176 1656 3207 1798 darauf verhärret, daß Er einmohl mit
2167 1748 3177 1865 Vollbringung der boten that selbsten sich
2173 1816 3141 1937 dar nicht beflecbet und befudlet habe
2165 1907 3177 2025 Vnd also anders nichts, alß was Er be¬
2156 1985 3022 2116 reits angezeigt, vorgangen seye.
