<?xml version="1.0" encoding="UTF-8" standalone="yes"?>
<PcGts xmlns="http://schema.primaresearch.org/PAGE/gts/pagecontent/2013-07-15" xmlns:xsi="http://www.w3.org/2001/XMLSchema-instance" xsi:schemaLocation="http://schema.primaresearch.org/PAGE/gts/pagecontent/2013-07-15 http://schema.primaresearch.org/PAGE/gts/pagecontent/2013-07-15/pagecontent.xsd">
    <Metadata>
        <Creator>prov=University of Rostock/Institute of Mathematics/CITlab|PLANET AI GmbH/Gundram Leifert/gundram.leifert@planet-ai.de:name=Transkribus German Kurrent M2(htr_id=29820)::::v=2.6.7
prov=University of Rostock/Institute of Mathematics/CITlab|PLANET AI GmbH/Tobias Gruening/tobias.gruening@planet-ai.de:name=de.uros.citlab.module.baseline2polygon.B2PSeamMultiOriented:v=2.6.7
prov=University of Rostock/Institute of Mathematics/CITlab|PLANET AI GmbH/Tobias Gruening/tobias.gruening@planet-ai.de:name=/net_tf/LA73_249_0mod360.pb:de.uros.citlab.segmentation.CITlab_LA_ML:v=2.6.7
Transkribus</Creator>
        <Created>2022-05-02T15:58:44.401+02:00</Created>
        <LastChange>2022-09-12T15:58:01.287+02:00</LastChange>
        <TranskribusMetadata docId="1336520" pageId="52421041" pageNr="39" tsid="114799333" status="IN_PROGRESS" userId="9570" imgUrl="https://files.transkribus.eu/Get?id=JWPQQAPFAZLUZZYLRJJHWUGO&amp;fileType=view" xmlUrl="https://files.transkribus.eu/Get?id=PZEXXQBBBCVVCELQNONIBUMM" imageId="30693678"/>
    </Metadata>
    <Page imageFilename="IMG_6450.jpg" imageWidth="4032" imageHeight="3024">
        <ReadingOrder>
            <OrderedGroup id="ro_1687513547004" caption="Regions reading order">
                <RegionRefIndexed index="0" regionRef="r1"/>
                <RegionRefIndexed index="1" regionRef="r2"/>
                <RegionRefIndexed index="2" regionRef="r3"/>
            </OrderedGroup>
        </ReadingOrder>
        <TextRegion orientation="0.0" id="r1" custom="readingOrder {index:0;}">
            <Coords points="870,1813 870,1966 885,1966 885,1813"/>
            <TextLine id="r1l1" custom="readingOrder {index:0;}">
                <Coords points="858,1930 865,1932 869,1929 877,1928 878,1930 884,1929 890,1931 905,1856 875,1849"/>
                <Baseline points="870,1913 885,1916"/>
                <TextEquiv>
                    <Unicode></Unicode>
                </TextEquiv>
            </TextLine>
            <TextEquiv>
                <Unicode></Unicode>
            </TextEquiv>
        </TextRegion>
        <TextRegion orientation="0.0" id="r2" custom="readingOrder {index:1;}">
            <Coords points="891,904 891,2278 1962,2278 1962,904"/>
            <TextLine id="r2l1" custom="readingOrder {index:0;}">
                <Coords points="897,972 969,938 1080,981 1228,946 1338,1001 1513,977 1576,1016 1633,972 1773,973 1822,1023 1890,993 1967,1020 1973,904 1674,919 1600,872 1392,859 1277,890 1222,841 1080,836 980,895 902,877"/>
                <Baseline points="906,939 958,939 1011,939 1064,939 1117,941 1170,942 1222,944 1275,947 1328,949 1381,952 1434,954 1486,959 1539,961 1592,966 1645,968 1698,972 1750,975 1803,980 1856,983 1909,986 1962,989"/>
                <TextEquiv>
                    <Unicode>G. O6 Et. mit auch beym Hrrenscheselnden hölt</Unicode>
                </TextEquiv>
            </TextLine>
            <TextLine id="r2l2" custom="readingOrder {index:1;} person {offset:31; length:9; continued:true;}">
                <Coords points="983,1061 1045,1070 1122,1023 1204,1079 1275,1038 1371,1070 1459,1038 1511,1075 1601,1043 1963,1070 1965,1018 1906,998 1825,1025 1635,971 1576,1016 1410,980 1331,999 1227,945 1147,983 988,951"/>
                <Baseline points="993,1020 1041,1022 1089,1023 1137,1025 1185,1027 1233,1029 1281,1032 1330,1034 1378,1037 1426,1038 1474,1041 1522,1043 1570,1046 1618,1048 1667,1050 1715,1052 1763,1055 1811,1056 1859,1058 1907,1059 1956,1059"/>
                <TextEquiv>
                    <Unicode>gl puur Tochter inderzogen und Anehsbat¬</Unicode>
                </TextEquiv>
            </TextLine>
            <TextLine id="r2l3" custom="readingOrder {index:2;} person {offset:0; length:3; continued:true;}">
                <Coords points="996,1126 1130,1106 1318,1173 1411,1142 1602,1181 1700,1139 1825,1177 1951,1144 1953,1089 1609,1043 1506,1080 1459,1040 1234,1094 1134,1034 998,1081"/>
                <Baseline points="1005,1106 1054,1106 1103,1107 1153,1109 1202,1112 1252,1114 1301,1116 1350,1119 1400,1122 1449,1124 1499,1127 1548,1130 1598,1131 1647,1134 1696,1136 1746,1137 1795,1137 1845,1137 1894,1137 1944,1136"/>
                <TextEquiv>
                    <Unicode>ger und ueverschambter weit betastet</Unicode>
                </TextEquiv>
            </TextLine>
            <TextLine id="r2l4" custom="readingOrder {index:3;}">
                <Coords points="1000,1208 1022,1208 1049,1198 1081,1198 1103,1210 1130,1212 1130,1137 1121,1139 1103,1130 1093,1136 1075,1130 1062,1134 1043,1117 1027,1133 1018,1127 1000,1127"/>
                <Baseline points="1008,1185 1036,1185 1065,1185 1093,1185 1122,1185"/>
                <TextEquiv>
                    <Unicode>sabe.</Unicode>
                </TextEquiv>
            </TextLine>
            <TextLine id="r2l5" custom="readingOrder {index:4;}">
                <Coords points="884,1308 908,1314 922,1324 949,1310 954,1313 960,1305 968,1312 992,1313 984,1206 970,1204 951,1219 928,1210 902,1237 878,1233"/>
                <Baseline points="891,1308 922,1302 953,1298 984,1302"/>
                <TextEquiv>
                    <Unicode>H.</Unicode>
                </TextEquiv>
            </TextLine>
            <TextLine id="r2l6" custom="readingOrder {index:5;}">
                <Coords points="899,1475 1063,1451 1289,1479 1350,1528 1548,1495 1617,1536 1687,1502 1750,1540 1896,1511 1900,1451 1775,1402 1651,1453 1563,1391 1237,1420 908,1328"/>
                <Baseline points="909,1448 958,1449 1007,1451 1056,1454 1105,1458 1154,1461 1203,1466 1252,1469 1301,1474 1350,1478 1399,1482 1448,1486 1497,1490 1546,1493 1595,1495 1644,1497 1693,1497 1742,1497 1791,1496 1840,1494 1890,1490"/>
                <TextEquiv>
                    <Unicode>G. Ob e und eine Töchter mit auch bey der</Unicode>
                </TextEquiv>
            </TextLine>
            <TextLine id="r2l7" custom="readingOrder {index:6;}">
                <Coords points="987,1534 1640,1597 1908,1578 1910,1544 1826,1508 1680,1555 1553,1501 1493,1527 1404,1498 1354,1532 1312,1488 1267,1504 1201,1465 1128,1503 1062,1452 990,1478"/>
                <Baseline points="995,1527 1040,1530 1085,1533 1131,1538 1176,1541 1221,1544 1267,1548 1312,1552 1357,1556 1403,1559 1448,1562 1493,1566 1539,1568 1584,1569 1629,1571 1675,1572 1720,1572 1765,1572 1811,1570 1856,1568 1902,1565"/>
                <TextEquiv>
                    <Unicode>Eindach Matten bey einänderen am Boden</Unicode>
                </TextEquiv>
            </TextLine>
            <TextLine id="r2l8" custom="readingOrder {index:7;}">
                <Coords points="994,1644 1089,1679 1140,1637 1338,1648 1373,1682 1458,1649 1558,1701 1640,1661 1744,1711 1804,1672 1937,1689 1943,1592 1857,1623 1578,1580 1427,1598 1371,1561 1296,1594 1162,1557 1103,1597 999,1566"/>
                <Baseline points="1004,1614 1050,1617 1096,1619 1143,1621 1189,1625 1236,1627 1282,1631 1328,1634 1375,1637 1421,1641 1468,1644 1514,1647 1560,1650 1607,1652 1653,1655 1700,1656 1746,1658 1792,1659 1839,1659 1885,1658 1932,1658"/>
                <TextEquiv>
                    <Unicode>gelegen geyen, und seire Töchter Ihre gez</Unicode>
                </TextEquiv>
            </TextLine>
            <TextLine id="r2l9" custom="readingOrder {index:8;}">
                <Coords points="998,1729 1041,1727 1062,1748 1090,1733 1131,1759 1177,1731 1245,1753 1301,1738 1304,1679 1277,1666 1223,1654 1212,1662 1191,1640 1163,1662 1124,1655 1084,1681 1042,1642 1004,1641"/>
                <Baseline points="1008,1697 1034,1698 1060,1699 1086,1700 1112,1701 1138,1703 1164,1703 1190,1706 1216,1707 1242,1709 1268,1711 1295,1716"/>
                <TextEquiv>
                    <Unicode>laufet habe.</Unicode>
                </TextEquiv>
            </TextLine>
            <TextLine id="r2l10" custom="readingOrder {index:9;}">
                <Coords points="893,1846 915,1845 940,1826 961,1825 971,1834 986,1833 987,1704 966,1707 956,1717 937,1707 923,1712 894,1708"/>
                <Baseline points="900,1802 926,1806 952,1807 978,1802"/>
                <TextEquiv>
                    <Unicode>Ri</Unicode>
                </TextEquiv>
            </TextLine>
            <TextLine id="r2l11" custom="readingOrder {index:10;}">
                <Coords points="1002,1823 1343,1832 1505,1893 1572,1851 1636,1901 1705,1859 1781,1887 1846,1850 1914,1862 1918,1780 1843,1797 1800,1758 1618,1798 1373,1781 1336,1752 1169,1773 1008,1729"/>
                <Baseline points="1011,1797 1055,1800 1100,1805 1145,1808 1190,1812 1235,1817 1280,1821 1324,1825 1369,1828 1414,1832 1459,1836 1504,1839 1549,1842 1594,1844 1638,1846 1683,1848 1728,1848 1773,1848 1818,1848 1863,1847 1908,1845"/>
                <TextEquiv>
                    <Unicode>Ju, seine Töchter habe Ihme za gelauget.</Unicode>
                </TextEquiv>
            </TextLine>
            <TextLine id="r2l12" custom="readingOrder {index:11;}">
                <Coords points="1203,1865 1227,1868 1232,1875 1261,1869 1272,1879 1284,1871 1322,1882 1336,1874 1404,1891 1407,1857 1372,1858 1352,1837 1327,1847 1299,1827 1260,1843 1227,1824 1206,1828"/>
                <Baseline points="1211,1866 1237,1866 1264,1866 1290,1868 1317,1871 1343,1874 1370,1877 1397,1878"/>
                <TextEquiv>
                    <Unicode>doelde</Unicode>
                </TextEquiv>
            </TextLine>
            <TextLine id="r2l13" custom="readingOrder {index:12;}">
                <Coords points="909,1932 929,1926 936,1919 942,1924 951,1915 970,1910 954,1827 946,1829 940,1825 932,1835 917,1839 907,1850 903,1847 894,1851"/>
                <Baseline points="914,1919 962,1910"/>
                <TextEquiv>
                    <Unicode>C.</Unicode>
                </TextEquiv>
            </TextLine>
            <TextLine id="r2l14" custom="readingOrder {index:13;}">
                <Coords points="1894,1932 1910,1934 1918,1928 1923,1934 1943,1935 1943,1860 1934,1860 1929,1856 1919,1863 1913,1860 1894,1863"/>
                <Baseline points="1902,1920 1935,1920"/>
                <TextEquiv>
                    <Unicode></Unicode>
                </TextEquiv>
            </TextLine>
            <TextLine id="r2l15" custom="readingOrder {index:14;}">
                <Coords points="988,1927 1025,1916 1078,1959 1234,1936 1273,1973 1325,1946 1434,1987 1607,1964 1793,2021 1873,1995 1879,1914 1726,1865 1604,1938 1516,1889 1359,1909 1208,1862 1144,1891 1065,1858 991,1875"/>
                <Baseline points="996,1910 1039,1912 1083,1917 1126,1920 1170,1924 1214,1928 1257,1932 1301,1935 1344,1941 1388,1944 1432,1949 1475,1952 1519,1956 1562,1959 1606,1962 1650,1964 1693,1967 1737,1968 1780,1968 1824,1968 1868,1968"/>
                <TextEquiv>
                    <Unicode>Ob Er mit auch daselbsten seine Tochter</Unicode>
                </TextEquiv>
            </TextLine>
            <TextLine id="r2l16" custom="readingOrder {index:15;}">
                <Coords points="976,2042 1053,1997 1148,2041 1182,2016 1328,2056 1389,2031 1527,2072 1591,2039 1856,2061 1933,2045 1936,2004 1776,2026 1522,1954 1423,1998 1180,1940 983,1949"/>
                <Baseline points="987,1982 1033,1985 1080,1989 1127,1994 1174,1998 1221,2003 1268,2007 1315,2012 1362,2015 1409,2019 1456,2024 1502,2028 1549,2031 1596,2034 1643,2037 1690,2040 1737,2042 1784,2043 1831,2043 1878,2043 1925,2043"/>
                <TextEquiv>
                    <Unicode>schändlicher wiih entblässe und an mehr¬</Unicode>
                </TextEquiv>
            </TextLine>
            <TextLine id="r2l17" custom="readingOrder {index:16;}">
                <Coords points="980,2101 1103,2075 1144,2116 1201,2087 1392,2147 1480,2114 1781,2169 1924,2122 1929,2054 1602,2039 1520,2071 1380,2035 1288,2068 1235,2023 1133,2044 1053,1998 984,2041"/>
                <Baseline points="990,2064 1036,2066 1082,2069 1129,2071 1175,2075 1221,2078 1268,2082 1314,2086 1360,2091 1407,2095 1453,2099 1499,2103 1546,2106 1592,2109 1638,2112 1685,2114 1731,2115 1777,2115 1824,2115 1870,2114 1917,2111"/>
                <TextEquiv>
                    <Unicode>baren Ohrten unverschambten whei Betan¬</Unicode>
                </TextEquiv>
            </TextLine>
            <TextLine id="r2l18" custom="readingOrder {index:17;}">
                <Coords points="988,2186 1020,2195 1037,2182 1061,2181 1091,2199 1128,2201 1162,2189 1181,2196 1216,2171 1237,2171 1241,2097 1206,2092 1189,2105 1178,2097 1144,2116 1103,2075 993,2093"/>
                <Baseline points="998,2142 1023,2141 1049,2142 1075,2142 1101,2144 1126,2145 1152,2147 1178,2149 1204,2151 1230,2153"/>
                <TextEquiv>
                    <Unicode>istet habe?</Unicode>
                </TextEquiv>
            </TextLine>
            <TextLine id="r2l19" custom="readingOrder {index:18;}">
                <Coords points="1524,2266 1551,2258 1580,2278 1612,2280 1692,2264 1769,2310 1802,2308 1842,2285 1844,2185 1812,2178 1785,2200 1751,2180 1698,2190 1655,2155 1525,2209"/>
                <Baseline points="1532,2250 1557,2252 1582,2254 1607,2255 1633,2256 1658,2256 1683,2256 1708,2256 1734,2256 1759,2258 1784,2258 1809,2258 1835,2259"/>
                <TextEquiv>
                    <Unicode>E. Alß</Unicode>
                </TextEquiv>
            </TextLine>
            <TextEquiv>
                <Unicode>G. O6 Et. mit auch beym Hrrenscheselnden hölt
gl puur Tochter inderzogen und Anehsbat¬
ger und ueverschambter weit betastet
sabe.
H.
G. Ob e und eine Töchter mit auch bey der
Eindach Matten bey einänderen am Boden
gelegen geyen, und seire Töchter Ihre gez
laufet habe.
Ri
Ju, seine Töchter habe Ihme za gelauget.
doelde
C.

Ob Er mit auch daselbsten seine Tochter
schändlicher wiih entblässe und an mehr¬
baren Ohrten unverschambten whei Betan¬
istet habe?
E. Alß</Unicode>
            </TextEquiv>
        </TextRegion>
        <TextRegion orientation="0.0" id="r3" custom="readingOrder {index:2;}">
            <Coords points="2010,835 2010,2278 3215,2278 3215,835"/>
            <TextLine id="r3l1" custom="readingOrder {index:0;}">
                <Coords points="3127,881 3135,880 3144,888 3150,885 3169,896 3186,890 3196,880 3205,885 3218,884 3211,811 3196,812 3189,817 3186,814 3161,815 3153,825 3147,824 3132,842 3124,843"/>
                <Baseline points="3134,875 3159,875 3184,871 3209,869"/>
                <TextEquiv>
                    <Unicode>75</Unicode>
                </TextEquiv>
            </TextLine>
            <TextLine id="r3l2" custom="readingOrder {index:1;}">
                <Coords points="2027,1003 2207,1015 2337,967 2589,1021 2699,961 2970,1017 3221,987 3220,885 2972,916 2721,864 2642,915 2577,879 2472,918 2414,880 2025,918"/>
                <Baseline points="2034,978 2096,977 2158,975 2220,973 2282,972 2344,971 2406,971 2468,969 2530,969 2592,969 2654,968 2716,968 2778,966 2840,966 2902,965 2964,963 3026,962 3088,960 3150,957 3213,954"/>
                <TextEquiv>
                    <Unicode>R. Alß seine Tochter Ihme gelauset, wn Er dus</Unicode>
                </TextEquiv>
            </TextLine>
            <TextLine id="r3l3" custom="readingOrder {index:2;}">
                <Coords points="2149,1059 2286,1050 2346,1096 2444,1050 2548,1100 2630,1041 2741,1085 2816,1043 3087,1077 3205,1041 3179,976 2967,1017 2767,971 2570,1023 2488,979 2295,974 2206,1016 2148,984"/>
                <Baseline points="2156,1052 2208,1050 2260,1049 2312,1047 2364,1047 2416,1046 2468,1046 2520,1046 2572,1046 2624,1044 2676,1044 2728,1044 2780,1044 2832,1043 2884,1042 2936,1041 2988,1040 3040,1037 3092,1035 3144,1031 3197,1028"/>
                <TextEquiv>
                    <Unicode>dei Richtemlegen und habe seinen Kopf¬</Unicode>
                </TextEquiv>
            </TextLine>
            <TextLine id="r3l4" custom="readingOrder {index:3;}">
                <Coords points="2150,1146 2318,1126 2544,1174 2588,1130 2844,1122 2957,1173 3015,1123 3151,1128 3219,1085 2815,1043 2764,1090 2589,1068 2543,1100 2422,1048 2357,1096 2276,1054 2149,1086"/>
                <Baseline points="2157,1127 2209,1125 2262,1124 2315,1124 2368,1122 2420,1122 2473,1123 2526,1124 2579,1124 2631,1124 2684,1125 2737,1125 2790,1125 2842,1124 2895,1124 2948,1122 3001,1121 3053,1118 3106,1115 3159,1112 3212,1106"/>
                <TextEquiv>
                    <Unicode>auf seine Rochter geleget, und dazumahlen</Unicode>
                </TextEquiv>
            </TextLine>
            <TextLine id="r3l5" custom="readingOrder {index:4;}">
                <Coords points="2137,1245 2229,1205 2349,1247 2527,1211 2913,1202 2961,1232 3223,1197 3222,1140 3022,1122 2956,1172 2590,1130 2544,1174 2505,1143 2445,1177 2363,1142 2135,1159"/>
                <Baseline points="2144,1202 2197,1200 2251,1200 2304,1200 2358,1200 2411,1199 2465,1199 2518,1199 2572,1197 2625,1196 2679,1196 2733,1194 2786,1193 2840,1191 2893,1190 2947,1188 3000,1187 3054,1186 3107,1184 3161,1182 3215,1181"/>
                <TextEquiv>
                    <Unicode>habe Er Ihre die Kleider wollen aufhan, weil</Unicode>
                </TextEquiv>
            </TextLine>
            <TextLine id="r3l6" custom="readingOrder {index:5;}">
                <Coords points="2153,1306 2226,1278 2382,1325 2524,1288 2606,1322 2674,1274 2730,1310 2845,1264 2930,1311 3012,1281 3160,1313 3217,1278 3216,1216 2151,1241"/>
                <Baseline points="2159,1278 2211,1277 2264,1275 2316,1274 2369,1274 2421,1272 2474,1272 2526,1271 2579,1271 2631,1270 2684,1269 2736,1269 2789,1268 2841,1268 2894,1266 2946,1264 2999,1262 3051,1260 3104,1259 3156,1254 3209,1251"/>
                <TextEquiv>
                    <Unicode>Er aber gesehen, daß sie Latzr seye habe Er sich</Unicode>
                </TextEquiv>
            </TextLine>
            <TextLine id="r3l7" custom="readingOrder {index:6;}">
                <Coords points="2148,1409 2247,1354 2274,1367 2305,1348 2376,1383 2477,1343 2619,1351 2617,1293 2454,1309 2412,1294 2382,1325 2307,1328 2250,1285 2205,1282 2144,1323"/>
                <Baseline points="2153,1359 2178,1358 2204,1356 2229,1354 2255,1352 2280,1350 2306,1349 2331,1348 2357,1346 2382,1346 2408,1344 2433,1343 2459,1343 2484,1341 2510,1341 2535,1341 2561,1341 2586,1341 2612,1341"/>
                <TextEquiv>
                    <Unicode>Ihrer erbärmet.</Unicode>
                </TextEquiv>
            </TextLine>
            <TextLine id="r3l8" custom="readingOrder {index:7;}">
                <Coords points="2121,1486 2385,1452 2561,1497 2801,1453 2968,1495 3171,1442 3170,1405 3055,1375 2900,1401 2786,1356 2656,1429 2387,1403 2312,1431 2192,1389 2120,1412"/>
                <Baseline points="2129,1469 2180,1466 2232,1463 2284,1460 2336,1459 2387,1458 2439,1457 2491,1457 2543,1457 2594,1457 2646,1458 2698,1458 2750,1458 2801,1457 2853,1456 2905,1455 2957,1453 3008,1451 3060,1447 3112,1442 3164,1437"/>
                <TextEquiv>
                    <Unicode>Worumb aber Er erst get solches gesehen</Unicode>
                </TextEquiv>
            </TextLine>
            <TextLine id="r3l9" custom="readingOrder {index:8;}">
                <Coords points="2043,1521 2058,1520 2088,1495 2106,1496 2083,1367 2070,1368 2051,1385 2028,1374 2018,1378"/>
                <Baseline points="2043,1482 2068,1475 2094,1473"/>
                <TextEquiv>
                    <Unicode></Unicode>
                </TextEquiv>
            </TextLine>
            <TextLine id="r3l10" custom="readingOrder {index:9;}">
                <Coords points="2677,1499 2699,1494 2726,1513 2752,1509 2760,1517 2791,1503 2860,1509 2859,1466 2841,1460 2822,1470 2800,1452 2777,1472 2756,1458 2712,1476 2676,1468"/>
                <Baseline points="2685,1497 2713,1502 2741,1502 2769,1500 2797,1498 2825,1497 2853,1500"/>
                <TextEquiv>
                    <Unicode>wn</Unicode>
                </TextEquiv>
            </TextLine>
            <TextLine id="r3l11" custom="readingOrder {index:10;} person {offset:18; length:7;}">
                <Coords points="2156,1566 2286,1575 2350,1536 2394,1569 2468,1530 2587,1579 2625,1543 2845,1557 2889,1524 2959,1571 3069,1517 3178,1521 3177,1467 3119,1498 3038,1453 2844,1509 2664,1507 2592,1467 2540,1498 2384,1454 2155,1483"/>
                <Baseline points="2163,1530 2213,1529 2263,1529 2314,1529 2364,1529 2415,1529 2465,1529 2515,1529 2566,1529 2616,1529 2667,1529 2717,1529 2767,1529 2818,1527 2868,1527 2919,1526 2969,1524 3019,1523 3070,1520 3120,1519 3171,1515"/>
                <TextEquiv>
                    <Unicode>und beym Thürl ob Stuckes, Hauß solches mit</Unicode>
                </TextEquiv>
            </TextLine>
            <TextLine id="r3l12" custom="readingOrder {index:11;}">
                <Coords points="2156,1650 2266,1631 2320,1652 2361,1623 2410,1648 2520,1600 2598,1644 2650,1604 2682,1620 2740,1594 2777,1615 2776,1557 2719,1546 2633,1543 2586,1579 2405,1580 2366,1549 2272,1577 2248,1558 2200,1581 2155,1565"/>
                <Baseline points="2163,1602 2193,1602 2223,1602 2253,1602 2284,1602 2314,1601 2344,1601 2375,1600 2405,1599 2435,1599 2466,1598 2496,1598 2526,1598 2556,1598 2587,1598 2617,1598 2647,1598 2678,1598 2708,1599 2738,1601 2769,1602"/>
                <TextEquiv>
                    <Unicode>auch wahr genomen habe.</Unicode>
                </TextEquiv>
            </TextLine>
            <TextLine id="r3l13" custom="readingOrder {index:12;}">
                <Coords points="2159,1742 2257,1702 2335,1735 2391,1695 2519,1736 2558,1704 2596,1736 2668,1696 2879,1722 3019,1693 3089,1742 3192,1688 3192,1646 2762,1625 2693,1653 2547,1618 2159,1659"/>
                <Baseline points="2166,1703 2219,1700 2273,1697 2326,1695 2380,1694 2434,1694 2487,1694 2541,1694 2595,1695 2648,1695 2702,1697 2755,1697 2809,1697 2863,1698 2916,1697 2970,1697 3024,1695 3077,1694 3131,1692 3185,1688"/>
                <TextEquiv>
                    <Unicode>Er habe zu vor nicht gewussen wis errwg</Unicode>
                </TextEquiv>
            </TextLine>
            <TextLine id="r3l14" custom="readingOrder {index:13;}">
                <Coords points="2001,1732 2034,1728 2057,1739 2068,1731 2105,1748 2115,1605 2104,1606 2036,1656 2006,1657"/>
                <Baseline points="2010,1709 2040,1709 2070,1715 2100,1712"/>
                <TextEquiv>
                    <Unicode>A.</Unicode>
                </TextEquiv>
            </TextLine>
            <TextLine id="r3l15" custom="readingOrder {index:14;}">
                <Coords points="2157,1793 2517,1773 2828,1818 2928,1785 3051,1822 3198,1774 3198,1701 3132,1742 3014,1701 2681,1745 2391,1695 2337,1735 2256,1703 2157,1748"/>
                <Baseline points="2165,1776 2216,1773 2267,1772 2318,1770 2370,1769 2421,1769 2472,1769 2524,1769 2575,1769 2626,1770 2678,1771 2729,1772 2780,1772 2831,1773 2883,1773 2934,1773 2985,1772 3037,1770 3088,1769 3139,1765 3191,1761"/>
                <TextEquiv>
                    <Unicode>weil Er truncken gen, dißmahls aberge</Unicode>
                </TextEquiv>
            </TextLine>
            <TextLine id="r3l16" custom="readingOrder {index:15;}">
                <Coords points="2149,1870 2359,1838 2435,1869 2489,1846 2719,1857 2774,1899 2950,1885 2949,1798 2905,1789 2828,1818 2760,1781 2644,1820 2518,1775 2312,1808 2148,1783"/>
                <Baseline points="2156,1854 2195,1851 2234,1848 2273,1845 2313,1844 2352,1842 2391,1841 2431,1841 2470,1841 2509,1841 2549,1841 2588,1841 2627,1842 2666,1842 2706,1843 2745,1844 2784,1844 2824,1844 2863,1844 2902,1842 2942,1841"/>
                <TextEquiv>
                    <Unicode>Er wider in etwas mechter gen¬</Unicode>
                </TextEquiv>
            </TextLine>
            <TextLine id="r3l17" custom="readingOrder {index:16;}">
                <Coords points="2154,1956 2393,1946 2473,1987 2519,1944 2675,1998 2851,1951 2954,1996 3067,1965 3178,1991 3178,1883 2771,1901 2560,1850 2459,1879 2155,1860"/>
                <Baseline points="2162,1955 2212,1952 2262,1947 2313,1946 2363,1944 2414,1944 2464,1944 2514,1944 2565,1946 2615,1946 2666,1947 2716,1949 2766,1950 2817,1951 2867,1952 2918,1952 2968,1952 3018,1952 3069,1950 3119,1948 3170,1946"/>
                <TextEquiv>
                    <Unicode>ob aber damahls Er mit entblössgen sey</Unicode>
                </TextEquiv>
            </TextLine>
            <TextLine id="r3l18" custom="readingOrder {index:17;}">
                <Coords points="2007,1994 2021,1993 2051,2014 2065,2004 2071,2008 2085,1995 2100,1993 2092,1863 2079,1869 2061,1867 2028,1884 2000,1888"/>
                <Baseline points="2012,1973 2038,1967 2064,1967 2090,1967"/>
                <TextEquiv>
                    <Unicode>E</Unicode>
                </TextEquiv>
            </TextLine>
            <TextLine id="r3l19" custom="readingOrder {index:18;}">
                <Coords points="2152,2028 2829,2029 2939,2090 3086,2025 3170,2046 3170,2000 3085,1974 2955,1997 2839,1954 2676,1998 2551,1958 2476,1985 2379,1950 2153,1968"/>
                <Baseline points="2159,2027 2209,2022 2259,2021 2309,2019 2359,2018 2409,2018 2459,2018 2510,2018 2560,2019 2610,2021 2660,2022 2710,2024 2760,2025 2810,2027 2861,2028 2911,2030 2961,2030 3011,2030 3061,2030 3111,2028 3162,2027"/>
                <TextEquiv>
                    <Unicode>und in Aufshen vnder entbloßung schand¬</Unicode>
                </TextEquiv>
            </TextLine>
            <TextLine id="r3l20" custom="readingOrder {index:19;}">
                <Coords points="2134,2146 2270,2108 2482,2150 2610,2114 2810,2167 3107,2118 3177,2151 3204,2007 2946,2086 2808,2076 2744,2028 2650,2074 2468,2083 2316,2028 2136,2037"/>
                <Baseline points="2142,2108 2194,2104 2247,2102 2299,2100 2352,2099 2405,2097 2457,2099 2510,2099 2563,2100 2615,2101 2668,2103 2721,2105 2773,2106 2826,2108 2879,2109 2931,2111 2984,2112 3037,2112 3089,2112 3142,2111 3195,2109"/>
                <TextEquiv>
                    <Unicode>licht wort zu seiner Tochter geredt habe.</Unicode>
                </TextEquiv>
            </TextLine>
            <TextLine id="r3l21" custom="readingOrder {index:20;}">
                <Coords points="2791,2279 2832,2270 2876,2297 2903,2278 2955,2279 2978,2261 3030,2267 3044,2254 3112,2246 3112,2176 3055,2190 3030,2178 2995,2205 2922,2172 2883,2191 2834,2183 2807,2201 2788,2198"/>
                <Baseline points="2798,2256 2823,2259 2849,2261 2875,2261 2901,2259 2926,2258 2952,2257 2978,2255 3004,2252 3029,2251 3055,2250 3081,2250 3107,2250"/>
                <TextEquiv>
                    <Unicode>R. G</Unicode>
                </TextEquiv>
            </TextLine>
            <TextEquiv>
                <Unicode>75
R. Alß seine Tochter Ihme gelauset, wn Er dus
dei Richtemlegen und habe seinen Kopf¬
auf seine Rochter geleget, und dazumahlen
habe Er Ihre die Kleider wollen aufhan, weil
Er aber gesehen, daß sie Latzr seye habe Er sich
Ihrer erbärmet.
Worumb aber Er erst get solches gesehen

wn
und beym Thürl ob Stuckes, Hauß solches mit
auch wahr genomen habe.
Er habe zu vor nicht gewussen wis errwg
A.
weil Er truncken gen, dißmahls aberge
Er wider in etwas mechter gen¬
ob aber damahls Er mit entblössgen sey
E
und in Aufshen vnder entbloßung schand¬
licht wort zu seiner Tochter geredt habe.
R. G</Unicode>
            </TextEquiv>
        </TextRegion>
    </Page>
</PcGts>
