4032 3024
758 780 867 882 178
926 835 1850 1002 Tlasseyen der dißmahl in Frantzösischen
919 934 1845 1047 diensten sich befinde, habe Ihme zu doren
904 975 1838 1110 Eryburg gebiets ein Pferdt übergeben,
920 1040 1847 1166 mit befelch selbiges das Land hinabzu¬
897 1095 1784 1229 führen und zuverkauffen, und das
902 1166 1859 1287 Geldt so Er darauß erlösen werde, Ihme
921 1236 1844 1349 ordenlich ein zuhändigen, Mit Verspre¬
906 1306 1819 1421 chen Er wolle Ihm so viel darvon zu
916 1377 1814 1501 Lohn geben, daß Er seine sach ordenlich
911 1433 1804 1553 haben solle. dieses habe der Freybur
914 1498 1797 1620 ger Ihme Pfeuti Etliche Tog zu vor im
913 1565 1791 1687 zuggisperg gesagdt, hernach aber als
913 1640 1840 1755 Er das Pferdt an die hand genommen vnd
918 1693 1865 1831 mit demselben hinab nach dornach kom
925 1754 1804 1878 ins Solothurner Gebieth komen da
910 1842 1837 1952 habe mann Ihn angehalten und ein
910 1882 1087 1980 Gesetzt
855 1957 958 2071 E.
956 1973 1861 2098 Wie Er zudernach widerloos worden
924 2052 1765 2246 die Kerle die Ihne hinauß nach
1430 2204 1697 2323 Sollothurn
2923 826 3043 915 179
2057 877 3057 1002 Sollothurn führen sollen, haben vnder
2066 942 3035 1069 wegs da sie mit übernachtet viel ge
2044 1013 3067 1117 truncken, da seye Er in der nacht von Ihnen
2034 1097 2228 1191 Gangen
2032 1143 3062 1261 2. Ob Er diesen Kerlinen nichts genommen,
2042 1232 3072 1333 Da Er in der Nacht von Ihnen außgerißen.
2017 1310 3033 1437 R. Er habe Ihnen ein fusit genommen
2043 1388 3000 1498 Allein sie haben Ihme mehr dargeben
2038 1450 3036 1578 behalten, nämblich bey einer dublonen
1997 1515 2857 1624 in Geldt und seine artzney Bücher
2079 1620 3020 1742 Ob Er nit wüße, waß das fur Kerlr
1982 1644 2051 1764 E
2050 1700 2980 1800 seyen die eine Zeit daher umb Thun
2047 1748 2975 1848 herumb Raß und Veichgestohlen. Vnd
2041 1818 2981 1925 ObEr nit auch Bekandtschafft mit Ihnen
2046 1889 2166 1951 habe
2070 1951 2965 2036 Nein se wüße mit waß das für
2051 2018 3042 2130 Kerle seyen, die solche diessahl begehen Er
2042 2085 2998 2189 habe nie manden nichts gestohlen, noch
2026 2138 2374 2232 helffen stehlen.
