4032 3024
853 776 917 856 86
998 823 1934 996 habe solches nicht geheiffte wirderen wie ge¬
1001 939 1841 1072 melt, son dieser franen gehörts
932 1048 1918 1192 Hierauf fers der Gurdener mit einer
1010 1145 1918 1285 Tochter fort durcht Holtz auß gangen
1004 1217 1899 1379 und Er Rogt Ihnen allgemach biß zum
1003 1300 1907 1458 Thurl bey der Riederen nachgefolget
1000 1381 1926 1536 daglaßen habe E Rocs sich im soltz hinder
991 1490 1901 1613 einen stock gestelt, Ihnen zugelugt und¬
1838 1570 1884 1626 1080
991 1569 1919 1703 gesechen, daß der Gurdtner das Magt¬
987 1621 1889 1785 Erhinder das Thurl geworffen selbiges
991 1705 1898 1855 en und Anen getrolt, und mit off
991 1789 1904 1946 widerholten Worter zu Ihme gesprochen,
986 1880 1889 2024 Wilt wolgen, die grnst folgen die
966 1949 1871 2106 haß Ich gesagt, die Wollestolgen
1737 2073 1795 2148 44
1628 2140 1763 2231 das
3108 832 3200 911 87.
2167 879 3200 1015 das Mardtl aber habe uur fläschen in der
2182 957 3176 1095 und gehalte, und allezeit geschaueten 6 die
2141 1048 3158 1154 faschen die furschen Jades will folgen
2955 1138 2982 1181 11
2123 1132 3140 1246 Arig Er nun eine Weil das Maydtl e
2154 1193 3189 1317 finen trolt und selbiger biß in de Geraß
2137 1292 3155 1394 gezehrt, habe der Vatter etliche wahl zu
2154 1353 3175 1480 Ihmr gesagt, wilt in dicke wilt, in diese
2158 1430 3177 1567 s. Nemblich ins Holz: das Märdtl. aber
2654 1507 2912 1571 f6x
2158 1508 3174 1630 habe nichts darauf geantwortet wederen
2692 1589 2753 1648 so
2135 1588 3163 1722 gerntget vnd briegger. Alß Er endlichen
2648 1651 2985 1722 desa
2148 1661 3150 1788 das Mäydtl daselbsten auff oort aufen
2770 1742 2816 1799 C
2132 1742 3154 1883 gebracht und abermahlen indergeworffen
2826 1819 2859 1878 d
2114 1825 3156 1946 yt Er der Lange nach auf Shut gelegen
2132 1892 3108 2015 Jedoch ver das Märdts. damhts mit
2143 1967 3157 2101 aber die Kine eittlösst ghen, Aich habe Er
2120 2046 3156 2189 Ropt nnmahlen, weder das Erste, Andere
2926 2165 3049 2277 noch
