4032 3024
779 771 878 885 18. 8.
901 816 1820 973 daß Er Jemahlen einen 5. tbler ger
905 910 1835 1041 Ihr Ställin bey der Saltzbüttin ge¬
908 985 1835 1110 zeigt und zu verwechslen angebotten.
889 1092 1848 1222 L. Ob Er dann Gantz und gar nit gestehen
906 1144 1850 1278 wolle daß die Tochter bey der Saltzbütt¬
889 1198 1832 1321 Ihme bey der Solbbartin Einen 5tter
914 1281 1192 1365 abgenommen
924 1358 1780 1479 Sie habe Ihn dem Käßmann nit
918 1424 1292 1530 wechtlen wollen
1293 1435 1321 1488 3
897 1519 1777 1634 1. Ob Er nit verwichenen Somer zu
904 1582 1725 1692 Thun in der Leenherrn Hauß gsin
911 1640 1727 1751 alda Brodt gekaufft, und Ihra ein
899 1688 1711 1814 stücklin geldt zu wechtlen geben?
861 1749 1788 1904 R. Ja Er seyn underschideliche mahl
901 1845 1820 1970 mit Schifflenthen dorthen gsin und mit
909 1915 1799 2004 denselben alda gaßen und trunten
918 1972 1813 2077 mich habe Er Ihra Letstlich ein halben
886 2037 1527 2126 Gulden zu wechtlon geben
1595 2186 1631 2254 X
2932 826 3049 914 789
1976 874 3016 1031 DWo Sie den halbgulden Ihme abge¬
2062 973 3028 1080 wechslet im Stublin oder vor außen
2055 1019 3047 1135 und Ob Er nit geachtet, wo sie den sel¬
2054 1083 3061 1189 ben habe hingethan, ob sie Ihn in Einkörb¬
2061 1166 2738 1267 lin oder Schäfftlin gelegdt.
2081 1244 3046 1361 Sie habe Ihme im Stüblin gewechslet
2065 1325 3009 1441 wuße aber nit wo sie Ihn habe hinge¬
2040 1407 3009 1497 than, Er habe den halbgulden Ihre geben
2073 1467 3062 1579 Ob Jemandt darbey gsin als Sie Ihm
2000 1528 2059 1606 A
2055 1549 3009 1652 gewechtlet und Ob sie nit hernoch ein
2058 1613 2587 1726 wenig hinaußgangen
2116 1675 3028 1789 Es seye Niemand anders darbeygsich
1996 1739 2044 1806 G
2071 1751 2993 1869 als Er, könne auch wohl seyn vnd Ver¬
2067 1812 3040 1925 meine Ja sie seye hinauß in Keller gang
2110 1909 3024 2027 Ob Er nit damahlen der Keinherrn
1977 1923 2078 2047 I
2064 1987 2518 2091 Geldt entwendt?
2105 2055 3021 2183 Mann habe Ihne schon hievor als Er
2004 2076 2101 2191 R
2062 2147 3004 2234 wider auß dem Oberland kommen deßt
2869 2221 3005 2292 wegen
