4032 3024
760 790 865 900 214
883 849 1870 1004 selbst eingebrochen, und da Er Ihns gesehen
916 933 1844 1054 Ihme geruffen, und Gesagdt, Es solle ein
926 1002 1817 1104 venigwahrten, bald darauf habe Er
904 1053 1844 1170 Ihm in Einer Ziechen eine Burde Zeug
923 1116 1877 1237 gebracht, und begehrt daß es selbige Furchs
924 1179 1840 1285 dorff biß auffs brugfeldt tragen solle.
914 1252 1852 1363 Weilen es sich aber damahlen schwan¬
905 1306 1847 1422 ger befunden, und die Burde sehr schwehr
917 1381 1843 1459 gewesen, habe es eine asuhren Frauns
917 1439 1834 1531 angestellt, welche Ihme diese Burdin
900 1494 1847 1583 biß aufs Brugfeld getragen, dahin seyn
919 1553 1794 1637 nuch der Kuppkomen, vnd Ihme Von
917 1610 1813 1719 dem diebstahl 2. Mannshembder
900 1679 1848 1781 5. Ellen bleichts tuch und l. Kußziechen
914 1742 1836 1850 geben, mit dem übrigen Zeug seye der
899 1806 1722 1916 Rupp auf Neuwenburg gangen
911 1879 1788 1996 Außert diesen Angezeigten, habe
911 1951 1815 2053 es sonsten sein Lebtag weiter undt
912 2013 1765 2117 mehrere diesstähl nicht begangen
899 2104 1815 2214 betreffend seine Vormahlige Schwan¬
1643 2187 1834 2288 gerschafft
1901 1195 2035 1316 Mitg
1918 1717 2028 1799 omitt:
2981 848 3070 932 215
2489 858 2878 959 darmit zugeengen
2066 904 3085 1026 gerschafft Seye es wie bereits angezeigt;
2049 981 3051 1091 zu Neuwenstatt Kindts Niderkommen
2048 1056 3030 1136 Der Vatter dieses seines nunmehro Ver¬
2062 1101 3061 1191 storbenen Kindts seye der Jungste MM
2067 1154 3006 1284 g ghte derhh, mit welchem es
2074 1220 3078 1332 ie vor zu Hiel und vor Osteren alhier
2059 1283 3047 1391 zu Rableuthen (: alda es von Ihme ge¬
2063 1352 2988 1454 schwängeret worden: fleischliche Ge¬
2066 1407 2567 1511 meindschafft gehabt.
2046 1490 3048 1591 Weiters zeigte es an daß der Jeige
2059 1587 3026 1658 Knecht, so bey seiner Evasion außden
2053 1618 3044 1714 Oberen Spittahl Ihme behülflich gewesen
2782 1690 3037 1776 zugehöre
2064 1690 2224 1779 binen
2079 1726 3041 1847 derselbige Knecht seye Warend dieser
2063 1809 3009 1893 seiner Gefangenschafft auch schon zwey
2071 1856 3000 1944 mahl des Nachts vor die kefkomen und
2049 1916 2967 2023 Ihme gesagdt, Es solle dbn Einen gelaußen
2270 1978 2979 2080 nicht angeben. Der Knecht
2059 2038 3012 2132 trage die Meiste Zeit eine Weyßgrauwe
2068 2102 2985 2206 assagge, und er weilen auch eine Grune
2775 2178 2962 2294 Denst
