4032 3024
950 773 1017 859 40
952 1892 1011 1993 R
1006 833 1977 968 Die Ehe versprochen, und Gesagdt, Er habe¬
1039 921 1973 1044 zeldt und wolle etwann eine wihrtschafft
1035 983 1939 1085 impfachen, Wann es aber mit Ihm
1027 1041 1913 1142 Wolle, so wolle Ees mit Ihm hinweg
1043 1098 1969 1221 nemen; Es nun seye vorhabens Ihm sich
1041 1161 1963 1268 nit Ihme zu verehrlichen und also seinen
1038 1218 1723 1320 stand dardurch zu Verbeßeren
1723 1230 1757 1296 1
1028 1298 1950 1389 Wie Er mit dem Zunamen leiße, wo¬
1042 1359 1901 1454 Er sich damahlen aufgehalten, und Wie
1021 1408 1307 1511 Er kleidt seyn
964 1482 1890 1617 R. Seinen zunamen habe Es vergeßen
1029 1556 1878 1661 Er habe sich damahls zu Schifflenthun
1024 1606 1958 1738 aufgehalten, und under Ihr Hauptmann
1033 1671 1893 1772 von Erlach Kriegs dienste genommen,
1037 1756 1907 1835 abe eine Blauwe veste, blauwe hohen
1037 1774 1928 1896 und Blauwe strumpf und einen Ichwartz
1027 1834 1788 1955 leinigen Rock darüber getragen.
1027 1921 1924 2033 Ob Es nit vorhabens 9sin seine Schwan¬
1030 1970 1849 2088 gerschafft zu verschweigen und biß
1034 2015 1754 2158 auffs Letst außen zu verbergen?
979 2073 1929 2246 d. Nein, seine Schwängerschafft habe nicht
1706 2215 1896 2330 können
2091 1135 2159 1251 E.
2099 1349 2167 1456 i
2061 1597 2168 1672 E.
2105 1849 2149 1945 E
2088 2051 2153 2160 2
3156 809 3240 895 47
2152 860 3268 983 können verborgen seyn; Es seye Sinns gsin
2175 933 3196 1014 daß wann die Zeit der Gnißt werde vor¬
2516 997 2767 1050 lich auß der Stpst Zutt
2785 994 2998 1046 gebey, vndauser
2158 1005 3205 1099 handen seyn, so wene es zum dorst gahn
2161 1063 2473 1160 Kindtsligen
2169 1130 3258 1226 Ob, als es vor etwas Zeits auf dem Thor¬
2170 1203 3240 1293 hauß gsin, es damahlen nit gewußt, daß
2171 1271 2665 1362 es schwänger seyr
2185 1336 3146 1446 Es habe zwar wohl gewußt, daß es
2181 1400 3197 1502 schwanger seye, aber das Kindt seye nit
2170 1477 2479 1570 Busper gsin
2705 1490 2780 1565 Aban
2183 1534 3180 1652 Ob es dmachleng nit vermeint, daß es
2182 1600 3175 1676 im Todtnes Kindt bey Ihm trage, undt
2167 1661 3237 1757 gedenckt wann selbiges Todt an die weldt
2166 1722 2976 1825 komme, wolle es solches abschaffen
2185 1798 3231 1889 Mein solches habe es nicht gedenckt, dann
2177 1890 3168 1978 dann es das Kindt hätte begehrt abzu
2174 1939 3193 2037 schaffen, wäre es wohl weiters gangen
2182 2015 3165 2141 Ob Es dann seine Schwängerschafft gar
2173 2109 2803 2206 niemanden angezeigdt?
2964 2166 3062 2273 d.
