4032 3024
867 820 1948 972 96 Spruchbort, so dahar kome, Weiler, vor desene ein dant
992 895 1923 1052 im soltzgsen, Vnd Sie damahls einanderen gefragt
964 992 1913 1117 Will in dgroßen, Vnd disers Sprichloarts habe
987 1081 1907 1204 Er sich dißmahls erinneret, Er seye aber doch
994 1143 1378 1257 mit der gättig einer¬
1009 1245 1899 1396 Ob wahr, daß seine Tochter zum Nobsgesagt,
997 1328 1521 1460 Er solle nur furen komen?
999 1392 1824 1544 Ja Er lauße wohl daß er das gesagt habe
920 1414 988 1509 H.
1030 1522 1890 1676 Ob beyder Lindachmatteg bym hubel, Er
897 1539 1016 1634 Z
1018 1618 1731 1727 Vnd seine Tochter allein Ihin seyen.
945 1687 991 1782 E.
1018 1701 1943 1830 Ja, es seye wahr, doch aber seye entlich ein Mann
1007 1774 1165 1874 kömen
892 1855 1881 1977 E. Was Er mit seiner Tochter bey der Buchen, so
984 1940 1887 2059 tang gemacht, weilen Sie eine gantze stund Lang da¬
977 1992 1273 2110 selbst gsn seyen?
907 2075 971 2154 M.
1007 2057 1887 2186 Es könne Wahrhaftig mit so lang gsei sein weilin
1000 2163 1855 2266 er schon 3. ahr gsen, da Sie noch zu Buchfde
970 2211 1168 2272 Waren
2004 812 3208 1013 Zu Was Er Ihre zu Legs gethan, daß Sie sogeschrebi
2025 947 3047 1095 H. Cnders mit, als di Veleh betastet.
2029 1035 3126 1187 2 Ob die Maria Schiffrag mit darzu kamen, vnd
2088 1145 2567 1257 Ihr bestrafft habe?
2028 1222 3169 1351 . Die Maria Schiffran seye an seinem Rii ahnen
2106 1321 3168 1433 ghi, Vnd habe gesagt, wan err so mache wolle Sie
2116 1394 2355 1499 es klagen
2044 1457 3194 1586 I. Ob die Maria Schißfman eit auch zu Ihme geredt, daß
2108 1549 2786 1661 der Boß Zieseher neuen werde?
2047 1643 2567 1762 Nr. Er waße das nit¬
2057 1708 3159 1867 I. Was Er seiner Tochter damahls ins ohr kuschelet:
2060 1824 3106 1955 R. Er wäße es nit, es seye Ihme gantz Sebekant¬
2033 1918 3153 2061 de hierauffhin znd alle Vebstend abermahl vorgehalten,
2045 2019 3154 2115 Vnd wie es gleichsamb anderst eit sein könne, dan daß
2078 2076 3050 2184 die Leydige That der fleischlichen Vermischung auch
2074 2143 3156 2240 Wurtlichen Vollbracht worden sein mueße, Ihme Verdeutet
