4032 3024
986 816 1074 938 2
989 1012 1064 1130 E
980 1217 1066 1332 Z.
963 1499 1056 1595 Z
984 1627 1050 1733 E.
1114 825 2033 990 bes mit auch Jarben vnd anders ab dem Veld, vnd
1095 914 1547 1022 auch brotdentlendt habe?
1104 1006 2016 1175 kein, habe keinem mentschen sein Lebenlang kein
1095 1114 1949 1249 garben, vnd auch kein bitzen brott endtlaendt.
1100 1224 2012 1395 habe auch mentscheydunh angrißfen vnd verderbt:
1102 1363 2018 1516 lein, behub Ihns Goft dergleichen habe es eit gethan¬
1090 1508 2001 1640 Warumb dan dem Nigli Meyer der arm geschwullen
1061 1575 1960 1721 als Er Ihns wegen deß biren diebstahls geschlagen.
1078 1667 1960 1805 konne zum oder nit sein, daß der arm Ihm geschloutten
1075 1734 1974 1865 arson aber lauße es mit, vnd habe es einmahl ins ge¬
1047 1789 1144 1901 bug.
1054 1902 2003 2033 habe Jaauch deß Nigli Meyers Tochter mit seinen armen
1048 1980 1973 2122 umbfaßet, vnd so angriffen, daß gras darauff Ihre
1029 2029 1416 2135 die Brust geschwollen,
1413 2079 1456 2147 5
992 2088 1987 2262 Ob es Sie vmbfaßet oder nit, wuße er nit mehr, allein
3185 808 3270 914 7
2229 868 3291 989 habe er keinen willen gehabt, Ihra stloas böses zuthun
2259 959 3279 1068 Vnd habe Ihra auch mit bases gethan, louße auch eis
2241 1032 3319 1144 daß leder die Tochter noch der Vatter sich deßen geklage
2133 1158 3299 1293 R. habe dem Migli hubacher von Heren zum hoff Vonlorgen
2251 1244 3294 1352 Er es woegen einer biren diebstahls Verklagt, daß er geschlage
2223 1307 3273 1428 Worden, Hernach einen Stir angriffen Vnd Verderbt¬
2269 1446 3001 1570 Nein, habe dey Stier mit angeisfen.
2153 1454 2242 1565 H
2267 1601 3241 1714 Worumb es deß sigei Meyers Sohn den Bot, als
2156 1591 2232 1706 E.
2254 1690 3236 1795 Er Ihme denselben zu seinen Geißen abgeschlagen, an¬
2227 1746 3277 1879 grißfen Vnd Verderbt, daß Er Jamerlich druffgangen
2275 1869 3260 2009 Nuße mit darumb, daß es Ihme den Bot geheutschen,
2145 1863 2231 1977 B.
2224 1952 3152 2059 habe Nast geng selbs einen Zot gehabt, vnd sethe im
2233 2016 3217 2134 Lerbst ein Jahr gsen, daß es selbigen dem Herren Land¬
2233 2095 3210 2212 Vogben geben, Einmahl habe es den Bot nit verderbt
