4032 3024
841 815 940 915 150
1008 839 1814 982 tirann von Klhmnntigl zeugete
983 936 1852 1043 daß verwichenen Angsten der Liecht;
971 994 1879 1101 Ihme eine sh. k.) Ruhe ins Thalguht
995 1063 1878 1156 bringen sollen, da man Er waldam¬
997 1105 1873 1212 mann umb die bestimbte Zeit da¬
984 1167 1840 1271 selbsten angelanget, und aber den
980 1229 1862 1330 Liechti nit angetroffen, auch biß auf
989 1291 1791 1398 den abend auf Ihne gewahrtet
983 1348 1879 1463 habe der wihrt Zachen gesagdt der
976 1418 1849 1535 Liechti seye und heiße Liechti; Alß
994 1473 1878 1585 nun entlichen der Liecht, des Abendt
982 1535 1867 1640 sehr schaht im Thal giht angelanget
986 1602 1881 1690 habend Er wald amann und sein Sohn
1001 1660 1852 1759 wie auch sein Bruder und der Liecht,
1002 1710 1858 1823 sich zusamen an Einen Tisch gesetzt
995 1772 1851 1868 und eine Maaßwein mit hinander
997 1827 1833 1935 getruncken, da habe der Liechti mit
996 1901 1894 2005 seinem Sohn und Er wald amann mit
1005 1962 1875 2056 seinem Bruder geredt wie nun sein
998 2002 1866 2117 Bruder Ihme seine dis Jahr durch in
994 2076 1925 2169 seiner Haußhaltung erlittene Vnglück
1000 2118 1914 2237 erzellet, habe Er wald amann darauf
1717 2218 1819 2304 zu
1979 973 2130 1067 t mit den
1973 1056 2130 1115 Ex dispicti
1984 1095 2044 1159 ert
3014 828 3113 902 131
2139 890 3169 990 zu seinem Bruder gesagdt, behultt vnß
2839 955 3112 1009 a damahls
2152 981 3146 1056 Gott, der Liechti aber sprüche zu seinen
2158 1017 3057 1122 Sohnf der Teüffel neme die wohrt
2150 1087 3153 1181 dierauff sage Er wald amann zum Liecht
2155 1147 3123 1244 waß Er da rndt, da habe der Liechti zur
2132 1202 3140 1317 Antwort geben, Er wolle es Ihm hernach
2175 1277 2288 1352 agen
2139 1325 3129 1446 Eestar Streytt von Nider Wichtrach
2140 1408 3092 1509 und Hannt Jacob 6fring vom Sedel
2135 1464 3083 1566 der Kirchhör Herzenser, zeugeten
2128 1522 3126 1627 gantz gleich lautend daß als der Einte
2129 1595 3107 1690 gezeug rostar Streitt seinem Bruder
2138 1653 3062 1727 dem Wald amann erzellt, waß für
2129 1712 3058 1807 zufahl und Vnglück, Er dieses Jahr
2126 1763 3056 1878 durch in seiner Haushaltung gehabt
2125 1830 3108 1936 und sein bruder darauff gesagdt, behuet
2128 1891 3118 1994 Vnß Gott ist die sach so gangen habe der
2111 1952 3132 2068 Trecht, aber nit zu Ihnen beyden, sondern
2122 2012 3060 2123 zu dem Knaben mit deme Er geschwätzt
2128 2074 3068 2184 gesagdt der Teuffel neme die Wohrt
2119 2136 3086 2262 da habe der Waldamann den Cracht be¬
2898 2226 3084 2338 schulten
