4032 3024
944 771 1018 836 42
943 823 990 912 5
955 1079 1013 1206 E.
957 1333 1009 1453 d.
1018 828 1974 954 Niemand, als der Krämern, Namens
1005 915 1940 1031 kumer Stein zu krättigen, so eins¬
1026 967 1953 1083 nahl bey Ihme gelegen, habe es bekennt
1015 1023 1532 1123 daß es schwanger seye
1022 1079 1907 1201 arumb es aber der Zebamen die
1031 1172 1907 1265 Ihus seiner Schwangerschaffthalben auf
1021 1226 1900 1347 dem Chorhauß befragdt, nit auch ange¬
1020 1273 1671 1392 zeigdt, daß es schwänger seyn
1024 1359 1909 1469 Es seye Ihme leid, Es hätte solches thun
1019 1405 1164 1483 sollen
1020 1459 1956 1593 hieruber nuri ward Ihme von Mittern
1025 1540 1891 1665 xaminatoren ernstlich vorgehalten
1024 1599 1928 1727 daß auß allen Vmbständen heiter erhäle
1020 1655 1903 1790 daß es vorhabens 9sin, das Kindt abzu¬
1018 1704 1843 1848 schaffen solle derowegen Gott die Ehr.
1018 1757 1788 1897 geben und die wahrheit bekennen.
1014 1811 1879 1964 Ist aber, alles ernstlichen Zusprechens
1022 1879 1885 2028 ohngeachtet, bestendig darauff beharret,
1021 1940 1832 2060 daß es niemahlen im Sinn gehabt
1013 2031 1158 2102 worden.
1016 1978 1970 2122 das Kindt abzuschaffen, Vistehe Reiters befreg
1018 2080 1889 2201 so es dann selbigen Tags, als es das
1678 2190 1863 2287 Kindts
3127 805 3204 891 73
2119 873 3213 963 Kindt gebohren hin gewoldt daß es zum
2163 960 2702 1057 Thor hinauß gangen
2155 1007 3193 1122 Es habe bym Neuwen hauß einen Korb
2174 1090 2571 1186 reichen wollen.
2164 1164 3039 1271 Wer den Korb dorthin getragen
2178 1236 3189 1356 Sein Vetter der Veter Möschberger
2084 1280 2142 1373 H
2157 1320 3219 1408 so in einem dorff 4. ftund von hier wohne,
2149 1391 2808 1486 habe Ihn dashin getragen
2175 1479 3177 1575 Vmb Welche Zeit es zum Thor hinauß
2075 1471 2178 1589 Ei
2172 1538 3057 1622 und widrumb in die Statt gangen
2170 1604 3151 1724 vor Mittag seye es ds der Statt, und
2513 1680 2655 1728 Mitter smcb
2164 1688 3210 1764 etwann nach ein ihren iidrumb hinein
2159 1749 2367 1820 gangen
2157 1820 3167 1896 Warumb es aber, weilen Es gewußt
2055 1751 2123 1928 H
2171 1869 3189 1943 daß die Zeit der Genißt vorhanden, zum
2152 1926 3197 2023 thor auß gangen, und sich also von den Linthe
2158 1993 3150 2065 weg begeben, anstatt es zu den Leuthen
2165 2047 2877 2142 gechen und hilff suchen sollen
2062 2119 3169 2254 H. Seiner Rechnung nach seye das Kindt
2948 2219 3181 2315 A 4. tag
