4032 3024
962 861 1906 1049 Ihne zu dem Vnd hin auffgeschickt habe
968 963 1838 1098 daß Er der Schulmeister Ihme einen
972 1042 1925 1162 Zedell an den Ihrn Landtvogten zu Frauw
978 1102 1891 1231 rinnen schreibe, daß Er Ihme die 15.
970 1166 1883 1278 thaler einhendige, Vnd wie der Schul¬
985 1230 1916 1360 neister darüberhin Ihne gefragdt, War¬
976 1293 1885 1419 umb der Ihr Rahtsherr nit selbsten Ihme
977 1375 1884 1481 deß wegen einen Zedel geben, Er Ihme
978 1436 1897 1559 aber verdeutet es fähle dem Ihr Rahts¬
973 1497 1886 1610 herren etwas an der hand, Er könne nit
965 1565 1895 1679 schreiben, vnd habe Ihne zu Ihme ge¬
972 1615 1838 1737 schickt, daß Er den zedel machen solle.
977 1671 1885 1817 der Ihr Rahtsherr werde im Heimfahren
982 1744 1858 1868 zu Frauw Erinnnen über nachten, und
989 1819 1891 1927 als dann im vorbey reisen Ihne darumb
977 1878 1890 1990 befridigen; habe darauffhin der Schul¬
985 1945 1870 2049 meister den Zedell under dem Namen
987 1998 1899 2125 des Ihrn Rahtsherren an den Iken Landt
989 2070 1859 2203 Vogten zu Frauw brinnen geschriben,
973 2122 1839 2271 Vnd Er hablibacher denselben nacher
1618 2242 1808 2330 Frann
3069 831 3156 924 49
2102 908 3150 1005 Brauw Brunnen getragen, der Ihr Lande
2127 995 3138 1094 vogt aber als Er den Zedel gelesen, habe gran
2138 1059 3133 1154 alsobald Erkennt, daß Er faltsch seyt, vnd
2131 1131 3120 1231 deßwegen Ihne in die Resti jetzen laßen.
2120 1212 3124 1339 In ansechen des faltschen Scheins dann
2135 1288 3084 1398 So der Schulmeister von Pätterkinden
2126 1357 3135 1461 gleichmäßig auf des Hablibachers angeben
2130 1418 3103 1531 geschriben haben soll; hat Er die Hergan
2129 1482 3090 1584 genheit dieser sach dahin bekennt, daß
2114 1538 3127 1648 Jacob zugli von Ruegsaun gebührtig mit
2141 1627 3114 1716 einer weibs persoln deren Geschlechts Na¬
2134 1675 3100 1787 men Ihme unbekannt, mit dem Tauf
2129 1744 3129 1852 Namen aber Stinj heiße, zu Ihm kommen
2123 1809 3115 1896 und weilen das Mensch groß Schwanger
2131 1876 3106 1994 wäre habe der Zugli Selbiges bey Ihme
2116 1947 3099 2055 habtibacher gelaßen und zugleich Ihne
2114 2024 3094 2126 angesprochen, daß Er das Kindt tauffen
2114 2084 3143 2192 laßen solle; Vnd wie nun das Mensche
2101 2145 3139 2260 Kindt bettherin worden, habe Er Ihm fürge¬
2873 2252 3062 2322 nommen
