4032 3024
862 783 939 858 150
989 871 1918 1024 nomen solches zu Pätterkinden tauffen
985 962 1922 1094 zulaßen, damit aber solches desto Lieche
976 1029 1889 1156 ter ins werck setzen könne; habe Er
970 1096 1920 1229 seinen eigenen Zeimathischein zu Ihm ge¬
1000 1173 1899 1288 nomen, sich damit zu dem Schulmeister
982 1226 1904 1339 zu Pätterkinden begeben, vnd denselben
995 1296 1901 1399 mit dem Vorgeben, daß der Statthalter
990 1361 1876 1475 und der Amann Ihme solches befohlen,
1001 1417 1897 1557 ingesprochen, daß Er sein hablibachers
983 1487 1888 1600 Schein abschreiben, anstatt aber sein
970 1560 1868 1687 hablibachers Namen den Jacob zuglin¬
978 1633 1844 1766 von Ruegsauw einsetzen solle, welches
988 1707 1909 1837 der Schulmeister, weilen Er Ihme vorge¬
993 1777 1860 1885 sen, daß der Satthalter und Amann
971 1838 1861 1969 solches befohlen, auch gantz guhtwillig ge¬
989 1914 1867 2032 than darfür habe Er dem Schulmeister
985 1969 1886 2110 zweey betzen geben: Hernach aber habe Er
989 2060 1860 2181 diesen Schein genommen, und Selbigen, Wie
1641 2180 1782 2291 guch
3049 831 3155 906 151
2150 882 3163 1004 auch seinen eigenen Schein Dem Herren Fre¬
2141 974 3152 1083 duanten gebracht und das Kindt als ehrlich
2137 1034 2867 1152 einschreiben und tauffen laßen.
2200 1115 3130 1249 Daß dann die faltschen Guldt brießfen
2135 1213 3107 1334 so Er hablibacher aufrichten laßen betrifft
2139 1290 3114 1391 So hat Er bekennt, daß Er drey faltsche
2140 1346 2823 1446 Guldt brieffen machen laßen.
2132 1450 3147 1562 Vnd zwar Erstlich von Einer Wittfrauwen
2129 1513 3130 1605 von Graßenridt so an der Metzgergaßen
2142 1570 3150 1687 obenhalb der Schaal wohne, habe Er dreyßig
2126 1643 3066 1750 Tronen empfangen, Ihra darfür einen
2131 1707 3140 1812 Sohreber Guldtbrieff durch einen Schreiben
2152 1767 3084 1888 en diesere Wittfraun selbsten berußen
2121 1834 3085 1935 schreiben, sich darein als Schuldner ein¬
2126 1896 3089 2017 stellen, und zu Vnderpfunderen seines
2129 1969 3136 2082 Vatters sel. guht einsetzen laßen, welches
2128 2048 3149 2154 guht aber Er niemahlen in besitzung gehabt
2126 2112 3139 2236 sonderen es sey solches nach seines Vatters se
2879 2223 3101 2309 absterben
