4032 3024
849 821 938 895 136
1150 1199 1929 1337 Janris Nablibacher
940 1295 1920 1433 Gebührtig von Suiiswald, so sich aber
953 1391 1874 1507 ennche Jahr daher im Burhegberg auf
952 1451 1878 1571 einen Giht hinder Küßligen, so einem
940 1506 1881 1643 Herren von Sollothurn zustandig außge¬
945 1571 1888 1705 halten und Letst verstrichener Tagen drunden
942 1634 1903 1753 zu Frautobrinnnen wegen mit einem
941 1696 1860 1828 faltschen Hedelin vorgehabten betrugs
959 1784 1883 1894 in Verhafft gezogen und darauß hin ge¬
936 1842 1915 1988 fengklich allhargebracht worden. Ist Brey
932 1930 1876 2028 Tags den 22. Zornrng 1709. über ein
947 1991 1900 2112 pfangenen Oberkeitlichen Befelch durch Eih
945 2030 1883 2169 Gdl. dienere Herren Großseibel Ber¬
947 2112 1908 2266 set und den Grichtschreiberen eonstwörtig
1637 2247 1918 2323 examiniert
2163 897 3186 996 examiniert, und dardurch nach voltende
2156 960 3155 1079 Bekandtnuß an den Tag gebracht worden
2143 1044 3162 1186 Vnd zwar Erstlich in ansechen des vorgehab¬
2158 1144 3168 1251 ten außbrechung auß der Gefangen schaft¬
2138 1205 3150 1307 zu Frauwbrinnen, da Er die Ketten an¬
2149 1259 3110 1378 Arm und fuß zerbrochen, sund ein Loch in
2151 1326 3148 1439 die Manr der Gefangenschafft gemacht
2136 1391 3110 1495 haben soll: hatt Er auff ernstliches zu
2146 1457 3159 1570 sprechen, diesere Jash nach folgendergestalten
2148 1519 3159 1633 erzellet. Daß Er mit einem Kisel¬
2137 1591 3149 1688 sein vnden an den Kloben daran die Rette
2141 1641 3126 1761 angemacht wage, einiche streich gethan vnd
2135 1709 3132 1812 dargusthin seye der kloben weilen alles
2129 1780 3138 1887 hare gefrohhren wäre, Grad alsobald auß¬
2123 1856 3105 1975 gesprungen vnd weilen in einem Eggen
2135 1914 3117 2026 in der Mauren ein Großer Stahlt gse.
2118 1974 3070 2078 dardusch der wind Vast hinein kommen
2113 2037 3131 2153 habe EEr das Pflaster weggemacht vndt
2116 2105 3103 2235 hernach Strohw in den Spahlt geschoppet
2117 2164 3066 2286 damnt der wind mit mehr so Vast hinein
2109 2225 2420 2317 komen möge
2945 2277 3094 2346 Waß
