4032 3024
857 806 935 878 108
959 873 1933 1039 Namblichen. Er habe zwar zu Wangen
951 960 1940 1093 vorgeben, daß Er siche Jacob Engißer namb¬
946 1017 1921 1164 Er heiße aber Bartli Kästli werde nach
953 1090 1886 1221 künftigem Ambdet drey und zwantzig¬
943 1154 1940 1251 Jahr alt seye zu Urnäschen im Apenzeller
940 1218 1304 1303 Land daheimb.
940 1270 1899 1400 Auff befragen Wohar Er komt, und Waß
965 1348 1586 1457 Er im Land allhier schaffe.
958 1397 1863 1527 hat Er geantwortet Er seye über zwey
960 1479 1908 1586 Jahr farth und in Kriegs dienstgsin kome
941 1546 1878 1663 diß mahls auß Blanderen, habe daselbsten
953 1603 1923 1719 under H. Hauptmann Zalber im Pfeisteri¬
964 1657 1905 1792 chen Regiment gedienet, seye aber außge¬
963 1717 1895 1849 rißen, und diß mahls mehr nicht als zwo¬
965 1773 1854 1911 nacht im Berngebieth übernachtet und
946 1834 1900 1957 seye willens gsin sich in Piemont wider
967 1892 1895 2030 in dienst zu begeben: Wohl habeEr sich
957 1957 1907 2110 vor diesem in allhiesigem Landt auff gehalten
964 2006 1839 2154 und mit fueterfäßlin, Schleiffsteinen
958 2065 1656 2202 Vnd dergleichen sachen gewarbet
1651 2195 1857 2308 Jetzund
1988 1219 2088 1339 dienst
3047 806 3149 907 169
2112 885 3172 997 Jetzund habe Er keine Cameraden mehr
2104 956 3193 1052 Vormahls aber habe Er zu Cameraden gehabt
2091 1026 3128 1143 Heinrich Kindtz und Heinrich wührt und
2112 1089 3190 1190 seinen Bruder Jacobli, so in 22. Jahr alt
2116 1157 3147 1263 seye und diß mahls sich in Catalorien im
2112 1230 3186 1328 befinde, diesere gesellen habe Er im Bern¬
2095 1273 3178 1394 gebieth angetroffen und bekandtschafft mit
2091 1349 3180 1462 Ihnen gemacht, und seyen etwann ein halbe
2119 1430 2839 1520 vinter bey ein anderen Gsin
2088 1501 3184 1606 Auf Veraers befragen, Was Sie bey Eine
2113 1562 3003 1661 Anderen gemacht und furgenommen
2030 1628 3147 1760 hat Er bekennt, daß Sie mit Ein anderen
2109 1707 3180 1797 abgerndt, daß Sie etwas nemen und rauben
2110 1789 3169 1871 wollind, Er zwar habe eyster noch weiter
2114 1827 3134 1920 wollen handlen der Lenge aber nemblich
2115 1884 3161 2001 der 2, nntz, habe gesagdt, daß Sie ins Ergonn
2108 1957 3166 2052 gehen, und daselbsten etwas nemen wollend.
2102 2043 3172 2174 Vnd wie nun Er Bartli Kastli hieraufhin
2113 2112 3163 2235 krefftig ermahnt worden, daß Er die Geunde
2974 2213 3115 2295 liche
