<?xml version="1.0" encoding="UTF-8" standalone="yes"?>
<PcGts xmlns="http://schema.primaresearch.org/PAGE/gts/pagecontent/2013-07-15" xmlns:xsi="http://www.w3.org/2001/XMLSchema-instance" xsi:schemaLocation="http://schema.primaresearch.org/PAGE/gts/pagecontent/2013-07-15 http://schema.primaresearch.org/PAGE/gts/pagecontent/2013-07-15/pagecontent.xsd">
    <Metadata>
        <Creator>prov=University of Rostock/Institute of Mathematics/CITlab|PLANET AI GmbH/Gundram Leifert/gundram.leifert@planet-ai.de:name=Transkribus German Kurrent M2(htr_id=29820)::::v=2.6.7
prov=University of Rostock/Institute of Mathematics/CITlab|PLANET AI GmbH/Tobias Gruening/tobias.gruening@planet-ai.de:name=de.uros.citlab.module.baseline2polygon.B2PSeamMultiOriented:v=2.6.7
prov=University of Rostock/Institute of Mathematics/CITlab|PLANET AI GmbH/Tobias Gruening/tobias.gruening@planet-ai.de:name=/net_tf/LA73_249_0mod360.pb:de.uros.citlab.segmentation.CITlab_LA_ML:v=2.6.7
Transkribus</Creator>
        <Created>2022-05-02T15:58:44.326+02:00</Created>
        <LastChange>2022-09-12T15:57:54.003+02:00</LastChange>
        <TranskribusMetadata docId="1336520" pageId="52421016" pageNr="34" tsid="114799308" status="IN_PROGRESS" userId="9570" imgUrl="https://files.transkribus.eu/Get?id=YFZDXLMGTTNVKOOSVBVIONQM&amp;fileType=view" xmlUrl="https://files.transkribus.eu/Get?id=EEYWUFECDMJLBCBKZAPTUZPD" imageId="30693635"/>
    </Metadata>
    <Page imageFilename="IMG_6445.jpg" imageWidth="4032" imageHeight="3024">
        <ReadingOrder>
            <OrderedGroup id="ro_1687513546834" caption="Regions reading order">
                <RegionRefIndexed index="0" regionRef="r1"/>
                <RegionRefIndexed index="1" regionRef="r2"/>
                <RegionRefIndexed index="2" regionRef="r3"/>
            </OrderedGroup>
        </ReadingOrder>
        <TextRegion orientation="0.0" id="r1" custom="readingOrder {index:0;}">
            <Coords points="870,752 870,2102 966,2102 966,752"/>
            <TextLine id="r1l1" custom="readingOrder {index:0;}">
                <Coords points="907,864 916,863 919,866 923,861 934,858 937,861 945,855 954,855 961,861 974,861 974,803 961,805 957,800 933,809 925,803 922,805 917,800 907,799"/>
                <Baseline points="915,852 940,852 966,852"/>
                <TextEquiv>
                    <Unicode>62</Unicode>
                </TextEquiv>
            </TextLine>
            <TextLine id="r1l2" custom="readingOrder {index:1;}">
                <Coords points="871,1226 885,1227 919,1244 934,1238 952,1242 975,1112 944,1105 916,1123 908,1123 900,1110 892,1109"/>
                <Baseline points="888,1178 921,1187 954,1190"/>
                <TextEquiv>
                    <Unicode>H.</Unicode>
                </TextEquiv>
            </TextLine>
            <TextLine id="r1l3" custom="readingOrder {index:2;}">
                <Coords points="879,1499 889,1497 906,1508 934,1486 957,1506 966,1507 972,1368 957,1369 945,1362 907,1391 883,1384"/>
                <Baseline points="888,1460 924,1466 960,1463"/>
                <TextEquiv>
                    <Unicode>E.</Unicode>
                </TextEquiv>
            </TextLine>
            <TextLine id="r1l4" custom="readingOrder {index:3;}">
                <Coords points="861,2063 878,2063 908,2090 924,2082 933,2087 942,2078 959,2077 967,1973 953,1976 946,1969 933,1979 911,1985 888,1980 884,1984 867,1983"/>
                <Baseline points="870,2045 898,2050 926,2052 954,2051"/>
                <TextEquiv>
                    <Unicode>H.</Unicode>
                </TextEquiv>
            </TextLine>
            <TextEquiv>
                <Unicode>62
H.
E.
H.</Unicode>
            </TextEquiv>
        </TextRegion>
        <TextRegion orientation="0.0" id="r2" custom="readingOrder {index:1;}">
            <Coords points="978,887 978,2295 1929,2295 1929,887"/>
            <TextLine id="r2l1" custom="readingOrder {index:0;}">
                <Coords points="982,944 1045,926 1137,969 1271,933 1453,962 1527,932 1607,991 1669,950 1779,984 1921,951 1922,910 1817,925 1709,870 1572,856 1492,880 1374,844 1331,875 1094,831 984,882"/>
                <Baseline points="990,923 1036,924 1082,924 1128,924 1174,926 1221,926 1267,927 1313,928 1359,929 1405,930 1452,932 1498,933 1544,935 1590,936 1636,938 1683,940 1729,942 1775,945 1821,948 1867,950 1914,953"/>
                <TextEquiv>
                    <Unicode>sonderlichen aber bey der Buchen so lang ge¬</Unicode>
                </TextEquiv>
            </TextLine>
            <TextLine id="r2l2" custom="readingOrder {index:1;} person {offset:16; length:7;}">
                <Coords points="993,1032 1126,1006 1350,1058 1630,1026 1776,1065 1912,1040 1914,998 1673,954 1607,992 1503,946 1345,947 1294,988 1161,952 995,961"/>
                <Baseline points="1002,1001 1047,1001 1092,1002 1137,1004 1182,1005 1227,1005 1272,1007 1318,1007 1363,1009 1408,1010 1453,1011 1498,1013 1543,1014 1588,1015 1634,1016 1679,1019 1724,1019 1769,1022 1814,1023 1859,1024 1905,1026"/>
                <TextEquiv>
                    <Unicode>schräuren, muße Jartias weiters vor¬</Unicode>
                </TextEquiv>
            </TextLine>
            <TextLine id="r2l3" custom="readingOrder {index:2;}">
                <Coords points="984,1134 1275,1143 1426,1100 1825,1153 1903,1139 1905,1037 1658,1070 1595,1042 1198,1065 986,1038"/>
                <Baseline points="993,1082 1038,1083 1083,1083 1128,1085 1173,1086 1218,1086 1263,1088 1309,1089 1354,1091 1399,1091 1444,1092 1489,1094 1534,1095 1579,1096 1625,1097 1670,1098 1715,1098 1760,1098 1805,1098 1850,1098 1896,1098"/>
                <TextEquiv>
                    <Unicode>igungen seyn, alß es aber bißhero angezeigt:</Unicode>
                </TextEquiv>
            </TextLine>
            <TextLine id="r2l4" custom="readingOrder {index:3;}">
                <Coords points="987,1246 1057,1224 1160,1254 1238,1210 1368,1236 1475,1211 1532,1249 1604,1206 1755,1244 1903,1233 1904,1178 1836,1183 1776,1144 1653,1178 1414,1138 989,1140"/>
                <Baseline points="995,1194 1040,1196 1085,1197 1130,1199 1175,1200 1220,1202 1265,1203 1310,1204 1355,1205 1400,1206 1445,1207 1490,1208 1535,1209 1580,1209 1625,1209 1670,1209 1715,1211 1760,1211 1805,1211 1850,1211 1896,1211"/>
                <TextEquiv>
                    <Unicode>Es habe geschräinten, weil Ers in dastzzogen,</Unicode>
                </TextEquiv>
            </TextLine>
            <TextLine id="r2l5" custom="readingOrder {index:4;}">
                <Coords points="1000,1317 1086,1326 1189,1280 1282,1327 1337,1297 1392,1325 1523,1297 1644,1323 1697,1289 1916,1287 1916,1247 1669,1237 1604,1206 1532,1247 1233,1211 1160,1254 1072,1227 1001,1252"/>
                <Baseline points="1008,1268 1053,1270 1098,1273 1143,1275 1188,1276 1233,1277 1278,1278 1323,1280 1368,1280 1413,1281 1458,1281 1503,1281 1548,1281 1593,1283 1638,1281 1683,1281 1728,1281 1773,1281 1818,1281 1863,1281 1908,1280"/>
                <TextEquiv>
                    <Unicode>geschleipft und geplagt habe, und habe ver¬</Unicode>
                </TextEquiv>
            </TextLine>
            <TextLine id="r2l6" custom="readingOrder {index:5;}">
                <Coords points="986,1365 1165,1402 1252,1372 1386,1414 1542,1371 1614,1413 1718,1412 1927,1367 1928,1335 1829,1297 1282,1327 1175,1289 1089,1328 986,1318"/>
                <Baseline points="993,1344 1039,1347 1085,1349 1132,1352 1178,1353 1224,1355 1271,1356 1317,1357 1363,1358 1410,1358 1456,1359 1502,1359 1549,1359 1595,1358 1641,1358 1688,1358 1734,1356 1780,1356 1827,1355 1873,1355 1920,1353"/>
                <TextEquiv>
                    <Unicode>imemt, daß ers deso eher werde gesen laßen.</Unicode>
                </TextEquiv>
            </TextLine>
            <TextLine id="r2l7" custom="readingOrder {index:6;}">
                <Coords points="1006,1466 1170,1477 1253,1520 1491,1464 1647,1476 1706,1520 1807,1471 1885,1510 1925,1481 1925,1437 1809,1395 1535,1435 1367,1403 1139,1412 1082,1370 1007,1372"/>
                <Baseline points="1014,1452 1059,1457 1104,1461 1149,1463 1194,1466 1239,1467 1284,1469 1330,1469 1375,1469 1420,1469 1465,1469 1510,1469 1555,1467 1600,1467 1646,1467 1691,1467 1736,1467 1781,1467 1826,1469 1871,1470 1917,1472"/>
                <TextEquiv>
                    <Unicode>könne mit seyn, daß es die pure Warheit vor¬</Unicode>
                </TextEquiv>
            </TextLine>
            <TextLine id="r2l8" custom="readingOrder {index:7;}">
                <Coords points="985,1578 1054,1540 1245,1580 1292,1544 1485,1572 1614,1548 1697,1587 1900,1551 1900,1510 1805,1479 1706,1520 1641,1476 1489,1464 1405,1509 1296,1491 1252,1521 1126,1474 986,1473"/>
                <Baseline points="993,1532 1038,1535 1083,1536 1128,1536 1173,1538 1218,1539 1263,1539 1308,1540 1353,1541 1398,1541 1443,1541 1488,1541 1533,1541 1578,1542 1623,1542 1668,1542 1713,1542 1758,1542 1803,1542 1848,1542 1893,1544"/>
                <TextEquiv>
                    <Unicode>gebe, dann auß allen Umbständen seye¬</Unicode>
                </TextEquiv>
            </TextLine>
            <TextLine id="r2l9" custom="readingOrder {index:8;}">
                <Coords points="990,1645 1023,1664 1086,1616 1175,1667 1316,1667 1354,1635 1515,1659 1655,1626 1793,1660 1880,1632 1881,1571 1729,1596 1656,1561 1364,1577 1315,1547 1240,1580 1165,1542 991,1575"/>
                <Baseline points="998,1604 1041,1605 1085,1607 1129,1608 1172,1610 1216,1611 1260,1613 1303,1614 1347,1616 1391,1617 1435,1618 1478,1619 1522,1619 1566,1620 1609,1620 1653,1620 1697,1620 1740,1619 1784,1619 1828,1617 1872,1616"/>
                <TextEquiv>
                    <Unicode>nicht estendig zuschließen, daß etwas mehr</Unicode>
                </TextEquiv>
            </TextLine>
            <TextLine id="r2l10" custom="readingOrder {index:9;}">
                <Coords points="970,1706 1088,1734 1275,1696 1364,1745 1430,1711 1504,1753 1570,1707 1887,1734 1906,1625 1763,1676 1696,1641 1525,1672 1366,1643 1176,1671 1089,1626 1022,1666 971,1653"/>
                <Baseline points="978,1682 1023,1683 1069,1684 1115,1686 1161,1687 1207,1688 1253,1690 1299,1691 1345,1693 1391,1695 1437,1695 1482,1697 1528,1698 1574,1699 1620,1700 1666,1700 1712,1700 1758,1700 1804,1700 1850,1700 1896,1698"/>
                <TextEquiv>
                    <Unicode>zwuschen Ihnen Vorgangen seyn, oder aufs</Unicode>
                </TextEquiv>
            </TextLine>
            <TextLine id="r2l11" custom="readingOrder {index:10;}">
                <Coords points="991,1757 1084,1806 1173,1761 1222,1798 1543,1774 1598,1821 1659,1820 1791,1776 1921,1790 1923,1735 1851,1717 1748,1751 1683,1715 1635,1751 1574,1710 1492,1753 1451,1718 1366,1746 1215,1696 1099,1735 992,1712"/>
                <Baseline points="999,1751 1044,1754 1090,1756 1136,1758 1182,1761 1227,1763 1273,1765 1319,1767 1365,1769 1410,1770 1456,1772 1502,1773 1548,1775 1593,1776 1639,1776 1685,1777 1731,1778 1776,1778 1822,1778 1868,1778 1914,1778"/>
                <TextEquiv>
                    <Unicode>wenigste daß es an Vernebung diher schand¬</Unicode>
                </TextEquiv>
            </TextLine>
            <TextLine id="r2l12" custom="readingOrder {index:11;}">
                <Coords points="981,1851 1027,1877 1077,1841 1163,1888 1235,1847 1355,1842 1429,1894 1517,1863 1838,1858 1914,1893 1916,1812 1750,1783 1658,1834 1544,1774 1232,1816 1145,1773 1098,1812 1042,1773 984,1787"/>
                <Baseline points="990,1824 1035,1827 1081,1830 1127,1833 1173,1837 1219,1839 1265,1842 1311,1844 1357,1847 1403,1849 1449,1851 1494,1852 1540,1854 1586,1856 1632,1857 1678,1859 1724,1859 1770,1860 1816,1860 1862,1862 1908,1862"/>
                <TextEquiv>
                    <Unicode>lichen dingen eben so wohl alß der Gatter iin</Unicode>
                </TextEquiv>
            </TextLine>
            <TextLine id="r2l13" custom="readingOrder {index:12;}">
                <Coords points="993,1933 1065,1909 1202,1965 1265,1928 1376,1978 1464,1932 1576,1986 1649,1953 1855,1997 1926,1975 1930,1886 1832,1870 1702,1912 1628,1872 1569,1903 1526,1867 1429,1895 1351,1847 1144,1889 1077,1843 996,1864"/>
                <Baseline points="1002,1899 1047,1902 1093,1905 1139,1908 1185,1910 1231,1914 1277,1916 1323,1919 1369,1922 1415,1923 1461,1926 1506,1928 1552,1929 1598,1930 1644,1932 1690,1932 1736,1934 1782,1934 1828,1934 1874,1934 1920,1934"/>
                <TextEquiv>
                    <Unicode>gefüllen gehabt, und gern darzu eingewtilliget</Unicode>
                </TextEquiv>
            </TextLine>
            <TextLine id="r2l14" custom="readingOrder {index:13;}">
                <Coords points="1023,1991 1168,1982 1220,2022 1241,2007 1330,1993 1335,1923 1306,1941 1267,1928 1215,1966 1174,1965 1142,1929 1110,1933 1093,1915 1058,1910 1027,1924"/>
                <Baseline points="1032,1970 1058,1971 1084,1972 1111,1973 1137,1976 1164,1976 1190,1979 1217,1980 1243,1983 1270,1984 1296,1987 1323,1988"/>
                <TextEquiv>
                    <Unicode>haben meße?</Unicode>
                </TextEquiv>
            </TextLine>
            <TextLine id="r2l15" custom="readingOrder {index:14;}">
                <Coords points="993,2064 1558,2091 1710,2146 1784,2096 1824,2125 1936,2106 1939,2045 1801,2016 1660,2037 1420,1992 1317,2038 1199,2039 1110,1988 997,1997"/>
                <Baseline points="1002,2045 1048,2049 1094,2052 1141,2055 1187,2058 1233,2062 1280,2065 1326,2069 1372,2071 1419,2075 1465,2078 1511,2080 1558,2082 1604,2085 1650,2087 1697,2088 1743,2090 1789,2091 1836,2093 1882,2094 1929,2094"/>
                <TextEquiv>
                    <Unicode>Es seye einmahl mit anders vorgangen, und habe</Unicode>
                </TextEquiv>
            </TextLine>
            <TextLine id="r2l16" custom="readingOrder {index:15;}">
                <Coords points="1000,2154 1052,2173 1122,2147 1219,2183 1320,2168 1516,2205 1564,2162 1631,2153 1633,2123 1596,2128 1557,2090 1482,2119 1451,2089 1403,2103 1371,2074 1297,2088 1245,2063 1144,2060 1089,2083 1007,2060"/>
                <Baseline points="1011,2114 1041,2115 1072,2117 1102,2118 1133,2119 1164,2121 1194,2124 1225,2126 1255,2127 1286,2132 1317,2134 1347,2136 1378,2139 1408,2142 1439,2144 1470,2145 1500,2147 1531,2148 1561,2149 1592,2150 1623,2150"/>
                <TextEquiv>
                    <Unicode>Es solches Auch mit gern gethan</Unicode>
                </TextEquiv>
            </TextLine>
            <TextLine id="r2l17" custom="readingOrder {index:16;}">
                <Coords points="1572,2297 1648,2301 1698,2271 1739,2269 1761,2282 1843,2274 1867,2283 1901,2267 1903,2226 1842,2221 1799,2198 1766,2219 1656,2160 1620,2185 1576,2176"/>
                <Baseline points="1581,2262 1607,2264 1633,2264 1659,2265 1685,2265 1711,2265 1737,2267 1763,2267 1789,2267 1815,2269 1841,2270 1867,2272 1893,2276"/>
                <TextEquiv>
                    <Unicode>G. Warumb</Unicode>
                </TextEquiv>
            </TextLine>
            <TextEquiv>
                <Unicode>sonderlichen aber bey der Buchen so lang ge¬
schräuren, muße Jartias weiters vor¬
igungen seyn, alß es aber bißhero angezeigt:
Es habe geschräinten, weil Ers in dastzzogen,
geschleipft und geplagt habe, und habe ver¬
imemt, daß ers deso eher werde gesen laßen.
könne mit seyn, daß es die pure Warheit vor¬
gebe, dann auß allen Umbständen seye¬
nicht estendig zuschließen, daß etwas mehr
zwuschen Ihnen Vorgangen seyn, oder aufs
wenigste daß es an Vernebung diher schand¬
lichen dingen eben so wohl alß der Gatter iin
gefüllen gehabt, und gern darzu eingewtilliget
haben meße?
Es seye einmahl mit anders vorgangen, und habe
Es solches Auch mit gern gethan
G. Warumb</Unicode>
            </TextEquiv>
        </TextRegion>
        <TextRegion orientation="0.0" id="r3" custom="readingOrder {index:2;}">
            <Coords points="2001,829 2001,2277 3260,2277 3260,829"/>
            <TextLine id="r3l1" custom="readingOrder {index:0;}">
                <Coords points="3155,879 3177,882 3182,875 3189,880 3196,878 3205,883 3217,876 3224,867 3233,866 3226,817 3212,820 3199,814 3181,815 3166,831 3148,829"/>
                <Baseline points="3162,876 3193,873 3225,867"/>
                <TextEquiv>
                    <Unicode>63</Unicode>
                </TextEquiv>
            </TextLine>
            <TextLine id="r3l2" custom="readingOrder {index:1;}">
                <Coords points="2021,1042 2238,971 2468,997 2604,957 2883,1011 2930,969 3047,1014 3250,972 3248,878 3181,867 3059,909 3010,873 2802,881 2640,938 2458,878 2018,887"/>
                <Baseline points="2028,992 2088,984 2149,977 2210,972 2270,968 2331,965 2392,963 2452,962 2513,962 2574,962 2635,962 2695,962 2756,963 2817,963 2877,963 2938,962 2999,962 3059,960 3120,957 3181,952 3242,947"/>
                <TextEquiv>
                    <Unicode>G. Warumb es dann iich mit gewehrt alß sein</Unicode>
                </TextEquiv>
            </TextLine>
            <TextLine id="r3l3" custom="readingOrder {index:2;}">
                <Coords points="2161,1065 2335,1098 2456,1048 2548,1099 2690,1062 2971,1079 3016,1043 3076,1084 3142,1042 3268,1057 3267,969 3047,1014 2939,965 2876,1013 2779,972 2687,1014 2603,959 2466,1017 2280,979 2160,1000"/>
                <Baseline points="2168,1049 2222,1047 2277,1046 2331,1046 2386,1046 2441,1044 2495,1044 2550,1043 2604,1043 2659,1043 2714,1041 2768,1041 2823,1040 2877,1040 2932,1038 2987,1037 3041,1035 3096,1034 3150,1032 3205,1029 3260,1026"/>
                <TextEquiv>
                    <Unicode>Vtätter Ihns entbloßen bekasten und beschancten</Unicode>
                </TextEquiv>
            </TextLine>
            <TextLine id="r3l4" custom="readingOrder {index:3;}">
                <Coords points="2148,1137 2320,1163 2434,1122 2632,1180 2778,1120 2985,1131 3043,1171 3243,1112 3243,1071 3074,1084 3016,1043 2966,1083 2690,1061 2547,1099 2383,1057 2333,1099 2239,1069 2148,1097"/>
                <Baseline points="2156,1124 2210,1125 2264,1127 2318,1127 2372,1128 2426,1128 2480,1128 2534,1127 2588,1127 2642,1127 2696,1125 2750,1124 2804,1122 2858,1122 2912,1121 2966,1119 3020,1118 3074,1116 3128,1115 3182,1113 3236,1112"/>
                <TextEquiv>
                    <Unicode>wollen hätte sich wohl beßer wehren und solches</Unicode>
                </TextEquiv>
            </TextLine>
            <TextLine id="r3l5" custom="readingOrder {index:4;}">
                <Coords points="2143,1221 2528,1209 2804,1260 2961,1204 3207,1207 3237,1144 3093,1136 3020,1172 2962,1134 2868,1176 2708,1135 2546,1182 2444,1128 2347,1182 2285,1138 2142,1136"/>
                <Baseline points="2150,1205 2204,1205 2258,1205 2312,1205 2366,1205 2420,1205 2474,1205 2528,1205 2582,1205 2636,1205 2690,1205 2744,1205 2798,1205 2852,1205 2906,1203 2960,1203 3014,1202 3068,1199 3122,1197 3176,1195 3230,1191"/>
                <TextEquiv>
                    <Unicode>Verhinderen können, sonderlich weil der Gatter</Unicode>
                </TextEquiv>
            </TextLine>
            <TextLine id="r3l6" custom="readingOrder {index:5;}">
                <Coords points="2158,1288 2272,1294 2285,1280 2366,1335 2530,1290 2530,1257 2460,1259 2407,1222 2375,1226 2356,1212 2305,1209 2246,1258 2158,1257"/>
                <Baseline points="2166,1280 2191,1280 2217,1280 2242,1280 2268,1280 2293,1280 2319,1280 2344,1280 2370,1280 2395,1280 2421,1280 2446,1280 2472,1280 2497,1278 2523,1278"/>
                <TextEquiv>
                    <Unicode>truncten gfe.</Unicode>
                </TextEquiv>
            </TextLine>
            <TextLine id="r3l7" custom="readingOrder {index:6;}">
                <Coords points="2012,1412 2029,1413 2051,1398 2062,1401 2075,1391 2081,1395 2096,1390 2105,1298 2093,1299 2076,1292 2049,1308 2042,1306 2035,1310 2022,1304"/>
                <Baseline points="2025,1361 2058,1365 2091,1367"/>
                <TextEquiv>
                    <Unicode>R.</Unicode>
                </TextEquiv>
            </TextLine>
            <TextLine id="r3l8" custom="readingOrder {index:7;}">
                <Coords points="2110,1414 2323,1371 2412,1417 2482,1377 2623,1422 2684,1384 2798,1415 2869,1376 3092,1431 3205,1416 3205,1328 3061,1324 2982,1278 2508,1352 2183,1293 2110,1344"/>
                <Baseline points="2117,1371 2171,1371 2225,1370 2279,1371 2333,1371 2387,1371 2441,1373 2495,1374 2549,1374 2603,1376 2657,1376 2711,1377 2765,1377 2819,1379 2873,1379 2927,1379 2981,1377 3035,1377 3089,1376 3143,1373 3198,1371"/>
                <TextEquiv>
                    <Unicode>habe es mit gern geschehen laßen, sonderen sich</Unicode>
                </TextEquiv>
            </TextLine>
            <TextLine id="r3l9" custom="readingOrder {index:8;}">
                <Coords points="2139,1477 2345,1436 2449,1490 2542,1447 2800,1450 2933,1505 3114,1502 3168,1450 3224,1459 3225,1412 3023,1428 2869,1377 2809,1420 2685,1384 2505,1428 2322,1372 2140,1416"/>
                <Baseline points="2148,1436 2201,1436 2254,1437 2308,1437 2361,1438 2415,1439 2468,1440 2521,1442 2575,1443 2628,1445 2682,1446 2735,1447 2788,1448 2842,1449 2895,1450 2949,1451 3002,1451 3055,1451 3109,1451 3162,1450 3216,1449"/>
                <TextEquiv>
                    <Unicode>gung und lang und so weit es möglich ghme ge¬</Unicode>
                </TextEquiv>
            </TextLine>
            <TextLine id="r3l10" custom="readingOrder {index:9;}">
                <Coords points="2130,1530 2224,1558 2294,1504 2548,1563 2767,1516 2882,1555 3197,1545 3198,1472 2933,1509 2802,1451 2668,1450 2622,1486 2542,1447 2452,1490 2345,1439 2187,1444 2131,1487"/>
                <Baseline points="2139,1508 2191,1508 2244,1508 2296,1508 2349,1509 2401,1509 2454,1511 2506,1512 2559,1514 2611,1517 2664,1518 2716,1520 2769,1521 2821,1523 2874,1524 2926,1524 2979,1526 3031,1526 3084,1524 3136,1524 3189,1523"/>
                <TextEquiv>
                    <Unicode>gekehrt und auch geschräucken habe wer mit</Unicode>
                </TextEquiv>
            </TextLine>
            <TextLine id="r3l11" custom="readingOrder {index:10;}">
                <Coords points="2153,1585 2204,1622 2295,1578 2672,1585 2772,1632 2853,1585 3014,1642 3223,1621 3224,1527 2882,1555 2758,1517 2549,1564 2398,1520 2325,1559 2153,1552"/>
                <Baseline points="2160,1574 2212,1574 2265,1576 2318,1577 2371,1578 2424,1580 2476,1581 2529,1583 2582,1584 2635,1586 2688,1586 2740,1587 2793,1589 2846,1589 2899,1589 2952,1589 3004,1589 3057,1589 3110,1589 3163,1587 3216,1586"/>
                <TextEquiv>
                    <Unicode>möghen anbringen weil es zu nhesach gin, und</Unicode>
                </TextEquiv>
            </TextLine>
            <TextLine id="r3l12" custom="readingOrder {index:11;}">
                <Coords points="2137,1658 2337,1689 2402,1657 2448,1688 2508,1652 2658,1699 2698,1672 2772,1699 2830,1666 2927,1681 2928,1611 2879,1597 2773,1632 2700,1601 2636,1624 2593,1587 2358,1606 2297,1578 2215,1627 2138,1606"/>
                <Baseline points="2145,1644 2183,1644 2222,1644 2261,1643 2299,1643 2338,1644 2377,1644 2415,1644 2454,1644 2493,1646 2532,1646 2570,1647 2609,1647 2648,1649 2686,1649 2725,1650 2764,1650 2802,1652 2841,1653 2880,1653 2919,1653"/>
                <TextEquiv>
                    <Unicode>eine Fläschen in händen gehabt habe.</Unicode>
                </TextEquiv>
            </TextLine>
            <TextLine id="r3l13" custom="readingOrder {index:12;}">
                <Coords points="2168,1770 2377,1748 2490,1802 2538,1766 2575,1804 2699,1753 3015,1759 3200,1822 3203,1684 3149,1669 3031,1720 2677,1683 2555,1726 2498,1688 2397,1720 2171,1650"/>
                <Baseline points="2177,1746 2227,1746 2278,1745 2329,1745 2380,1746 2431,1746 2482,1747 2532,1748 2583,1749 2634,1749 2685,1751 2736,1752 2787,1754 2838,1755 2888,1757 2939,1758 2990,1760 3041,1760 3092,1761 3143,1763 3194,1763"/>
                <TextEquiv>
                    <Unicode>abe aber erst geschräuchen wannes Leuth</Unicode>
                </TextEquiv>
            </TextLine>
            <TextLine id="r3l14" custom="readingOrder {index:13;}">
                <Coords points="1995,1789 2005,1787 2013,1794 2030,1784 2065,1798 2107,1783 2136,1784 2129,1653 2100,1644 2060,1667 2015,1712 1991,1713"/>
                <Baseline points="2001,1758 2026,1756 2051,1755 2076,1754 2101,1753 2126,1751"/>
                <TextEquiv>
                    <Unicode>E. G</Unicode>
                </TextEquiv>
            </TextLine>
            <TextLine id="r3l15" custom="readingOrder {index:14;}">
                <Coords points="2146,1851 2542,1867 2591,1829 2733,1880 2867,1874 2937,1831 3103,1836 3104,1781 2903,1797 2658,1759 2607,1800 2536,1765 2493,1803 2375,1747 2309,1791 2252,1761 2147,1791"/>
                <Baseline points="2154,1812 2201,1814 2248,1815 2295,1815 2342,1817 2389,1817 2436,1818 2483,1818 2530,1820 2577,1820 2625,1821 2672,1821 2719,1823 2766,1823 2813,1824 2860,1826 2907,1826 2954,1827 3001,1829 3048,1832 3096,1833"/>
                <TextEquiv>
                    <Unicode>gesehen, hätte auch zustorschreyen sollen?</Unicode>
                </TextEquiv>
            </TextLine>
            <TextLine id="r3l16" custom="readingOrder {index:15;}">
                <Coords points="2146,1917 2501,1915 2683,1970 2852,1947 2944,1981 3005,1932 3084,1961 3183,1927 3184,1874 3084,1897 2974,1836 2815,1898 2707,1861 2646,1880 2582,1833 2437,1876 2147,1850"/>
                <Baseline points="2153,1914 2204,1914 2255,1913 2306,1913 2357,1913 2408,1913 2459,1913 2511,1913 2562,1914 2613,1916 2664,1916 2715,1917 2766,1919 2817,1920 2869,1922 2920,1923 2971,1925 3022,1926 3073,1928 3124,1928 3176,1929"/>
                <TextEquiv>
                    <Unicode>Es habe dem Vatter gung geegt, Er solle es</Unicode>
                </TextEquiv>
            </TextLine>
            <TextLine id="r3l17" custom="readingOrder {index:16;}">
                <Coords points="2004,1920 2015,1921 2030,1938 2037,1943 2042,1940 2049,1949 2057,1946 2073,1957 2081,1951 2102,1958 2111,1843 2099,1842 2092,1833 2072,1838 2061,1831 2046,1839 2012,1831"/>
                <Baseline points="2013,1914 2041,1922 2069,1922 2097,1923"/>
                <TextEquiv>
                    <Unicode>6.</Unicode>
                </TextEquiv>
            </TextLine>
            <TextLine id="r3l18" custom="readingOrder {index:17;}">
                <Coords points="2157,2006 2180,2002 2201,2015 2257,2004 2283,2025 2327,2034 2342,2019 2355,2028 2397,2003 2455,2004 2454,1945 2408,1927 2375,1950 2288,1922 2216,1935 2156,1915"/>
                <Baseline points="2165,1982 2190,1979 2216,1977 2241,1977 2267,1976 2293,1976 2318,1976 2344,1976 2370,1977 2395,1977 2421,1977 2447,1977"/>
                <TextEquiv>
                    <Unicode>laßen gahn</Unicode>
                </TextEquiv>
            </TextLine>
            <TextLine id="r3l19" custom="readingOrder {index:18;}">
                <Coords points="2004,2110 2376,2075 2576,2120 2746,2084 2883,2135 2950,2085 3187,2089 3187,2038 2858,2008 2311,2045 2097,1974 2004,2001"/>
                <Baseline points="2012,2096 2070,2089 2128,2084 2187,2081 2245,2078 2303,2076 2362,2076 2420,2076 2478,2076 2537,2077 2595,2078 2653,2079 2712,2081 2770,2082 2828,2084 2887,2085 2945,2087 3003,2087 3062,2087 3120,2085 3179,2084"/>
                <TextEquiv>
                    <Unicode>G. Worumb es mit mit Händen und fußen den</Unicode>
                </TextEquiv>
            </TextLine>
            <TextLine id="r3l20" custom="readingOrder {index:19;}">
                <Coords points="2160,2170 2283,2154 2395,2206 2548,2176 2656,2193 2684,2170 2739,2172 2739,2092 2638,2092 2575,2122 2552,2100 2465,2090 2438,2109 2380,2083 2160,2104"/>
                <Baseline points="2168,2153 2196,2151 2224,2151 2252,2150 2280,2148 2309,2148 2337,2148 2365,2148 2393,2148 2421,2148 2450,2148 2478,2148 2506,2148 2534,2148 2562,2148 2591,2148 2619,2148 2647,2148 2675,2147 2703,2147 2732,2147"/>
                <TextEquiv>
                    <Unicode>Patter von sich gestossen?</Unicode>
                </TextEquiv>
            </TextLine>
            <TextLine id="r3l21" custom="readingOrder {index:20;}">
                <Coords points="2737,2282 2765,2289 2831,2261 2895,2307 2976,2289 3025,2261 3088,2275 3091,2147 3023,2156 2981,2190 2879,2188 2832,2169 2739,2211"/>
                <Baseline points="2745,2249 2770,2249 2796,2250 2822,2250 2848,2250 2874,2252 2900,2252 2925,2253 2951,2253 2977,2253 3003,2255 3029,2255 3055,2255 3081,2255"/>
                <TextEquiv>
                    <Unicode>b. habe</Unicode>
                </TextEquiv>
            </TextLine>
            <TextEquiv>
                <Unicode>63
G. Warumb es dann iich mit gewehrt alß sein
Vtätter Ihns entbloßen bekasten und beschancten
wollen hätte sich wohl beßer wehren und solches
Verhinderen können, sonderlich weil der Gatter
truncten gfe.
R.
habe es mit gern geschehen laßen, sonderen sich
gung und lang und so weit es möglich ghme ge¬
gekehrt und auch geschräucken habe wer mit
möghen anbringen weil es zu nhesach gin, und
eine Fläschen in händen gehabt habe.
abe aber erst geschräuchen wannes Leuth
E. G
gesehen, hätte auch zustorschreyen sollen?
Es habe dem Vatter gung geegt, Er solle es
6.
laßen gahn
G. Worumb es mit mit Händen und fußen den
Patter von sich gestossen?
b. habe</Unicode>
            </TextEquiv>
        </TextRegion>
    </Page>
</PcGts>
