4032 3024
809 806 897 884 152
944 867 1889 1012 Absterben verkaufft worden, Vnd Er Hanns
931 953 1875 1084 Jaslibacher erst in Sechs wuchen nach seines
943 1025 1849 1147 Vatters sel. Todt an die weldt gebohren
934 1086 1089 1166 worden.
897 1154 1855 1290 Zum Anderen so seye Er hablibacher
959 1244 1804 1355 mit und neben einem Menschen, so sich
940 1298 1862 1427 für Rathri Stalder von Küngsanw auß¬
943 1388 1832 1503 geben vnd Er zu dem End angesprochen
943 1440 1838 1565 zu dem Hr Schreiber dittliger gangen
937 1496 1856 1627 und demselben vorgeben, daß die Stalde¬
940 1573 1850 1693 ein Ihme hablibacher 25. r. schuldig seyt,
952 1641 1823 1757 teilen Sie aber Ihne mit pahren geldt
945 1701 1797 1842 nicht zahlen könne Sie Ihme hablibacher
947 1775 1820 1891 im Guldtbrieß darfur außrichten, vnd
937 1836 1816 1974 zur Sicherheit dieser sum Ihr hinder
929 1905 1843 2044 Küegsan ligende herdt einsetzen wolle
943 1997 1840 2115 und wie diesers Guldt briefflin darauff¬
929 2037 1859 2183 hin verfertiget worden, habe Er hablibacher
923 2125 1818 2247 solches zu seinen handen genomen, etwas
1623 2228 1767 2333 Zeits
2921 801 3061 882 153
2068 879 3123 1021 Zeits hernach aber den zen Schreiber dittli
2077 954 3120 1062 ger angesprochen, daß Er Ihme auf dieses
2072 1036 3088 1148 Guldtbriefflin etwas geldts enthleuen solle
2062 1106 3104 1215 So aber der hr dittliger auf diesere weis
2078 1170 3110 1266 nit thun sonderen lieber das briefflin Ihme
2073 1244 3090 1371 Gentzlich abkaußfen wollen, welches Er Ihme
2079 1316 3078 1431 auch Endtlichen gegeben, von dem empfange.
2085 1376 3040 1494 nen Geldt dann, habe Er dem Menschen
2074 1439 3075 1553 so sich auf sein anhalten, darzu brauchen
2091 1516 2925 1627 aßen, den halbigen Theil überlaßen
2511 1627 2592 1692 von
2089 1631 3060 1762 rittens habe Er seinem Schloßer an
2086 1704 3106 1815 der Keßler gaßen wohnhafft, Ein Hundert
2089 1772 3079 1879 guldi entlehnt, demselben darfür einen
2089 1836 3075 1936 Guldtbrief aufrichten und zu vnderpfen
2096 1907 3096 1988 deren gleichmäßig wie hie vor, seines Vatters
2071 1969 3059 2075 sel. Guht vnd zwar Jndesmahl fur frey
2095 2028 3096 2117 ledig und eigen, so aber niemahlen das seine
2080 2094 3069 2192 Isin einsetzen laßen, Vnd da dieser Betrug
2094 2146 3046 2260 bekannt worden, und des Schloßers Frauuh
2830 2233 3049 2336 hinauß.
