4032 3024
841 783 941 889 126
997 828 1892 989 sillens selbige dem Waldamann
971 906 1917 1048 Streitt von Ruhiweil, welcher
974 972 1892 1108 sambt seinem Sohn Ihme Liechte im
975 1030 1876 1174 Wihrtshauß daselbsten gewahrtet
988 1124 1890 1232 in die hand zustellen; habend der
976 1173 1884 1293 Wald amann, sein Sohn, wie auch des
973 1238 1890 1380 Wald amans Bruder 2gstar Streytt
980 1300 1891 1430 und Er kiecht, mit einanderen eine
966 1375 1837 1498 Maaß wein getruncken. Da dann
989 1444 1874 1556 Er kiechti mit des Wald AmannsSohn
979 1512 1901 1637 Einem Jungen Knaben in ein gesprach
991 1580 1871 1693 von glaubens sachen gerahten, da vnder
971 1618 1850 1774 Anderem der Knab von Ihme liechti
987 1691 1877 1834 zuwüßen begehrt, worüber sein herr
989 1753 1808 1899 Pordicant in der Kinder Lehr Ihne
979 1833 1885 1965 Liechti gefragdt, deme Er geantwor¬
988 1883 1855 2023 tet vom Vatter Vnßer, darauff der
986 1961 1844 2101 Knabgesagdt, und der Ihrige habe Ihn
989 2022 1820 2167 vom glauben gefragdt. Nun neben
980 2072 1784 2228 Anderen Reden vor solchen sachen
1643 2192 1806 2285 habe
3038 821 3133 935 127
2149 886 3156 1002 sahr Er Liechti gesagdt Er suche nun mehr
2150 951 3109 1061 wohl daß ein Mensch den Anderen nit
2151 1014 3147 1113 könne sehlig machen oder Verdamen dann
2141 1078 3144 1192 auf ein Zeit habe der Ihr Von Wygl Ihm
2139 1142 3084 1251 in daselbstiges Schloß beschickt Ihme
2141 1209 3158 1316 Sehr wüße wohrt Zugereit Einen Leu-
2123 1266 3074 1369 fels Sub vnd Kätzers bub geleißen
2141 1336 3146 1451 mit vermelden, Er habe Ihm viel guht¬
2141 1422 3142 1503 thate erwiesen und dergleichen, also daß
2150 1468 3131 1576 wann Er Ihr Ihne damahls hätte können
2134 1533 3080 1616 dem Fathan übergeben hätte Er es
2122 1595 3096 1706 gethan, da habe Er Einchti bey Ihme
2126 1652 3083 1752 selbsten gedenckt der 2eusfel neme
2512 1719 2664 1769 und Wort
2123 1722 3056 1840 solche giht thaten: Nun auß diese
2138 1785 3114 1890 weist und in solchem Verstand habe Er die
2138 1847 3065 1949 wohrt im Thal giht geredt, und darbey
2136 1913 3107 2023 weder Ggeflucht noch geschwohren, seye auch
2129 1973 3078 2072 bey gahhnen Verstand und nicht trunken
2120 2040 3117 2143 Sin; Maßen Er auch nachwehrts als der
2122 2111 3120 2233 Schreiber zachen und Etliche Thorrichter
