3024 4032
85 3558 254 3752 V
106 154 266 241 [212.
250 260 435 442 ag
203 416 377 603 D.
171 910 353 1119 By
196 1193 334 1356 e
493 211 1355 459 Hanns Gräls
470 338 1475 600 das sie hernach mit die sin faltscher
459 407 1130 554 hatten ungefangen
469 506 1472 743 der vierths habe selbige darnach gewonen
398 585 1488 826 chwend loniß gebehen; aber ersamen
419 699 1473 914 gnd glich gar schlecht und kenbache
437 828 1452 1000 Anßgefallen ennd habe selbige
425 906 1453 1125 der bittschard nachts er ths bekommen,
423 997 1415 1235 Was sin hernach Petters vergenommen,
372 1148 649 1236 in
424 1215 1424 1432 frbtag, die er gesolen, daß sie nur
403 1298 1410 1529 Rristend aber von gäben und lich auß
422 1437 1335 1571 allem nich stsfrucht bachend befolgen,
400 1526 1420 1690 werde, habe die stempfels vnnd and sye
394 1621 1408 1768 sich annommen auch selbige dieder ab¬
361 1706 1406 1881 eschloffen, und forbehafend sollen
389 1844 1386 2021 darüber der Adler wirth so kässig
400 1927 1385 2073 worden, daß er eine keür angen
397 2034 1347 2206 sgristen und auch ihme juli
393 2123 1405 2289 darmit schlagen Holter horenn
391 2237 1407 2402 aber der Ritschard ihne urthinden
341 2325 1397 2534 eret, ein zogendthal aber die jenig
369 2450 1422 2596 keissen die stempfel sieder dem
377 2536 1391 2705 bsigth Linzukheundigen und seind der
347 2630 1388 2842 rithshatt und er hierauff mit sin
336 2779 1389 2938 nander gegen hann auff zuverpingen
339 2873 1424 3032 zuo gegangen, das seyn alles das sin
359 2972 1363 3145 mit dem ruff macht dem Adler
317 3069 1412 3271 wiethen zuo Biel zu Thun gehalten
346 3173 1371 3384 haben ihne seithar auch nit mals
352 3309 1395 3480 gesehme noch den Christen band¬
323 3418 1378 3558 eman mit welchend sie sonsten auch
331 3509 1382 3656 richt ein mehrers als obiger warnebel
331 3608 1393 3769 Als sy unnd der ktschard nun von Biel Kinlieg
332 3695 1372 3857 gegenngen, solichen gebesen und das sie nacht
1960 360 2881 508 Daniel Brathli 33.
1828 444 2891 648 bertzes deß haben hariters mit einander
1831 596 2290 728 forgenommentt
1617 677 1844 863 Clitti
1869 731 2813 891 deyen bied ers auf Hilterfingen
1811 810 2860 985 zegangen, allso er stag ohngefhe bie
1813 900 2841 1035 Bedeßd. Wochen obienach angefangen
1812 1002 2883 1158 Zuo Riesdann erstlich habe der Burenhartli
1816 1095 2857 1263 gehochen, daran sy aber malhr nit als
1810 1196 2805 1358 10 sumb schlachter heissen zubegen
1786 1302 2838 1461 bringen k kommen, welchen nach denne ey
1792 1404 2862 1535 solche mit kein stein und silber gebeißen
1792 1507 2757 1677 gethalerd er gen solches dem wirthen
1810 1596 2862 1779 ugenacht zuo Biel gehabenet gethalten
1806 1688 2837 1806 kranck kinnd und theils im Barn¬
1822 1781 2862 1969 unnd theils in Sollothurner gebiethauß
1795 1895 2829 2061 gegebenn könnte sich aber ohnninglich
1816 2001 2836 2183 an die Oret, wan er sölche außgegebenn, er
1816 2174 2104 2234 eeren
1814 2211 2834 2397 ob der bittschlach auch geholfen.
1580 2146 1775 2414 den
1802 2326 2499 2470 zürichenckt us er hiessen
1553 2381 1795 2516 kasto
1819 2400 2802 2589 ben seye zuo beiden sin gegen gelesenn, wann
1826 2527 2763 2683 Drügi zegossen, habe aber niemalls
1813 2613 2817 2782 darzuo gebolfen, auch bey seinem büssen
1805 2715 2637 2877 dieser beth keines in gehalt.
2655 2830 2767 2916 oßen
1594 2750 1746 2964 selig
1802 2845 2823 3013 Was sie nachlerts für Cortlis gegaaht
1850 2932 2815 3101 darnach haben sie auch R 22. holon
1520 2957 1817 3109 Tab
1813 3049 2808 3224 unnd under biß der probierte zuo hiesen
1773 3149 2829 3308 so aber miss gerahten sollen, nach verkhen
1793 3244 2830 3424 haben sie sines pfund vff und verluter
1794 3346 2841 3536 Rhaler gemacht deren 2. semlich zu aus
1798 3448 2820 3608 gefallen, die übrigen aber seyen erfraren
1765 3563 2799 3736 n theils grobend schlecht getanen allenn
1780 3669 2803 3839 sye habend selbige doch nicht beisten vonn
