3024 4032
97 260 217 344 110.
418 402 1462 559 und willen gesächet, seine schlangerschafften
392 503 769 638 zu verborgen.
248 622 364 765 B.
398 642 1474 791 Nein, es habe solchemilt sonderbar verbergen
403 742 1446 871 holten sonderen es habe nicht so geliss gelüssen
408 819 1440 965 das es schwanger seye, wan es aber von der
387 909 1456 1039 herrs huß bare ernstlich befraget worden,
396 1003 1197 1130 hätte es nichts langnenbollen.
263 1167 1456 1333 Hn. Obers das kind niemalenber sich gespüret.
266 1367 1342 1545 K. Es habenicht gebußt, das das bare
287 1605 1450 1747 H. Obes dem Christen in der Siwwandi nichts
389 1691 1389 1844 gesagt, daß er von ihme Schlung er seye
398 1889 1472 2054 Reins heiten es solches nicht gebußt, habe
254 1876 378 2030 B
403 1990 1496 2124 auch denselben seit dem nenn jahr nicht
397 2089 616 2218 gesechen.
381 2258 1439 2417 Obes nicht gesucht die selbanderschafft und
225 2240 341 2408 9.
393 2342 1467 2488 Gamisst getheim zu halten, damit es mit der¬
372 2427 1453 2590 heit den Hanss an der lyg, mit belchem es
378 2538 1150 2682 versprochen, heürathen vonne
381 2704 1189 2883 es halbe wohl nicht solmit dambet
208 2704 316 2848 as
376 2945 1477 3122 weßenbegen es seinem bruder, da sie von
221 2977 332 3127 G.
369 3036 1462 3191 Surydors Änkommen, die hat abgenommen, da
367 3125 1493 3318 derselben sölche doch tragen bollen unders vast¬
375 3207 1470 3386 nicht habe geten kommen, ob es nicht schon der
358 3288 1495 3441 malen den bösen vorsach gehabt, ein kind dar¬
357 3421 848 3558 mit zuo verbergen.
367 3511 1476 3709 es habe alletheil gebohnet etwas zu tragen sund
214 3525 333 3693 d
359 3589 1465 3777 habe es damalen bohl an nichts boses gedenket,
1302 3721 1378 3860 9
1719 373 1828 522 K.
1709 710 1816 839 B.
1723 1164 1813 1297 S.
1722 1598 1823 1788 B
1704 1991 1835 2176 K.
1714 2276 1820 2436 B
1744 2518 1849 2671 H
1743 2806 1854 2948 K.
1736 3141 1836 3276 G
2762 321 2868 414 111.
1870 366 2880 564 Werdenlangen es als er von Burgdorß gekommen,
1861 467 2893 649 in dess räthers khanse und nicht heim zusament
1857 560 2345 696 leüthen gegangen,
1858 732 2857 902 Es wäre ein loenig heister gelesen und habe
1861 825 2835 960 des mitt mehr gehen konnen, wann es nur
2837 905 2869 967 e
1864 899 2886 1035 noch hätte heimgeten kommen, burde das an¬
1861 979 2636 1133 Gluch nicht liederfahren seye.
1858 1160 2889 1327 Weilen die Müiber grad nach seiner Gemiss
1863 1272 2826 1417 zu ihme bekennen, weß anlegenes nicht
1861 1350 2897 1510 abehalb bekent und gesagt habe, daß er in
1852 1437 2132 1577 kind habe.
1873 1611 2897 1802 die muoter seye das erstemahl unnd bonggen
1854 1738 2896 1874 gangen, als sie aber liedergekommen, habe
1857 1811 2136 1933 es bekent.
1833 1992 2910 2149 Obes nicht der mußerin und denen anderen
1870 2103 2920 2251 weiberen gelaugnet, daß es ein kind haben
1864 2300 2502 2455 es habe sich sehr geforchtet.
1852 2521 2911 2665 Obes nicht damalen bekennet, das unnd habe
1869 2626 2675 2767 gelebet, seye aber grad gestorben.
1878 2810 2932 2977 das vonn niemand sagen, hinmahl biss es
1865 2932 2701 3086 selbsten nicht ob das kind geladet.
1850 3116 2898 3270 Obes nicht sein kind, auf dem bodenund
1857 3221 2961 3375 einen hus auch dem seck gehabt, als die Marter
1869 3294 2953 3467 in die stuten gekommen, wie dieselben solches
1876 3402 2128 3534 gefangen.
1801 3507 2942 3690 B. kein es habe sölches neben sich auch dem Sant
2727 3605 2925 3746 gehalt
2900 363 2929 438 3.
