3024 4032
70 234 237 375 191.
468 234 1093 405 Christen Beri
389 420 1427 635 darnach habe der wirth den Burgi
406 560 1434 712 genommen, dieser aber seye bald
403 662 1413 811 harnach gefallen, er Getzung habe
402 748 1205 908 den streich nicht gesehen.
321 940 1382 1133 Frantz Bruner Brenth und
397 1072 1311 1241 Wirth zuo Seedorff, sagt:
1264 1239 1400 1320 gehen
228 1250 1464 1448 Da die vorgesezten habend heim wollen,
395 1354 1447 1516 unnd mit und näben dem grichtsäss
373 1472 1466 1618 bört und dem entlribten Burge
376 1583 1463 1715 schon in dem Hang gebesen, harnach
394 1661 1454 1816 aber hieder in den stuben gekommen,
363 1766 1394 1929 habe er gesehen, daß des burgi
380 1876 1458 2030 gegen den beri gegangen mid
364 1971 1438 2145 ihnn geschlagen, horauf er den
356 2075 1470 2267 salben genommen und zum schrieden
370 2205 1470 2346 gemahnt, als dieser den streit habe
366 2322 1382 2484 erzehlen bollen, seye der herr
383 2432 1414 2587 aufgestanden mid habe mit das
343 2524 1406 2685 ganss ihme dem Burgi einen
349 2595 1462 2823 streich versetzt, sagende dahaß die e
361 2750 1462 2911 zu nezert, da seye der burger grad
362 2851 1475 3042 medergefallen und von Sinnen¬
362 2931 1449 3157 gebesen, auch biss gegen mittags
340 3051 1475 3269 gestorben. der schärer von Lyß¬
327 3179 1478 3368 habe dem entleibtan noch am morgen
327 3276 1443 3481 zu oder gelassen, dieser aber seye
327 3387 1458 3536 niemalen meer zuo seinen sinnen
343 3438 1463 3634 gekommen, in dessen habend alle mit
333 3529 1465 3740 ihme zu Thun gehabt, darbeilen habe.
332 3614 1487 3812 der thäter sich huggemacht, im übrigen leisse
329 3689 1493 3896 er nicht, die oder ber den streit angefangen
1015 3771 1459 3932 8. Niclaus
1396 749 1445 849 2
2771 347 2882 458 195.
1898 292 2496 488 Christen Bern
1681 443 2855 708 Zuo Niclaus Riggeler von Lyss¬
1872 603 2860 797 bey 50. jahren alters nemme sich
1854 683 2341 852 deß arzens an.
2492 737 2681 892 agt.
1822 844 2872 1053 Bendicht Bari, seines veribs
1863 995 2862 1157 hermann, habe ihne durch den
1843 1098 2882 1247 Sohn Christen am montag abholen
1857 1204 2885 1354 lassen, weilen derselbe von einem
1849 1310 2902 1484 ferd geschlagen worden, nach dammen
1873 1416 2906 1581 er dahin gekommen und seine sachen
1873 1538 2886 1664 verrichtet, seye er über Seedorfz¬
1882 1617 2897 1778 mit dem Christen in das wirths¬
1851 1723 2854 1889 hauss gegangen, und habend alda
1878 1838 2918 1979 neben dicken anderen getrunken.
1869 1937 2853 2087 da seye der Burgi zu dem Buri
1879 2044 2914 2205 gekommen, habe selbigen rätschelt,
1888 2146 2919 2302 oder kläpft, habe aber nichtsheiterd
1874 2259 2919 2401 gehört, noch den vortlegel ver¬
1866 2375 2858 2517 standen, leiten er gezeüg
1884 2476 2898 2623 ein schlecht gehör habe der mirth
1872 2592 2833 2734 habe den Burgi beggenommen,
1874 2680 2911 2835 horauf der Beri demselben
1876 2785 2904 2958 einen streich gegeben, so daß er
1890 2890 2899 3069 also bald gefallen, und nicht biedar
1892 2999 2862 3183 zum verstand gekommen.
1879 3126 2930 3277 indeten hierauf allerseits ihre
1883 3266 2257 3390 aussangen.
1859 3308 2806 3505 Actum den gen. Apriler 122.
2441 3550 2804 3708 Relauo
2860 1074 2906 1112 D
