3024 4032
205 104 1189 280 als comiiichario ihre Königli
203 221 1223 402 rähheit dass crondrinzen von
171 313 1233 463 Fenssen, item mit abwelchem
195 402 1324 559 ahsoeitten, als dem verstorbennn
191 490 1330 641 Apocaten harguer und mit dem
192 575 1340 760 außgetrüttennn Harthielen odin¬
178 700 1330 821 iu Oiblen bohnhafft lom auch mit
196 768 1342 916 einem gessen dean Bierre Amnedt
201 863 1330 1026 bey leben gewüsenen wihrten zu
190 964 1301 1144 londen anhabt und herichtet, Clan
187 1069 1358 1214 erhalte, daß er mit megleichen sachen
196 1169 1357 1318 ein handlunck getrinben, ohngeacht
199 1284 1385 1447 aber derselben diß orthigen hoch ober
187 1402 1301 1547 witliche gerordnungen, als
186 1537 1307 1701 chmälig gewonner beledigter
184 1647 1318 1806 Gnrber, für avouiete diensten
183 1783 1263 1899 bohl hatte lösen söllen, habend
201 1864 1268 2030 demnach hochgmacht mughe und
180 1990 1320 2130 obnen einem beliguenten vom
191 2090 1339 2262 hr vohl verdiennet hätte, nicht an¬
201 2201 1337 2341 das luben gruffen, sondern für
186 2303 1366 2449 rucht gnade loalenn laßen söllen.
201 2425 1377 2587 Ginant im dann gnädigst erkent.
185 2560 1396 2727 daß mehr gesagter Pierren Berancois
200 2657 1376 2849 gipier für Lubendlang, ohnn gnad
200 2794 1388 2938 als hinfalswärbers mit dem beritlan
195 2904 1416 3091 auf dem Ruken, in das Schallenber
210 3024 1097 3195 angestmindet werden solle.
200 3169 1317 3314 welche urthuil also biban ihme
190 3264 1324 3419 exaquert worden. Actum coran.
200 3386 1120 3546 200. Der Juni A. 139.
2711 72 2790 133 3.
1610 171 2841 335 zudul an muchen danchen Müller denselben
1627 265 2167 420 desen berichten.
1616 630 2796 792 zedul an herren Mulii Bropectornn daß
1626 738 2856 890 schallenhanses, ihme an befehlen, diehen
1629 837 2830 983 glipier anzunemmen und mit ihme der
1645 946 2545 1091 arthinl gemad zuo Anfahren
1622 1190 2856 1336 zedich, an muhichen und des herriie Kammer
1639 1302 2352 1462 sin deßen zubrichten.
