3024 4032
34 53 193 154 91.
256 66 1459 396 der brotschund zuster, willen
191 206 1437 512 Eaussman er sonderte er kannd sich sigen
364 369 1396 547 daß er dem Bratscher abefohlen, dien
247 434 1437 661 stempfel Bieder zu Brungen theil vor weiberen
326 547 1423 743 halbe so unnd nicht als sinterlang zueren
319 640 1412 828 scherient für die semptel sonderen sin
298 736 1385 938 seinem bett daß hieselbige abgezahlt.
314 814 1391 1004 und darfür eepreß von Landeren
316 908 1335 1093 nach adiel gekommen, bezallten.
205 999 1378 1249 Chüwers erzelten der strathen denn
265 1140 1387 1313 kauffman muoter angen daß erwan man
299 1240 1408 1375 ntund neben dem kichdenach st unnd ihme
291 1318 1393 1479 dem Statschi auch zugeren gebesen, als
270 1402 1397 1573 sie zuo Bielz bein abscheid gesterenmassen
298 1496 1383 1674 die stempfel probiert heimmerter ihnso
298 1608 1401 1766 dad an das itt allleo er domahls gestenn
288 1710 1342 1858 den wie auch das sie mitemander geredet.
318 1778 1376 1960 Der Walssman aber Langnet solcher
129 1879 1405 2043 santzlich und wöllte eim bekentheil bekant
250 1979 1353 2123 ven dens er schor zuvor sich fortgemacht
267 2051 1349 2221 habe, ehr dad probier angefangen
224 2153 1382 2355 Hassli ermert der stats den kauffenn
90 2224 209 2405 G
288 2268 1383 2445 das er und gesagt, als herr Bratsch etlis
284 2373 1370 2509 gelts all seine käsen und für unnd Micher
1339 2508 1379 2554 i
279 2461 1345 2611 und langen geforderet, Er seye sa nur ein
244 2541 1345 2691 Krals auf diesen Stempfli, er seye
214 2630 1354 2788 nie eine kraub bekantt, welche selbige dem
233 2731 1034 2910 tt besser gestoßen halbi
242 2858 1372 3047 Esman Sollten hiervon nich sts wüsen sein
221 2985 878 3130 nderen negiertes gantzliche
169 3086 1368 3251 Dnnachs aller vier lindermachten ange¬
204 3172 1371 3320 in bandres ernstlichen optermasnungen holte
254 3251 1371 3383 der kaufsman denochmachts unnd bekennen,
261 3343 1380 3497 grich liebe also beyde solohl der Gatsch, als der
251 3422 1194 3553 agufmann geden auff seinen reden
174 3496 1345 3628 Welchemnach selbige lieder an ihre ort gefüssen
264 3577 1369 3741 worden und ledlichen wurde har vor beschiden
2772 229 2922 314 1
1728 268 2886 474 Lieneraus Johanes Röttschard
1751 435 2905 596 Dieseiner burder auch sein hub 10. lon. 9.
1648 521 2900 691 G Octobero mit ihme gehaltennd eexami¬
1801 631 2894 791 börtlich vorgelesen und die schlichen
1755 724 2898 897 tragen nochmacht gethand, so her auch vnd
1762 822 2924 1000 vort zuo Wort burther bassarticken
1697 935 2896 1122 darnachburde er garnerd befragt
1599 1117 1684 1213 a
1559 1095 2854 1329 Dran Gie Wiel Stack Wallis Hanns Bern
1784 1223 2882 1371 Crnno batzen sie zu Tiel beyennd er gemacht
1787 1314 2879 1451 als sin dorben die stempfel provertigen
1770 1403 2600 1562 tschlagen aller gemacht, habe s
1794 1524 2881 1674 do kömme sich ohnen glich frmmeren, uner viel
1570 1510 1747 1672 Das
1778 1624 2854 1762 stuk gemacht wordan sägen, noch vie
1761 1704 2829 1858 Manthar deren er zu sinen kunden
1784 1823 2083 1943 genommen.
1613 1881 1730 2063 B.
1804 1893 2826 2081 Glbe dem kratsch mit auch geholffend
1795 2002 2854 2150 eide gegoßenen thaler giessen min seidenn
1598 2085 1739 2197 Al:
1779 2086 2848 2262 darin sieden habe er vermahle geholfen,
1804 2183 2849 2354 aber auß der vom Bratshi presarier
1768 2283 2848 2447 n comprition habend herr Athelche stub
1781 2404 2441 2558 gefallen leist tryben.
1796 2445 2821 2631 Ubb Jagi kann anderen Gattrielia
1596 2454 1728 2625 B.
1792 2582 2779 2734 als das über souiniert im gedachte
1755 2655 2392 2832 k giessen zu können¬
1797 2756 2835 2933 dafinsten habe erfen alter halder kuffers
1603 2767 1747 2925 G.
1785 2868 2832 3022 ner haffendeckel das zuo geben, sonsten aber
1758 2948 2831 3113 Aüsers dem Sibber habe der patschin las überich
1770 3055 2219 3187 der alles soarniert.
2659 3154 2695 3221 6
1781 3141 2771 3331 Geder gegossenen Noualiena Pfund in
1532 3139 1674 3344 E
1748 3253 2761 3418 sins pfundlergricht mehrere auf gegeben
1777 3318 2783 3509 vorden als diegeniges st Stuk, so sine kraub
1772 3421 2792 3598 außgeben die er in sporigen examine
1786 3520 2231 3660 angegeben habe.
1590 3571 2748 3751 Ante Stein richt ein ein zuged mehr, sägen auch
